<?xml version="1.0" encoding="UTF-8"?>
<!DOCTYPE html PUBLIC "-//W3C//DTD XHTML 1.0 Transitional//EN"
    "http://www.w3.org/TR/xhtml1/DTD/xhtml1-transitional.dtd">
<html xmlns="http://www.w3.org/1999/xhtml" xml:lang="en" lang="en">
 <head>
  <title>
</title>
<meta http-equiv="Content-Type" content="text/html;charset=utf-8" />
  <meta name='ocr-system' content='tesseract 3.04.00' />
  <meta name='ocr-capabilities' content='ocr_page ocr_carea ocr_par ocr_line ocrx_word'/>
</head>
<body>
  <div class='ocr_page' id='page_1' title='image "./saxonisgrammatic00saxouoft_0146.png"; bbox 0 0 1884 3126; ppageno 0'>
   <div class='ocr_carea' id='block_1_1' title="bbox 256 894 286 921">
    <p class='ocr_par' dir='ltr' id='par_1_1' title="bbox 256 894 286 921">
     <span class='ocr_line' id='line_1_1' title="bbox 256 894 286 921; baseline -0.067 0"><span class='ocrx_word' id='word_1_1' title='bbox 256 894 286 921; x_wconf 84' lang='lat'>10</span> 
     </span>
    </p>
   </div>
   <div class='ocr_carea' id='block_1_2' title="bbox 252 1184 287 1211">
    <p class='ocr_par' dir='ltr' id='par_1_2' title="bbox 252 1184 287 1211">
     <span class='ocr_line' id='line_1_2' title="bbox 252 1184 287 1211; baseline -0.057 0"><span class='ocrx_word' id='word_1_2' title='bbox 252 1184 287 1211; x_wconf 82' lang='lat'>15</span> 
     </span>
    </p>
   </div>
   <div class='ocr_carea' id='block_1_3' title="bbox 251 1473 287 1500">
    <p class='ocr_par' dir='ltr' id='par_1_3' title="bbox 251 1473 287 1500">
     <span class='ocr_line' id='line_1_3' title="bbox 251 1473 287 1500; baseline -0.056 0"><span class='ocrx_word' id='word_1_3' title='bbox 251 1473 287 1500; x_wconf 74' lang='lat'>20</span> 
     </span>
    </p>
   </div>
   <div class='ocr_carea' id='block_1_4' title="bbox 247 2343 282 2371">
    <p class='ocr_par' dir='ltr' id='par_1_4' title="bbox 247 2343 282 2371">
     <span class='ocr_line' id='line_1_4' title="bbox 247 2343 282 2371; baseline -0.029 0"><span class='ocrx_word' id='word_1_4' title='bbox 247 2343 282 2371; x_wconf 82' lang='lat'>35</span> 
     </span>
    </p>
   </div>
   <div class='ocr_carea' id='block_1_5' title="bbox 248 2635 285 2662">
    <p class='ocr_par' dir='ltr' id='par_1_5' title="bbox 248 2635 285 2662">
     <span class='ocr_line' id='line_1_5' title="bbox 248 2635 285 2662; baseline 0 0"><span class='ocrx_word' id='word_1_5' title='bbox 248 2635 285 2662; x_wconf 82' lang='lat'>40</span> 
     </span>
    </p>
   </div>
   <div class='ocr_carea' id='block_1_6' title="bbox 319 234 1172 284">
    <p class='ocr_par' dir='ltr' id='par_1_6' title="bbox 319 234 1172 284">
     <span class='ocr_line' id='line_1_6' title="bbox 319 234 1172 284; baseline -0.002 -5"><span class='ocrx_word' id='word_1_6' title='bbox 319 238 373 279; x_wconf 86' lang='lat'>52</span> <span class='ocrx_word' id='word_1_7' title='bbox 534 280 537 284; x_wconf 84' lang='grc'>,</span> <span class='ocrx_word' id='word_1_8' title='bbox 900 234 1172 277; x_wconf 80' lang='lat' dir='ltr'>—II—</span> 
     </span>
    </p>
   </div>
   <div class='ocr_carea' id='block_1_7' title="bbox 316 361 1761 1751">
    <p class='ocr_par' dir='ltr' id='par_1_7' title="bbox 316 361 1761 1751">
     <span class='ocr_line' id='line_1_7' title="bbox 320 361 1761 419; baseline 0.001 -14"><span class='ocrx_word' id='word_1_9' title='bbox 320 367 462 406; x_wconf 90' lang='lat' dir='ltr'>mento</span> <span class='ocrx_word' id='word_1_10' title='bbox 516 361 720 405; x_wconf 83' lang='lat' dir='ltr'><strong>nefariam</strong></span> <span class='ocrx_word' id='word_1_11' title='bbox 771 362 907 417; x_wconf 97' lang='lat' dir='ltr'>stupri</span> <span class='ocrx_word' id='word_1_12' title='bbox 955 363 1166 405; x_wconf 80' lang='lat' dir='ltr'>ulcionem</span> <span class='ocrx_word' id='word_1_13' title='bbox 1209 364 1481 419; x_wconf 84' lang='lat' dir='ltr'>excogitauit.</span> <span class='ocrx_word' id='word_1_14' title='bbox 1544 363 1761 419; x_wconf 80' lang='lat' dir='ltr'>Siquidem</span> 
     </span>
     <span class='ocr_line' id='line_1_8' title="bbox 317 419 1760 464; baseline 0.001 -1"><span class='ocrx_word' id='word_1_15' title='bbox 317 422 447 463; x_wconf 89' lang='lat' dir='ltr'>filiam</span> <span class='ocrx_word' id='word_1_16' title='bbox 480 419 635 462; x_wconf 87' lang='lat' dir='ltr'>nubilis</span> <span class='ocrx_word' id='word_1_17' title='bbox 670 420 794 462; x_wconf 88' lang='lat' dir='ltr'>etatis</span> <span class='ocrx_word' id='word_1_18' title='bbox 826 419 876 461; x_wconf 89' lang='lat' dir='ltr'>de</span> <span class='ocrx_word' id='word_1_19' title='bbox 898 419 1104 462; x_wconf 87' lang='lat' dir='ltr'>industria</span> <span class='ocrx_word' id='word_1_20' title='bbox 1124 422 1257 463; x_wconf 89' lang='lat' dir='ltr'>littori</span> <span class='ocrx_word' id='word_1_21' title='bbox 1283 422 1509 464; x_wconf 82' lang='lat' dir='ltr'><strong>immissam</strong></span> <span class='ocrx_word' id='word_1_22' title='bbox 1534 422 1760 464; x_wconf 80' lang='lat' dir='ltr'>concubitu</span> 
     </span>
     <span class='ocr_line' id='line_1_9' title="bbox 319 478 1759 536; baseline 0 -15"><span class='ocrx_word' id='word_1_23' title='bbox 319 483 482 536; x_wconf 86' lang='lat' dir='ltr'>patrem</span> <span class='ocrx_word' id='word_1_24' title='bbox 521 478 735 520; x_wconf 87' lang='lat' dir='ltr'>maculare</span> <span class='ocrx_word' id='word_1_25' title='bbox 775 479 976 533; x_wconf 72' lang='lat' dir='ltr'>precepit.</span> <span class='ocrx_word' id='word_1_26' title='bbox 1039 479 1123 527; x_wconf 83' lang='lat' dir='ltr'>Qui</span> <span class='ocrx_word' id='word_1_27' title='bbox 1163 479 1260 521; x_wconf 91' lang='lat' dir='ltr'>licet</span> <span class='ocrx_word' id='word_1_28' title='bbox 1297 479 1496 522; x_wconf 83' lang='lat' dir='ltr'>insidiose</span> <span class='ocrx_word' id='word_1_29' title='bbox 1527 480 1759 535; x_wconf 89' lang='lat' dir='ltr'>uoluptatis</span> 
     </span>
     <span class='ocr_line' id='line_1_10' title="bbox 318 535 1760 593; baseline 0 -14"><span class='ocrx_word' id='word_1_30' title='bbox 318 536 528 580; x_wconf 82' lang='lat' dir='ltr'>illecebris</span> <span class='ocrx_word' id='word_1_31' title='bbox 561 549 714 591; x_wconf 88' lang='lat' dir='ltr'>corpus</span> <span class='ocrx_word' id='word_1_32' title='bbox 738 535 936 589; x_wconf 87' lang='lat' dir='ltr'>dedisset,</span> <span class='ocrx_word' id='word_1_33' title='bbox 969 537 1096 578; x_wconf 90' lang='lat' dir='ltr'>animi</span> <span class='ocrx_word' id='word_1_34' title='bbox 1119 541 1256 579; x_wconf 84' lang='lat' dir='ltr'>tamen</span> <span class='ocrx_word' id='word_1_35' title='bbox 1284 538 1569 593; x_wconf 75' lang='lat' dir='ltr'>integritatem</span> <span class='ocrx_word' id='word_1_36' title='bbox 1592 539 1760 581; x_wconf 81' lang='lat' dir='ltr'>exuisse</span> 
     </span>
     <span class='ocr_line' id='line_1_11' title="bbox 320 594 1759 650; baseline 0 -14"><span class='ocrx_word' id='word_1_37' title='bbox 320 594 557 637; x_wconf 89' lang='lat' dir='ltr'>credendus</span> <span class='ocrx_word' id='word_1_38' title='bbox 603 608 688 636; x_wconf 92' lang='lat' dir='ltr'>non</span> <span class='ocrx_word' id='word_1_39' title='bbox 736 598 818 646; x_wconf 88' lang='lat' dir='ltr'>est,</span> <span class='ocrx_word' id='word_1_40' title='bbox 867 608 961 635; x_wconf 90' lang='lat' dir='ltr'>cum</span> <span class='ocrx_word' id='word_1_41' title='bbox 1007 595 1045 635; x_wconf 88' lang='lat' dir='ltr'>ei</span> <span class='ocrx_word' id='word_1_42' title='bbox 1090 596 1444 650; x_wconf 82' lang='lat' dir='ltr'>promptissimam</span> <span class='ocrx_word' id='word_1_43' title='bbox 1491 597 1641 637; x_wconf 86' lang='lat' dir='ltr'>erroris</span> <span class='ocrx_word' id='word_1_44' title='bbox 1688 610 1759 638; x_wconf 87' lang='lat' dir='ltr'>ex-</span> 
     </span>
     <span class='ocr_line' id='line_1_12' title="bbox 321 652 1759 707; baseline 0 -13"><span class='ocrx_word' id='word_1_45' title='bbox 321 652 586 694; x_wconf 87' lang='lat' dir='ltr'>cusacionem</span> <span class='ocrx_word' id='word_1_46' title='bbox 636 652 878 707; x_wconf 88' lang='lat' dir='ltr'>ignorancie</span> <span class='ocrx_word' id='word_1_47' title='bbox 939 652 1189 694; x_wconf 89' lang='lat' dir='ltr'>beneficium</span> <span class='ocrx_word' id='word_1_48' title='bbox 1246 654 1430 696; x_wconf 82' lang='lat' dir='ltr'>afferret.</span> <span class='ocrx_word' id='word_1_49' title='bbox 1494 653 1530 695; x_wconf 90' lang='lat' dir='ltr'>O</span> <span class='ocrx_word' id='word_1_50' title='bbox 1563 654 1759 695; x_wconf 81' lang='lat' dir='ltr'>stolidam</span> 
     </span>
     <span class='ocr_line' id='line_1_13' title="bbox 319 709 1760 765; baseline 0.001 -13"><span class='ocrx_word' id='word_1_51' title='bbox 319 714 509 762; x_wconf 86' lang='lat' dir='ltr'>matrem,</span> <span class='ocrx_word' id='word_1_52' title='bbox 545 723 626 765; x_wconf 91' lang='lat' dir='ltr'>que</span> <span class='ocrx_word' id='word_1_53' title='bbox 648 710 731 752; x_wconf 91' lang='lat' dir='ltr'>filie</span> <span class='ocrx_word' id='word_1_54' title='bbox 754 709 1016 765; x_wconf 73' lang='lat' dir='ltr'>pudiciciam,</span> <span class='ocrx_word' id='word_1_55' title='bbox 1049 714 1096 751; x_wconf 89' lang='lat' dir='ltr'>ut</span> <span class='ocrx_word' id='word_1_56' title='bbox 1118 725 1238 753; x_wconf 89' lang='lat' dir='ltr'>suam</span> <span class='ocrx_word' id='word_1_57' title='bbox 1263 712 1552 762; x_wconf 81' lang='lat' dir='ltr'>ulcisceretur,</span> <span class='ocrx_word' id='word_1_58' title='bbox 1585 713 1760 753; x_wconf 78' lang='lat' dir='ltr'>exulare</span> 
     </span>
     <span class='ocr_line' id='line_1_14' title="bbox 319 768 1758 824; baseline 0 -14"><span class='ocrx_word' id='word_1_59' title='bbox 319 769 524 824; x_wconf 84' lang='lat' dir='ltr'>permisit,</span> <span class='ocrx_word' id='word_1_60' title='bbox 555 782 632 810; x_wconf 90' lang='lat' dir='ltr'>nec</span> <span class='ocrx_word' id='word_1_61' title='bbox 665 768 882 823; x_wconf 81' lang='lat' dir='ltr'>sanguinis</span> <span class='ocrx_word' id='word_1_62' title='bbox 914 768 979 809; x_wconf 90' lang='lat' dir='ltr'>sui</span> <span class='ocrx_word' id='word_1_63' title='bbox 1010 769 1246 811; x_wconf 83' lang='lat' dir='ltr'>castitatem</span> <span class='ocrx_word' id='word_1_64' title='bbox 1279 770 1464 823; x_wconf 87' lang='lat' dir='ltr'>curauit,</span> <span class='ocrx_word' id='word_1_65' title='bbox 1504 769 1603 810; x_wconf 92' lang='lat' dir='ltr'>dum</span> <span class='ocrx_word' id='word_1_66' title='bbox 1634 769 1758 811; x_wconf 91' lang='lat' dir='ltr'>modo</span> 
     </span>
     <span class='ocr_line' id='line_1_15' title="bbox 319 826 1759 883; baseline -0.001 -14"><span class='ocrx_word' id='word_1_67' title='bbox 319 827 469 869; x_wconf 87' lang='lat' dir='ltr'>incesti</span> <span class='ocrx_word' id='word_1_68' title='bbox 501 826 686 867; x_wconf 88' lang='lat' dir='ltr'>efficeret</span> <span class='ocrx_word' id='word_1_69' title='bbox 714 839 847 880; x_wconf 86' lang='lat' dir='ltr'>reum,</span> <span class='ocrx_word' id='word_1_70' title='bbox 879 839 953 881; x_wconf 85' lang='lat' dir='ltr'>per</span> <span class='ocrx_word' id='word_1_71' title='bbox 985 839 1107 881; x_wconf 90' lang='lat' dir='ltr'>quem</span> <span class='ocrx_word' id='word_1_72' title='bbox 1137 828 1252 882; x_wconf 88' lang='lat' dir='ltr'>prior</span> <span class='ocrx_word' id='word_1_73' title='bbox 1282 828 1374 883; x_wconf 91' lang='lat' dir='ltr'>ipsa</span> <span class='ocrx_word' id='word_1_74' title='bbox 1398 826 1642 882; x_wconf 79' lang='lat' dir='ltr'>perdiderat</span> <span class='ocrx_word' id='word_1_75' title='bbox 1663 827 1759 869; x_wconf 92' lang='lat' dir='ltr'>celi-</span> 
     </span>
     <span class='ocr_line' id='line_1_16' title="bbox 317 883 1759 950; baseline 0 -24"><span class='ocrx_word' id='word_1_76' title='bbox 317 883 487 927; x_wconf 77' lang='lat' dir='ltr'>batum!</span> <span class='ocrx_word' id='word_1_77' title='bbox 548 883 749 925; x_wconf 88' lang='lat' dir='ltr'>Atrocem</span> <span class='ocrx_word' id='word_1_78' title='bbox 788 883 943 925; x_wconf 88' lang='lat' dir='ltr'>femine</span> <span class='ocrx_word' id='word_1_79' title='bbox 985 889 1191 936; x_wconf 82' lang='lat' dir='ltr'>mentem,</span> <span class='ocrx_word' id='word_1_80' title='bbox 1232 899 1314 950; x_wconf 89' lang='lat' dir='ltr'>que</span> <span class='ocrx_word' id='word_1_81' title='bbox 1355 885 1489 926; x_wconf 91' lang='lat' dir='ltr'>ueluti</span> <span class='ocrx_word' id='word_1_82' title='bbox 1530 885 1759 926; x_wconf 82' lang='lat' dir='ltr'>secundam</span> 
     </span>
     <span class='ocr_line' id='line_1_17' title="bbox 318 942 1759 1008; baseline -0.001 -23"><span class='ocrx_word' id='word_1_83' title='bbox 318 944 384 985; x_wconf 91' lang='lat' dir='ltr'>sui</span> <span class='ocrx_word' id='word_1_84' title='bbox 415 943 742 1008; x_wconf 42' lang='lat' dir='ltr'>corlupcionem·</span> <span class='ocrx_word' id='word_1_85' title='bbox 768 942 809 982; x_wconf 94' lang='lat' dir='ltr'>in</span> <span class='ocrx_word' id='word_1_86' title='bbox 841 955 993 996; x_wconf 88' lang='lat' dir='ltr'>penam</span> <span class='ocrx_word' id='word_1_87' title='bbox 1028 943 1281 998; x_wconf 79' lang='lat' dir='ltr'>cmruptoiis</span> <span class='ocrx_word' id='word_1_88' title='bbox 1305 943 1519 998; x_wconf 81' lang='lat' dir='ltr'>expendit,</span> <span class='ocrx_word' id='word_1_89' title='bbox 1553 957 1645 984; x_wconf 92' lang='lat' dir='ltr'>cum</span> <span class='ocrx_word' id='word_1_90' title='bbox 1677 942 1759 984; x_wconf 92' lang='lat' dir='ltr'>hoc</span> 
     </span>
     <span class='ocr_line' id='line_1_18' title="bbox 319 999 1759 1056; baseline 0 -14"><span class='ocrx_word' id='word_1_91' title='bbox 319 1002 410 1056; x_wconf 89' lang='lat' dir='ltr'>ipso</span> <span class='ocrx_word' id='word_1_92' title='bbox 443 1000 589 1055; x_wconf 86' lang='lat' dir='ltr'>pocius</span> <span class='ocrx_word' id='word_1_93' title='bbox 621 999 814 1041; x_wconf 86' lang='lat' dir='ltr'>iniuriam</span> <span class='ocrx_word' id='word_1_94' title='bbox 848 1013 1025 1054; x_wconf 74' lang='lat' dir='ltr'>augere,</span> <span class='ocrx_word' id='word_1_95' title='bbox 1051 999 1057 1053; x_wconf 77' lang='grc'>1</span> <span class='ocrx_word' id='word_1_96' title='bbox 1087 1014 1212 1055; x_wconf 91' lang='lat' dir='ltr'>quam</span> <span class='ocrx_word' id='word_1_97' title='bbox 1255 1005 1490 1042; x_wconf 83' lang='lat' dir='ltr'>extenuare</span> <span class='ocrx_word' id='word_1_98' title='bbox 1519 1001 1759 1043; x_wconf 87' lang='lat' dir='ltr'>uideretur!</span> 
     </span>
     <span class='ocr_line' id='line_1_19' title="bbox 320 1058 1760 1114; baseline -0.001 -14"><span class='ocrx_word' id='word_1_99' title='bbox 320 1059 487 1114; x_wconf 75' lang='lat' dir='ltr'>Quippe</span> <span class='ocrx_word' id='word_1_100' title='bbox 510 1072 592 1113; x_wconf 93' lang='lat' dir='ltr'>quo</span> <span class='ocrx_word' id='word_1_101' title='bbox 616 1071 660 1099; x_wconf 89' lang='lat' dir='ltr'>se</span> <span class='ocrx_word' id='word_1_102' title='bbox 682 1058 890 1099; x_wconf 89' lang='lat' dir='ltr'>ulcionem</span> <span class='ocrx_word' id='word_1_103' title='bbox 914 1058 1081 1113; x_wconf 87' lang='lat' dir='ltr'>assequi</span> <span class='ocrx_word' id='word_1_104' title='bbox 1104 1073 1140 1100; x_wconf 75' lang='lat' dir='ltr'>ci</span> <span class='ocrx_word' id='word_1_105' title='bbox 1129 1058 1292 1113; x_wconf 85' lang='lat' dir='ltr'>edidit,</span> <span class='ocrx_word' id='word_1_106' title='bbox 1323 1060 1488 1114; x_wconf 89' lang='lat' dir='ltr'>culpam</span> <span class='ocrx_word' id='word_1_107' title='bbox 1512 1060 1760 1111; x_wconf 83' lang='lat' dir='ltr'>construxit,</span> 
     </span>
     <span class='ocr_line' id='line_1_20' title="bbox 318 1115 1760 1170; baseline 0 -12"><span class='ocrx_word' id='word_1_108' title='bbox 318 1121 360 1158; x_wconf 90' lang='lat' dir='ltr'>et</span> <span class='ocrx_word' id='word_1_109' title='bbox 392 1118 492 1157; x_wconf 90' lang='lat' dir='ltr'>dum</span> <span class='ocrx_word' id='word_1_110' title='bbox 523 1130 680 1157; x_wconf 82' lang='lat' dir='ltr'>noxam</span> <span class='ocrx_word' id='word_1_111' title='bbox 717 1115 941 1157; x_wconf 86' lang='lat' dir='ltr'>detrahere</span> <span class='ocrx_word' id='word_1_112' title='bbox 978 1117 1118 1170; x_wconf 86' lang='lat' dir='ltr'>gestit,</span> <span class='ocrx_word' id='word_1_113' title='bbox 1149 1116 1266 1158; x_wconf 87' lang='lat' dir='ltr'>nefas</span> <span class='ocrx_word' id='word_1_114' title='bbox 1304 1116 1469 1170; x_wconf 87' lang='lat' dir='ltr'>adiecit,</span> <span class='ocrx_word' id='word_1_115' title='bbox 1502 1117 1658 1158; x_wconf 92' lang='lat' dir='ltr'>sobolis</span> <span class='ocrx_word' id='word_1_116' title='bbox 1687 1131 1760 1158; x_wconf 88' lang='lat' dir='ltr'>sue</span> 
     </span>
     <span class='ocr_line' id='line_1_21' title="bbox 317 1173 1760 1230; baseline 0 -15"><span class='ocrx_word' id='word_1_117' title='bbox 317 1188 544 1216; x_wconf 87' lang='lat' dir='ltr'>nouercam</span> <span class='ocrx_word' id='word_1_118' title='bbox 576 1173 765 1228; x_wconf 86' lang='lat' dir='ltr'>agendo,</span> <span class='ocrx_word' id='word_1_119' title='bbox 807 1173 945 1223; x_wconf 87' lang='lat' dir='ltr'>cuius,</span> <span class='ocrx_word' id='word_1_120' title='bbox 983 1178 1030 1215; x_wconf 94' lang='lat' dir='ltr'>ut</span> <span class='ocrx_word' id='word_1_121' title='bbox 1059 1175 1274 1229; x_wconf 87' lang='lat' dir='ltr'>propriam</span> <span class='ocrx_word' id='word_1_122' title='bbox 1308 1175 1500 1230; x_wconf 87' lang='lat' dir='ltr'>expiaret</span> <span class='ocrx_word' id='word_1_123' title='bbox 1530 1174 1760 1227; x_wconf 86' lang='lat' dir='ltr'>infamiam,</span> 
     </span>
     <span class='ocr_line' id='line_1_22' title="bbox 318 1231 1759 1287; baseline 0 -13"><span class='ocrx_word' id='word_1_124' title='bbox 318 1232 483 1286; x_wconf 81' lang='lat' dir='ltr'>flagicio</span> <span class='ocrx_word' id='word_1_125' title='bbox 525 1247 608 1274; x_wconf 91' lang='lat' dir='ltr'>non</span> <span class='ocrx_word' id='word_1_126' title='bbox 650 1232 851 1287; x_wconf 89' lang='lat' dir='ltr'>pepercit.</span> <span class='ocrx_word' id='word_1_127' title='bbox 912 1231 1002 1272; x_wconf 87' lang='lat' dir='ltr'>Nec</span> <span class='ocrx_word' id='word_1_128' title='bbox 1034 1231 1207 1273; x_wconf 92' lang='lat' dir='ltr'>dubium</span> <span class='ocrx_word' id='word_1_129' title='bbox 1238 1232 1414 1274; x_wconf 88' lang='lat' dir='ltr'>eandem</span> <span class='ocrx_word' id='word_1_130' title='bbox 1451 1233 1651 1274; x_wconf 88' lang='lat' dir='ltr'>refertum</span> <span class='ocrx_word' id='word_1_131' title='bbox 1682 1233 1759 1274; x_wconf 90' lang='lat' dir='ltr'>im-</span> 
     </span>
     <span class='ocr_line' id='line_1_23' title="bbox 317 1289 1760 1346; baseline 0.001 -15"><span class='ocrx_word' id='word_1_132' title='bbox 317 1290 526 1346; x_wconf 88' lang='lat' dir='ltr'>pudencia</span> <span class='ocrx_word' id='word_1_133' title='bbox 557 1290 742 1331; x_wconf 86' lang='lat' dir='ltr'>animum</span> <span class='ocrx_word' id='word_1_134' title='bbox 773 1289 964 1344; x_wconf 84' lang='lat' dir='ltr'>gessisse,</span> <span class='ocrx_word' id='word_1_135' title='bbox 998 1290 1114 1331; x_wconf 85' lang='lat' dir='ltr'>cuius</span> <span class='ocrx_word' id='word_1_136' title='bbox 1145 1293 1288 1331; x_wconf 87' lang='lat' dir='ltr'>tantus</span> <span class='ocrx_word' id='word_1_137' title='bbox 1320 1305 1345 1331; x_wconf 89' lang='lat' dir='ltr'>a</span> <span class='ocrx_word' id='word_1_138' title='bbox 1375 1290 1536 1346; x_wconf 87' lang='lat' dir='ltr'>pudore</span> <span class='ocrx_word' id='word_1_139' title='bbox 1562 1304 1760 1332; x_wconf 85' lang='lat' dir='ltr'>excessus</span> 
     </span>
     <span class='ocr_line' id='line_1_24' title="bbox 319 1348 1758 1403; baseline 0.001 -14"><span class='ocrx_word' id='word_1_140' title='bbox 319 1352 420 1398; x_wconf 88' lang='lat' dir='ltr'>erat,</span> <span class='ocrx_word' id='word_1_141' title='bbox 444 1353 491 1389; x_wconf 88' lang='lat' dir='ltr'>ut</span> <span class='ocrx_word' id='word_1_142' title='bbox 512 1348 661 1389; x_wconf 91' lang='lat' dir='ltr'>iniurie</span> <span class='ocrx_word' id='word_1_143' title='bbox 685 1348 888 1389; x_wconf 87' lang='lat' dir='ltr'>solacium</span> <span class='ocrx_word' id='word_1_144' title='bbox 911 1348 995 1390; x_wconf 86' lang='lat' dir='ltr'>filie</span> <span class='ocrx_word' id='word_1_145' title='bbox 1019 1348 1175 1403; x_wconf 85' lang='lat' dir='ltr'>probro</span> <span class='ocrx_word' id='word_1_146' title='bbox 1198 1353 1346 1403; x_wconf 89' lang='lat' dir='ltr'>petere</span> <span class='ocrx_word' id='word_1_147' title='bbox 1367 1362 1451 1389; x_wconf 92' lang='lat' dir='ltr'>non</span> <span class='ocrx_word' id='word_1_148' title='bbox 1474 1348 1758 1391; x_wconf 88' lang='lat' dir='ltr'>erubesceret.</span> 
     </span>
     <span class='ocr_line' id='line_1_25' title="bbox 318 1405 1756 1462; baseline 0 -15"><span class='ocrx_word' id='word_1_149' title='bbox 318 1406 535 1461; x_wconf 83' lang='lat' dir='ltr'>Magnum,</span> <span class='ocrx_word' id='word_1_150' title='bbox 568 1406 641 1448; x_wconf 88' lang='lat' dir='ltr'>sed</span> <span class='ocrx_word' id='word_1_151' title='bbox 672 1420 756 1447; x_wconf 91' lang='lat' dir='ltr'>uno</span> <span class='ocrx_word' id='word_1_152' title='bbox 780 1405 989 1460; x_wconf 86' lang='lat' dir='ltr'>expiabile</span> <span class='ocrx_word' id='word_1_153' title='bbox 1011 1406 1158 1458; x_wconf 88' lang='lat' dir='ltr'>scelus,</span> <span class='ocrx_word' id='word_1_154' title='bbox 1193 1406 1308 1462; x_wconf 89' lang='lat' dir='ltr'>quod</span> <span class='ocrx_word' id='word_1_155' title='bbox 1331 1406 1579 1448; x_wconf 86' lang='lat' dir='ltr'>concubitus</span> <span class='ocrx_word' id='word_1_156' title='bbox 1605 1412 1756 1448; x_wconf 82' lang='lat' dir='ltr'>noxam</span> 
     </span>
     <span class='ocr_line' id='line_1_26' title="bbox 318 1463 1760 1519; baseline 0.001 -15"><span class='ocrx_word' id='word_1_157' title='bbox 318 1464 457 1505; x_wconf 88' lang='lat' dir='ltr'>fausta</span> <span class='ocrx_word' id='word_1_158' title='bbox 487 1465 628 1519; x_wconf 88' lang='lat' dir='ltr'>proles</span> <span class='ocrx_word' id='word_1_159' title='bbox 647 1463 835 1516; x_wconf 87' lang='lat' dir='ltr'>detersit,</span> <span class='ocrx_word' id='word_1_160' title='bbox 867 1477 1006 1518; x_wconf 90' lang='lat' dir='ltr'>neque</span> <span class='ocrx_word' id='word_1_161' title='bbox 1034 1464 1231 1518; x_wconf 88' lang='lat' dir='ltr'>opinione</span> <span class='ocrx_word' id='word_1_162' title='bbox 1262 1465 1436 1515; x_wconf 85' lang='lat' dir='ltr'>tristius,</span> <span class='ocrx_word' id='word_1_163' title='bbox 1469 1478 1593 1519; x_wconf 88' lang='lat' dir='ltr'>quam</span> <span class='ocrx_word' id='word_1_164' title='bbox 1624 1464 1760 1505; x_wconf 79' lang='lat' dir='ltr'>fructu</span> 
     </span>
     <span class='ocr_line' id='line_1_27' title="bbox 317 1521 1759 1576; baseline 0 -14"><span class='ocrx_word' id='word_1_165' title='bbox 317 1522 538 1564; x_wconf 81' lang='lat' dir='ltr'>iocundius</span> <span class='ocrx_word' id='word_1_166' title='bbox 570 1521 662 1564; x_wconf 86' lang='lat' dir='ltr'>fuit.</span> <span class='ocrx_word' id='word_1_167' title='bbox 724 1521 939 1576; x_wconf 84' lang='lat' dir='ltr'>Siquidem</span> <span class='ocrx_word' id='word_1_168' title='bbox 980 1522 1147 1576; x_wconf 87' lang='lat' dir='ltr'>genitus</span> <span class='ocrx_word' id='word_1_169' title='bbox 1194 1535 1248 1563; x_wconf 84' lang='lat' dir='ltr'>ex</span> <span class='ocrx_word' id='word_1_170' title='bbox 1278 1522 1389 1563; x_wconf 89' lang='lat' dir='ltr'>Vrsa</span> <span class='ocrx_word' id='word_1_171' title='bbox 1421 1522 1590 1576; x_wconf 89' lang='lat' dir='ltr'>Rolpho</span> <span class='ocrx_word' id='word_1_172' title='bbox 1644 1527 1759 1563; x_wconf 85' lang='lat' dir='ltr'>ortus</span> 
     </span>
     <span class='ocr_line' id='line_1_28' title="bbox 317 1579 1759 1635; baseline -0.001 -14"><span class='ocrx_word' id='word_1_173' title='bbox 317 1581 382 1621; x_wconf 87' lang='lat' dir='ltr'>sui</span> <span class='ocrx_word' id='word_1_174' title='bbox 402 1579 617 1621; x_wconf 89' lang='lat' dir='ltr'>infamiam</span> <span class='ocrx_word' id='word_1_175' title='bbox 640 1579 877 1634; x_wconf 84' lang='lat' dir='ltr'>conspicuis</span> <span class='ocrx_word' id='word_1_176' title='bbox 899 1580 1123 1634; x_wconf 87' lang='lat' dir='ltr'>probitatis</span> <span class='ocrx_word' id='word_1_177' title='bbox 1147 1580 1344 1635; x_wconf 87' lang='lat' dir='ltr'>operibus</span> <span class='ocrx_word' id='word_1_178' title='bbox 1366 1580 1555 1630; x_wconf 89' lang='lat' dir='ltr'>redemit,</span> <span class='ocrx_word' id='word_1_179' title='bbox 1581 1594 1759 1634; x_wconf 89' lang='lat' dir='ltr'>quorum</span> 
     </span>
     <span class='ocr_line' id='line_1_29' title="bbox 318 1637 1758 1693; baseline -0.001 -13"><span class='ocrx_word' id='word_1_180' title='bbox 318 1638 518 1680; x_wconf 82' lang='lat' dir='ltr'>eximium</span> <span class='ocrx_word' id='word_1_181' title='bbox 559 1637 767 1692; x_wconf 85' lang='lat' dir='ltr'>fulgorem</span> <span class='ocrx_word' id='word_1_182' title='bbox 812 1637 945 1678; x_wconf 91' lang='lat' dir='ltr'>omnis</span> <span class='ocrx_word' id='word_1_183' title='bbox 986 1638 1057 1679; x_wconf 84' lang='lat' dir='ltr'>eui</span> <span class='ocrx_word' id='word_1_184' title='bbox 1102 1638 1304 1679; x_wconf 88' lang='lat' dir='ltr'>memoria</span> <span class='ocrx_word' id='word_1_185' title='bbox 1350 1639 1538 1693; x_wconf 89' lang='lat' dir='ltr'>specioso</span> <span class='ocrx_word' id='word_1_186' title='bbox 1584 1638 1758 1679; x_wconf 91' lang='lat' dir='ltr'>laudum</span> 
     </span>
     <span class='ocr_line' id='line_1_30' title="bbox 316 1694 1759 1751; baseline 0.001 -16"><span class='ocrx_word' id='word_1_187' title='bbox 316 1697 516 1751; x_wconf 87' lang='lat' dir='ltr'>preconio</span> <span class='ocrx_word' id='word_1_188' title='bbox 551 1696 752 1737; x_wconf 86' lang='lat' dir='ltr'>celebrat.</span> <span class='ocrx_word' id='word_1_189' title='bbox 806 1694 876 1736; x_wconf 81' lang='lat' dir='ltr'>Fit</span> <span class='ocrx_word' id='word_1_190' title='bbox 908 1695 1030 1748; x_wconf 90' lang='lat' dir='ltr'>enim,</span> <span class='ocrx_word' id='word_1_191' title='bbox 1063 1702 1110 1737; x_wconf 91' lang='lat' dir='ltr'>ut</span> <span class='ocrx_word' id='word_1_192' title='bbox 1140 1696 1236 1737; x_wconf 89' lang='lat' dir='ltr'>letis</span> <span class='ocrx_word' id='word_1_193' title='bbox 1268 1695 1462 1750; x_wconf 84' lang='lat' dir='ltr'>lugubria</span> <span class='ocrx_word' id='word_1_194' title='bbox 1493 1697 1692 1738; x_wconf 86' lang='lat' dir='ltr'>finiantur</span> <span class='ocrx_word' id='word_1_195' title='bbox 1717 1700 1759 1737; x_wconf 91' lang='lat' dir='ltr'>et</span> 
     </span>
    </p>
   </div>
   <div class='ocr_carea' id='block_1_8' title="bbox 271 1752 1759 1809">
    <p class='ocr_par' dir='ltr' id='par_1_8' title="bbox 271 1752 1759 1809">
     <span class='ocr_line' id='line_1_31' title="bbox 271 1752 1759 1809; baseline -0.001 -15"><span class='ocrx_word' id='word_1_196' title='bbox 271 1763 284 1788; x_wconf 63' lang='grc' dir='ltr'>Γ</span> <span class='ocrx_word' id='word_1_197' title='bbox 316 1754 357 1794; x_wconf 91' lang='lat' dir='ltr'>in</span> <span class='ocrx_word' id='word_1_198' title='bbox 390 1756 604 1808; x_wconf 88' lang='lat' dir='ltr'>speciosos</span> <span class='ocrx_word' id='word_1_199' title='bbox 635 1753 773 1795; x_wconf 80' lang='lat' dir='ltr'>exitus</span> <span class='ocrx_word' id='word_1_200' title='bbox 820 1754 997 1808; x_wconf 84' lang='lat' dir='ltr'>turpiter</span> <span class='ocrx_word' id='word_1_201' title='bbox 1038 1754 1255 1809; x_wconf 87' lang='lat' dir='ltr'>auspicata</span> <span class='ocrx_word' id='word_1_202' title='bbox 1295 1752 1562 1795; x_wconf 84' lang='lat' dir='ltr'>con*cedant.</span> <span class='ocrx_word' id='word_1_203' title='bbox 1624 1753 1759 1808; x_wconf 85' lang='lat' dir='ltr'>Igitur</span> 
     </span>
    </p>
   </div>
   <div class='ocr_carea' id='block_1_9' title="bbox 315 1810 1761 2040">
    <p class='ocr_par' dir='ltr' id='par_1_9' title="bbox 315 1810 1759 1924">
     <span class='ocr_line' id='line_1_32' title="bbox 317 1810 1759 1868; baseline -0.001 -15"><span class='ocrx_word' id='word_1_204' title='bbox 317 1816 364 1853; x_wconf 91' lang='lat' dir='ltr'>ut</span> <span class='ocrx_word' id='word_1_205' title='bbox 402 1812 666 1867; x_wconf 86' lang='lat' dir='ltr'>flagiciosus,</span> <span class='ocrx_word' id='word_1_206' title='bbox 709 1812 768 1852; x_wconf 89' lang='lat' dir='ltr'>ita</span> <span class='ocrx_word' id='word_1_207' title='bbox 809 1810 910 1852; x_wconf 85' lang='lat' dir='ltr'>felix</span> <span class='ocrx_word' id='word_1_208' title='bbox 950 1811 1080 1866; x_wconf 90' lang='lat' dir='ltr'>patris</span> <span class='ocrx_word' id='word_1_209' title='bbox 1122 1825 1238 1853; x_wconf 85' lang='lat' dir='ltr'>error</span> <span class='ocrx_word' id='word_1_210' title='bbox 1281 1812 1444 1865; x_wconf 88' lang='lat' dir='ltr'>extitit,</span> <span class='ocrx_word' id='word_1_211' title='bbox 1484 1826 1608 1868; x_wconf 90' lang='lat' dir='ltr'>quem</span> <span class='ocrx_word' id='word_1_212' title='bbox 1641 1815 1759 1852; x_wconf 84' lang='lat' dir='ltr'>tanta</span> 
     </span>
     <span class='ocr_line' id='line_1_33' title="bbox 315 1868 1346 1924; baseline 0.001 -14"><span class='ocrx_word' id='word_1_213' title='bbox 315 1869 408 1912; x_wconf 92' lang='lat' dir='ltr'>luce</span> <span class='ocrx_word' id='word_1_214' title='bbox 441 1870 641 1911; x_wconf 83' lang='lat' dir='ltr'>mirificus</span> <span class='ocrx_word' id='word_1_215' title='bbox 672 1873 769 1924; x_wconf 89' lang='lat' dir='ltr'>post</span> <span class='ocrx_word' id='word_1_216' title='bbox 794 1868 964 1910; x_wconf 89' lang='lat' dir='ltr'>modum</span> <span class='ocrx_word' id='word_1_217' title='bbox 995 1868 1105 1910; x_wconf 84' lang='lat' dir='ltr'>filius</span> <span class='ocrx_word' id='word_1_218' title='bbox 1141 1870 1346 1924; x_wconf 88' lang='lat' dir='ltr'>expiauit.</span> 
     </span>
    </p>

    <p class='ocr_par' dir='ltr' id='par_1_10' title="bbox 317 1926 1761 2040">
     <span class='ocr_line' id='line_1_34' title="bbox 453 1926 1759 1982; baseline -0.001 -14"><span class='ocrx_word' id='word_1_219' title='bbox 453 1927 625 1970; x_wconf 88' lang='lat' dir='ltr'>Interea</span> <span class='ocrx_word' id='word_1_220' title='bbox 666 1927 867 1981; x_wconf 79' lang='lat' dir='ltr'>Regnero</span> <span class='ocrx_word' id='word_1_221' title='bbox 909 1926 1021 1982; x_wconf 89' lang='lat' dir='ltr'>apud</span> <span class='ocrx_word' id='word_1_222' title='bbox 1064 1926 1254 1968; x_wconf 83' lang='lat' dir='ltr'>Suetiam</span> <span class='ocrx_word' id='word_1_223' title='bbox 1303 1927 1526 1980; x_wconf 89' lang='lat' dir='ltr'>defuncto,</span> <span class='ocrx_word' id='word_1_224' title='bbox 1575 1928 1759 1968; x_wconf 87' lang='lat' dir='ltr'>coniunx</span> 
     </span>
     <span class='ocr_line' id='line_1_35' title="bbox 317 1984 1761 2040; baseline -0.001 -14"><span class='ocrx_word' id='word_1_225' title='bbox 317 1986 406 2026; x_wconf 89' lang='lat' dir='ltr'>eius</span> <span class='ocrx_word' id='word_1_226' title='bbox 438 1985 674 2027; x_wconf 81' lang='lat' dir='ltr'>Suanhuita</span> <span class='ocrx_word' id='word_1_227' title='bbox 706 1999 840 2039; x_wconf 86' lang='lat' dir='ltr'>paruo</span> <span class='ocrx_word' id='word_1_228' title='bbox 874 1989 969 2040; x_wconf 89' lang='lat' dir='ltr'>post</span> <span class='ocrx_word' id='word_1_229' title='bbox 1003 1988 1044 2026; x_wconf 89' lang='lat' dir='ltr'>et</span> <span class='ocrx_word' id='word_1_230' title='bbox 1075 1984 1166 2039; x_wconf 89' lang='lat' dir='ltr'>ipsa</span> <span class='ocrx_word' id='word_1_231' title='bbox 1197 1984 1341 2026; x_wconf 88' lang='lat' dir='ltr'>morbo</span> <span class='ocrx_word' id='word_1_232' title='bbox 1374 1999 1428 2026; x_wconf 86' lang='lat' dir='ltr'>ex</span> <span class='ocrx_word' id='word_1_233' title='bbox 1450 1985 1638 2026; x_wconf 88' lang='lat' dir='ltr'>mesticia</span> <span class='ocrx_word' id='word_1_234' title='bbox 1665 1997 1761 2026; x_wconf 92' lang='lat' dir='ltr'>con-</span> 
     </span>
    </p>
   </div>
   <div class='ocr_carea' id='block_1_10' title="bbox 249 2042 1760 2097">
    <p class='ocr_par' dir='ltr' id='par_1_11' title="bbox 249 2042 1760 2097">
     <span class='ocr_line' id='line_1_36' title="bbox 249 2042 1760 2097; baseline -0.001 -13"><span class='ocrx_word' id='word_1_235' title='bbox 249 2054 263 2080; x_wconf 67' lang='lat'>-0</span> <span class='ocrx_word' id='word_1_236' title='bbox 315 2043 681 2096; x_wconf 85' lang='lat' dir='ltr'>tractodecedit,</span> <span class='ocrx_word' id='word_1_237' title='bbox 728 2043 815 2084; x_wconf 88' lang='lat' dir='ltr'>fato</span> <span class='ocrx_word' id='word_1_238' title='bbox 860 2043 996 2084; x_wconf 88' lang='lat' dir='ltr'>uirum</span> <span class='ocrx_word' id='word_1_239' title='bbox 1039 2043 1250 2095; x_wconf 87' lang='lat' dir='ltr'>insecuta,</span> <span class='ocrx_word' id='word_1_240' title='bbox 1292 2057 1317 2084; x_wconf 91' lang='lat' dir='ltr'>a</span> <span class='ocrx_word' id='word_1_241' title='bbox 1349 2056 1432 2097; x_wconf 91' lang='lat' dir='ltr'>quo</span> <span class='ocrx_word' id='word_1_242' title='bbox 1465 2043 1554 2084; x_wconf 84' lang='lat' dir='ltr'>uita</span> <span class='ocrx_word' id='word_1_243' title='bbox 1586 2042 1760 2084; x_wconf 85' lang='lat' dir='ltr'>distrahi</span> 
     </span>
    </p>
   </div>
   <div class='ocr_carea' id='block_1_11' title="bbox 314 2100 1761 2679">
    <p class='ocr_par' dir='ltr' id='par_1_12' title="bbox 314 2100 1761 2679">
     <span class='ocr_line' id='line_1_37' title="bbox 316 2100 1761 2157; baseline -0.002 -14"><span class='ocrx_word' id='word_1_244' title='bbox 316 2116 442 2157; x_wconf 85' lang='lat' dir='ltr'>passa</span> <span class='ocrx_word' id='word_1_245' title='bbox 475 2116 559 2143; x_wconf 90' lang='lat' dir='ltr'>non</span> <span class='ocrx_word' id='word_1_246' title='bbox 592 2100 742 2142; x_wconf 86' lang='lat' dir='ltr'>fuerat.</span> <span class='ocrx_word' id='word_1_247' title='bbox 804 2100 918 2142; x_wconf 86' lang='lat' dir='ltr'>Fieri</span> <span class='ocrx_word' id='word_1_248' title='bbox 949 2114 1130 2155; x_wconf 87' lang='lat' dir='ltr'>namque</span> <span class='ocrx_word' id='word_1_249' title='bbox 1162 2101 1288 2152; x_wconf 87' lang='lat' dir='ltr'>solet,</span> <span class='ocrx_word' id='word_1_250' title='bbox 1321 2106 1368 2141; x_wconf 89' lang='lat' dir='ltr'>ut</span> <span class='ocrx_word' id='word_1_251' title='bbox 1400 2100 1569 2155; x_wconf 89' lang='lat' dir='ltr'>quidam</span> <span class='ocrx_word' id='word_1_252' title='bbox 1604 2100 1658 2141; x_wconf 91' lang='lat' dir='ltr'>ob</span> <span class='ocrx_word' id='word_1_253' title='bbox 1690 2115 1761 2141; x_wconf 91' lang='lat' dir='ltr'>cx-</span> 
     </span>
     <span class='ocr_line' id='line_1_38' title="bbox 317 2158 1760 2214; baseline -0.001 -14"><span class='ocrx_word' id='word_1_254' title='bbox 317 2159 455 2200; x_wconf 87' lang='lat' dir='ltr'>imiam</span> <span class='ocrx_word' id='word_1_255' title='bbox 501 2159 744 2210; x_wconf 89' lang='lat' dir='ltr'>caritatem,</span> <span class='ocrx_word' id='word_1_256' title='bbox 782 2172 908 2214; x_wconf 87' lang='lat' dir='ltr'>quam</span> <span class='ocrx_word' id='word_1_257' title='bbox 938 2159 1049 2200; x_wconf 90' lang='lat' dir='ltr'>uiuis</span> <span class='ocrx_word' id='word_1_258' title='bbox 1081 2158 1386 2213; x_wconf 85' lang='lat' dir='ltr'>impenderant,</span> <span class='ocrx_word' id='word_1_259' title='bbox 1422 2158 1552 2199; x_wconf 91' lang='lat' dir='ltr'>eciam</span> <span class='ocrx_word' id='word_1_260' title='bbox 1573 2158 1661 2199; x_wconf 91' lang='lat' dir='ltr'>uita</span> <span class='ocrx_word' id='word_1_261' title='bbox 1688 2173 1760 2199; x_wconf 88' lang='lat' dir='ltr'>ex-</span> 
     </span>
     <span class='ocr_line' id='line_1_39' title="bbox 318 2215 1761 2259; baseline -0.002 -1"><span class='ocrx_word' id='word_1_262' title='bbox 318 2217 515 2259; x_wconf 87' lang='lat' dir='ltr'>cedentes</span> <span class='ocrx_word' id='word_1_263' title='bbox 548 2216 738 2258; x_wconf 88' lang='lat' dir='ltr'>comitari</span> <span class='ocrx_word' id='word_1_264' title='bbox 770 2215 1041 2258; x_wconf 89' lang='lat' dir='ltr'>contendant.</span> <span class='ocrx_word' id='word_1_265' title='bbox 1103 2215 1182 2258; x_wconf 87' lang='lat' dir='ltr'>His</span> <span class='ocrx_word' id='word_1_266' title='bbox 1214 2216 1325 2257; x_wconf 87' lang='lat' dir='ltr'>filius</span> <span class='ocrx_word' id='word_1_267' title='bbox 1357 2215 1638 2258; x_wconf 88' lang='lat' dir='ltr'>Hothbrodus</span> <span class='ocrx_word' id='word_1_268' title='bbox 1669 2228 1761 2256; x_wconf 89' lang='lat' dir='ltr'>suc-</span> 
     </span>
     <span class='ocr_line' id='line_1_40' title="bbox 317 2273 1760 2331; baseline -0.001 -15"><span class='ocrx_word' id='word_1_269' title='bbox 317 2275 441 2329; x_wconf 89' lang='lat' dir='ltr'>cedit,</span> <span class='ocrx_word' id='word_1_270' title='bbox 475 2275 546 2331; x_wconf 90' lang='lat' dir='ltr'>qui</span> <span class='ocrx_word' id='word_1_271' title='bbox 574 2274 816 2330; x_wconf 84' lang='lat' dir='ltr'>proferendi</span> <span class='ocrx_word' id='word_1_272' title='bbox 848 2275 1012 2329; x_wconf 87' lang='lat' dir='ltr'>imperii</span> <span class='ocrx_word' id='word_1_273' title='bbox 1052 2273 1190 2319; x_wconf 79' lang='lat' dir='ltr'>studio</span> <span class='ocrx_word' id='word_1_274' title='bbox 1224 2274 1387 2315; x_wconf 83' lang='lat' dir='ltr'>Orienti</span> <span class='ocrx_word' id='word_1_275' title='bbox 1420 2273 1578 2316; x_wconf 90' lang='lat' dir='ltr'>bellum</span> <span class='ocrx_word' id='word_1_276' title='bbox 1608 2273 1760 2326; x_wconf 86' lang='lat' dir='ltr'>intulit,</span> 
     </span>
     <span class='ocr_line' id='line_1_41' title="bbox 318 2331 1760 2387; baseline -0.002 -13"><span class='ocrx_word' id='word_1_277' title='bbox 318 2347 366 2375; x_wconf 88' lang='lat' dir='ltr'>ac</span> <span class='ocrx_word' id='word_1_278' title='bbox 396 2338 495 2387; x_wconf 90' lang='lat' dir='ltr'>post</span> <span class='ocrx_word' id='word_1_279' title='bbox 516 2333 765 2374; x_wconf 86' lang='lat' dir='ltr'>immensam</span> <span class='ocrx_word' id='word_1_280' title='bbox 787 2333 1042 2387; x_wconf 89' lang='lat' dir='ltr'>populorum</span> <span class='ocrx_word' id='word_1_281' title='bbox 1066 2331 1227 2373; x_wconf 88' lang='lat' dir='ltr'>cladem</span> <span class='ocrx_word' id='word_1_282' title='bbox 1250 2331 1431 2373; x_wconf 89' lang='lat' dir='ltr'>Atislum</span> <span class='ocrx_word' id='word_1_283' title='bbox 1462 2335 1502 2373; x_wconf 91' lang='lat' dir='ltr'>et</span> <span class='ocrx_word' id='word_1_284' title='bbox 1524 2331 1760 2373; x_wconf 73' lang='lat' dir='ltr'>Hotherum</span> 
     </span>
     <span class='ocr_line' id='line_1_42' title="bbox 316 2388 1760 2445; baseline -0.003 -13"><span class='ocrx_word' id='word_1_285' title='bbox 316 2391 424 2432; x_wconf 89' lang='lat' dir='ltr'>filios</span> <span class='ocrx_word' id='word_1_286' title='bbox 457 2391 712 2445; x_wconf 57' lang='lat' dir='ltr'>procreauit.</span> <span class='ocrx_word' id='word_1_287' title='bbox 754 2390 934 2431; x_wconf 81' lang='lat' dir='ltr'>Eisdem</span> <span class='ocrx_word' id='word_1_288' title='bbox 966 2389 1181 2431; x_wconf 82' lang='lat' dir='ltr'>Geuarum</span> <span class='ocrx_word' id='word_1_289' title='bbox 1213 2388 1437 2445; x_wconf 89' lang='lat' dir='ltr'>quendam,</span> <span class='ocrx_word' id='word_1_290' title='bbox 1472 2389 1651 2444; x_wconf 85' lang='lat' dir='ltr'>egregiis</span> <span class='ocrx_word' id='word_1_291' title='bbox 1682 2388 1760 2429; x_wconf 91' lang='lat' dir='ltr'>sibi</span> 
     </span>
     <span class='ocr_line' id='line_1_43' title="bbox 315 2446 1759 2503; baseline -0.002 -13"><span class='ocrx_word' id='word_1_292' title='bbox 315 2447 474 2491; x_wconf 88' lang='lat' dir='ltr'>meritis</span> <span class='ocrx_word' id='word_1_293' title='bbox 493 2448 748 2498; x_wconf 88' lang='lat' dir='ltr'>deuinctum,</span> <span class='ocrx_word' id='word_1_294' title='bbox 770 2447 1042 2503; x_wconf 86' lang='lat' dir='ltr'>pedagogum</span> <span class='ocrx_word' id='word_1_295' title='bbox 1065 2447 1232 2489; x_wconf 88' lang='lat' dir='ltr'>adciuit.</span> <span class='ocrx_word' id='word_1_296' title='bbox 1266 2446 1354 2488; x_wconf 88' lang='lat' dir='ltr'>Nec</span> <span class='ocrx_word' id='word_1_297' title='bbox 1372 2447 1558 2489; x_wconf 87' lang='lat' dir='ltr'>Orientis</span> <span class='ocrx_word' id='word_1_298' title='bbox 1582 2446 1759 2487; x_wconf 89' lang='lat' dir='ltr'>uictoria</span> 
     </span>
     <span class='ocr_line' id='line_1_44' title="bbox 316 2504 1759 2560; baseline -0.003 -13"><span class='ocrx_word' id='word_1_299' title='bbox 316 2509 552 2559; x_wconf 87' lang='lat' dir='ltr'>contentus,</span> <span class='ocrx_word' id='word_1_300' title='bbox 584 2506 763 2548; x_wconf 89' lang='lat' dir='ltr'>Daniam</span> <span class='ocrx_word' id='word_1_301' title='bbox 794 2506 912 2560; x_wconf 88' lang='lat' dir='ltr'>petit,</span> <span class='ocrx_word' id='word_1_302' title='bbox 946 2505 1117 2560; x_wconf 89' lang='lat' dir='ltr'>eiusque</span> <span class='ocrx_word' id='word_1_303' title='bbox 1148 2519 1292 2559; x_wconf 84' lang='lat' dir='ltr'>regem</span> <span class='ocrx_word' id='word_1_304' title='bbox 1323 2505 1417 2546; x_wconf 84' lang='lat' dir='ltr'>Roe</span> <span class='ocrx_word' id='word_1_305' title='bbox 1449 2504 1584 2546; x_wconf 87' lang='lat' dir='ltr'>tribus</span> <span class='ocrx_word' id='word_1_306' title='bbox 1615 2504 1759 2559; x_wconf 84' lang='lat' dir='ltr'>preliis</span> 
     </span>
     <span class='ocr_line' id='line_1_45' title="bbox 314 2562 1759 2619; baseline -0.001 -15"><span class='ocrx_word' id='word_1_307' title='bbox 314 2568 594 2619; x_wconf 77' lang='lat' dir='ltr'>prouocatum</span> <span class='ocrx_word' id='word_1_308' title='bbox 625 2562 789 2606; x_wconf 88' lang='lat' dir='ltr'>occidit.</span> <span class='ocrx_word' id='word_1_309' title='bbox 850 2562 929 2604; x_wconf 82' lang='lat' dir='ltr'>His</span> <span class='ocrx_word' id='word_1_310' title='bbox 971 2563 1147 2617; x_wconf 85' lang='lat' dir='ltr'>cognitis</span> <span class='ocrx_word' id='word_1_311' title='bbox 1179 2563 1320 2618; x_wconf 87' lang='lat' dir='ltr'>Helgo</span> <span class='ocrx_word' id='word_1_312' title='bbox 1355 2563 1488 2604; x_wconf 89' lang='lat' dir='ltr'>filium</span> <span class='ocrx_word' id='word_1_313' title='bbox 1518 2562 1759 2603; x_wconf 89' lang='lat' dir='ltr'>Roluonem</span> 
     </span>
     <span class='ocr_line' id='line_1_46' title="bbox 315 2620 1755 2679; baseline -0.003 -15"><span class='ocrx_word' id='word_1_314' title='bbox 315 2621 517 2664; x_wconf 87' lang='lat' dir='ltr'>Lethrica</span> <span class='ocrx_word' id='word_1_315' title='bbox 547 2635 641 2664; x_wconf 89' lang='lat' dir='ltr'>arce</span> <span class='ocrx_word' id='word_1_316' title='bbox 673 2621 888 2674; x_wconf 90' lang='lat' dir='ltr'>conclusit,</span> <span class='ocrx_word' id='word_1_317' title='bbox 920 2620 1087 2679; x_wconf 75' lang='lat' dir='ltr'>heredis</span> <span class='ocrx_word' id='word_1_318' title='bbox 1119 2621 1243 2663; x_wconf 84' lang='lat' dir='ltr'>saluti</span> <span class='ocrx_word' id='word_1_319' title='bbox 1276 2620 1571 2673; x_wconf 90' lang='lat' dir='ltr'>consulturus,</span> <span class='ocrx_word' id='word_1_320' title='bbox 1607 2623 1755 2661; x_wconf 90' lang='lat' dir='ltr'>utcun-</span> 
     </span>
    </p>
   </div>
   <div class='ocr_carea' id='block_1_12' title="bbox 1784 1760 1879 1788">
    <p class='ocr_par' dir='ltr' id='par_1_13' title="bbox 1784 1760 1879 1788">
     <span class='ocr_line' id='line_1_47' title="bbox 1784 1760 1879 1788; baseline 0 0"><span class='ocrx_word' id='word_1_321' title='bbox 1784 1760 1879 1788; x_wconf 61' lang='lat' dir='ltr'>XVI„</span> 
     </span>
    </p>
   </div>
  </div>
 </body>
</html>
