1884 3126
258 232 340 271 344
836 225 993 266 ——X
1064 245 1104 252 -

255 355 501 407 Eduardus,
545 353 728 395 contusis
770 366 943 393 suorum
988 351 1162 403 animis,
1203 350 1511 392 intolerabilem
1542 350 1697 393 Danici

256 414 464 455 exercitus
486 411 675 465 spiritum
699 409 1053 459 animaduertcns,
1086 410 1182 464 quia
1215 423 1383 449 manum
1407 423 1490 449 non
1514 414 1698 464 poterat,

255 475 425 526 pactum
456 483 548 509 cum
583 467 703 508 hoste
735 467 969 520 conseruit,
1003 472 1069 518 ut,
1102 466 1241 522 quoad
1274 467 1364 521 ipse
1396 467 1585 519 uiueret,
1611 466 1695 507 Ka·

256 535 403 569 nutum
435 526 595 567 dimidii
627 525 747 579 regni
779 534 1013 566 consortem
1048 525 1237 577 liaberet,
1271 524 1483 566 extinctus
1512 525 1696 566 omnium

208 600 222 623 5
257 586 457 626 bonorum
488 583 690 623 heredem
721 582 990 636 relinqueret.
1049 582 1117 623 Ita
1149 583 1286 622 uictor
1318 595 1341 622 a
1373 582 1485 622 uicto
1520 582 1697 634 extudit,

186 899 220 924 lc

189 1172 220 1198 15

180 2340 215 2365 35

253 647 298 682 ut
344 643 376 682 is
423 642 502 681 sibi
550 640 867 681 consorcionem
914 640 1077 694 imperii
1123 640 1274 680 uiuens
1322 639 1518 689 cederet,
1565 644 1698 681 totum

254 700 433 740 moriens
485 702 738 739 testamento
791 698 967 750 legaret.
1030 696 1191 738 Eodem
1237 702 1428 752 tempore
1472 698 1697 751 Alwiuam,

253 757 306 798 ab
351 756 487 797 Olauo
533 755 795 804 adamatam,
842 754 1056 805 Kanutus,
1104 755 1259 796 eximia
1306 759 1529 807 matrone!
1558 756 1695 810 specie

254 815 501 865 delectatus,
533 818 681 866 stupro
714 813 854 867 peciit.
915 812 1053 867 Igitur
1085 812 1265 861 manus,
1299 813 1389 854 siue
1420 813 1518 868 quia
1549 828 1700 855 concu-

254 873 348 912 bine
381 870 543 912 facibus
583 870 814 925 spoliatus,
863 871 952 911 siue
995 870 1092 924 quia
1132 870 1338 924 promissa
1380 871 1536 925 Anglie
1578 876 1699 927 parte

252 944 326 984 per
359 928 578 969 Kanutum
609 928 829 969 fraudatus
861 927 1027 980 fuerat,
1060 928 1267 982 priuatam
1299 928 1500 970 offensam
1533 929 1700 984 publice

253 987 403 1028 milicie
433 985 621 1040 pretulit,
653 987 920 1040 peractisque
954 986 1186 1040 stipendiis,
1218 987 1279 1027 ira
1301 987 1458 1041 pariter
1482 1000 1530 1028 ac
1554 987 1700 1029 dolore

250 1045 471 1086 instinctus
503 1042 766 1098 Nox-uagiam
799 1043 943 1093 rediit,
982 1058 1065 1085 non
1098 1045 1402 1098 incongruum„
1436 1045 1526 1086 eius
1558 1045 1698 1086 deser-

251 1108 385 1143 torem
409 1115 547 1156 agere,
580 1106 707 1154 ratus,
731 1116 755 1142 a
779 1115 860 1157 quo
883 1102 1009 1156 plena
1032 1101 1304 1156 turpitudinis
1335 1102 1487 1143 iniuria
1515 1107 1697 1144 uexatus

252 1160 402 1201 fuerat.

389 1217 586 1271 Septenis
618 1222 714 1272 post
746 1218 916 1258 modum
950 1217 1176 1259 interiectis
1208 1218 1340 1270 annis,
1374 1218 1546 1273 quidam
1572 1218 1698 1260 tricli-

252 1275 378 1327 nium,
407 1276 448 1316 in
481 1288 563 1329 quo
596 1275 794 1316 Kanutus
829 1275 1105 1330 epulabatur,
1149 1277 1343 1329 ingressi,
1377 1276 1512 1318 tocius
1543 1275 1699 1331 Anglic

253 1346 393 1387 regem
427 1333 614 1374 salutare
658 1340 874 1387 ceperunt.
937 1332 977 1373 A
1008 1333 1160 1388 quibus
1185 1332 1198 1386 ΙΙ
1221 1347 1295 1374 rex
1329 1334 1407 1375 sibi
1439 1334 1572 1375 ictum
1603 1348 1698 1376 cum

252 1390 450 1431 Eduardo
483 1390 604 1432 fedus
635 1405 710 1445 per
742 1391 1010 1432 inuolucrum
1033 1391 1282 1446 exprobrari
1313 1396 1440 1445 ratus,
1471 1392 1574 1433 nihil
1607 1393 1696 1434 eius

251 1463 295 1489 se
339 1448 498 1504 pudere
540 1449 772 1503 respondit.
835 1449 918 1490 Sed
960 1463 1099 1503 neque
1139 1449 1193 1490 ab
1233 1450 1295 1491 ira
1334 1450 1518 1490 animum
1559 1464 1698 1506 neque

254 1507 414 1546 uultum
449 1520 473 1546 a
504 1506 659 1547 rubore
691 1507 907 1560 continuit,
940 1508 1149 1561 profectas
1183 1521 1207 1548 a
1240 1507 1401 1549 scelere
1433 1520 1561 1549 uoces
1593 1508 1699 1550 ludi-

253 1564 341 1604 brio
364 1565 623 1619 propinquas
648 1565 906 1606 existimans,
948 1564 1055 1605 Tum
1086 1564 1153 1613 illi,
1186 1564 1400 1606 funestum
1423 1565 1696 1607 ministerium

252 1622 420 1662 incauto
455 1621 730 1663 confessionis
765 1622 901 1663 officio
933 1623 1161 1678 prosecuti,
1188 1622 1432 1664 Eduardum
1465 1637 1541 1665 sua
1571 1624 1697 1665 inter-

251 1684 437 1733 emptum
484 1694 613 1735 opera
655 1681 916 1733 iactitabant,
950 1690 1000 1722 eo
1034 1695 1078 1721 se
1110 1681 1195 1735 regi
1228 1681 1457 1736 placituros
1489 1682 1580 1732 rati,
1612 1695 1695 1737 quo

182 1749 217 1775 εἴ)
250 1751 457 1778 summam
480 1738 609 1793 ips1us
634 1738 839 1779 offensam
862 1738 1156 1780 accenderant.
1199 1738 1249 1779 In
1273 1752 1378 1794 quos
1400 1753 1490 1791 rex,
1521 1739 1697 1793 perinde

250 1809 300 1836 ac
331 1795 560 1836 maiestatis
592 1796 883 1848 insidiatores,
924 1797 1140 1851 preparati
1171 1797 1317 1851 premii
1350 1797 1439 1838 loco
1466 1796 1695 1851 suspendio

250 1853 440 1907 protinus
483 1853 903 1896 animaduertendum
947 1854 1132 1903 curauit,
1172 1854 1445 1896 deterrimum
1488 1869 1593 1910 opus
1625 1854 1697 1896 de-

249 1909 371 1951 formi
413 1911 595 1952 uindicte
640 1912 781 1965 specie
827 1913 1018 1967 puniens.
1082 1912 1331 1966 Quanquam
1374 1913 1482 1954 enim
1527 1927 1571 1954 se
1613 1913 1696 1954 acri

250 1969 389 2008 emulo
432 1968 658 2009 liberatum
699 1974 998 2023 cognosceret,
1038 1969 1185 2011 sceleri
1216 1975 1357 2011 tamen
1389 1984 1540 2025 penam
1572 1984 1696 2025 quam

248 2025 419 2066 utilitati
451 2028 635 2080 graciam
668 2027 823 2068 referre
857 2027 1015 2068 maluit.
1061 2027 1299 2069 Memor-ant
1330 2028 1413 2080 alii,
1450 2027 1695 2070 Eduardum

250 2083 511 2124 clandestino
560 2084 720 2126 Kanuti
772 2085 948 2140 imperio
998 2085 1208 2137 occisum,
1261 2084 1532 2141 eiusdemque
1578 2087 1693 2128 iussu

249 2155 444 2196 penama
465 2142 664 2184 maleficis
696 2144 837 2197 gracia
870 2142 1083 2184 de'mende
1114 2142 1362 2198 suspicionis
1395 2149 1600 2188 exactam.
1632 2144 1693 2187 Vt

250 2199 359 2239 enim
390 2199 634 2242 innocencie
667 2215 742 2242 sue
774 2200 899 2243 fidem
932 2205 1142 2242 astrueret
1163 2215 1293 2256 seque
1316 2201 1354 2241 ei
1376 2202 1499 2258 culpe
1521 2203 1693 2244 affinem

249 2256 378 2298 fuisse
410 2263 608 2313 negaret,
641 2259 814 2313 grauius
845 2259 887 2299 in
919 2259 1144 2300 sceleratos
1178 2258 1481 2301 consulendum
1514 2261 1691 2316 putauit.

247 2314 309 2354 Ea
357 2318 499 2358 tamen
545 2330 612 2357 res
658 2316 838 2370 primum
881 2316 991 2369 regis
1040 2315 1150 2371 apud
1199 2316 1454 2360 domesticos
1499 2319 1693 2360 fauorem

249 2374 478 2426 quassauit.
522 2374 603 2422 Qui
635 2388 743 2426 cum,
779 2374 1015 2429 Anglorum
1048 2374 1174 2416 rebus
1208 2374 1408 2428 obtentis,
1440 2376 1692 2418 nectendam

250 2444 341 2471 cum
382 2431 564 2473 finitimis
615 2432 846 2472 amiciciam
893 2431 1175 2484 decreuisset,
1215 2431 1475 2476 Normannie
1515 2434 1692 2489 prefecti

250 2486 425 2529 Roberti
468 2489 597 2531 filiam
638 2489 820 2530 Immam
863 2490 1129 2531 matrimonio
1172 2489 1314 2539 duxit,
1358 2491 1532 2547 eiusque
1575 2491 1691 2532 fratri

251 2544 450 2599 Rykardo
499 2561 687 2588 sororem
722 2546 953 2588 Estritham
986 2547 1183 2601 coniugio
1214 2546 1461 2602 pociendam
1493 2549 1692 2603 permisit.

184 2614 219 2641 40
250 2601 384 2657 Igitur
425 2619 480 2650 ex
525 2605 662 2647 Imma
695 2605 867 2648 Kanuto
901 2604 1200 2661 Gunnildaque
1241 2611 1468 2663 suscepta,
1513 2606 1693 2650 duorum

1750 774 1776 798 μ.
1797 766 1842 792 511

1753 1341 1846 1375 (193)

1749 2162 1776 2186 p.
1794 2151 1845 2177 512
