1884 3126
703 248 754 255 —
815 224 887 267 III
947 250 1001 256 —-
1522 227 1573 267 75

126 351 326 408 gentibus
358 366 407 395 ac
439 351 593 395 seculis
636 357 911 408 usurpatum,
952 353 1059 394 tristi
1105 352 1362 408 infandoque
1405 354 1574 408 piaculo

126 411 357 457 mutauit!
394 410 611 467 Siquidem
654 410 829 453 humani
868 411 1037 467 generis
1078 411 1238 454 hostias
1279 416 1464 453 mactare
1504 427 1576 468 ag·
1597 430 1623 454 v·
1648 422 1690 448 ¹21

125 484 309 526 gressus,
340 469 439 512 feda
470 471 634 525 superis
664 470 899 512 libamenta
929 470 1148 525 persoluit.

264 528 382 570 Inter
414 528 493 570 hec
513 528 746 581 Hetherus,
779 528 990 570 defectam
1014 528 1192 571 ducibus
1214 528 1408 580 Daniam,
1432 528 1577 570 Hiart-

72 602 88 629 5
121 601 359 642 uarumque
401 586 564 629 celeres
606 587 816 643 perempti
861 587 1072 629 Roluonis
1116 601 1249 642 penas
1296 586 1463 629 dedisse
1509 601 1576 629 co-

122 659 346 701 gnoscens,
369 645 480 701 quod
504 646 579 687 uix
601 660 675 700 spe
698 645 923 701 complecti
944 649 1102 701 posset,
1136 659 1234 687 casu
1267 645 1344 686 sibi
1377 645 1576 686 collatum

122 703 305 747 dicebat.
367 703 478 746 Nam
523 708 565 745 et
596 704 866 758 Rol'uonem,
911 717 1061 758 quem,
1105 703 1218 759 quod
1251 703 1302 745 ab
1337 704 1425 745 eius
1456 708 1576 759 patre

122 776 244 804 suum
265 762 541 805 interfectum
573 763 851 814 meminisset,
882 762 970 804 uita
993 762 1177 817 spoliare
1200 762 1417 815 debuer,at
1440 763 1576 804 aliena

123 835 255 887 opera
297 821 554 877 supplicium
598 821 754 874 luisse,
800 825 841 863 et
882 821 960 862 sibi
1004 820 1210 877 pociende
1242 820 1380 863 Danie
1413 822 1576 888 copiam

53 895 90 922 10
122 879 337 935 insperato
380 894 522 921 rerum
568 879 773 922 beneficio
812 880 1013 946 patuisse.
1077 879 1246 935 Quippe
1278 894 1455 935 regnum
1488 881 1576 922 eius

121 939 236 980 auito
270 938 348 980 sibi
379 939 471 980 iure
507 942 762 994 competer,e
794 938 828 980 si
859 938 938 980 rite
961 938 1169 980 maimum
1190 943 1415 981 stemmata
1436 939 1576 981 reuol-

122 1000 290 1039 uantur.
368 996 476 1039 Inde
522 996 738 1039 Sialandie
790 1001 962 1063 portum
1007 997 1171 1039 Isoram
1222 998 1385 1050 ingenti
1431 998 1575 1040 classis

120 1069 299 1097 numero
353 1060 560 1111 occupat,
611 1055 871 1098 imminentis
923 1055 1097 1098 fortune
1148 1056 1355 1098 beneficio
1408 1071 1574 1098 usurus.

120 1113 207 1156 Vbi
247 1128 326 1155 rex
357 1113 411 1156 ab
445 1119 694 1156 occurrente
733 1114 814 1156 sibi.
842 1113 1064 1156 Danorum
1105 1114 1264 1170 populo
1306 1115 1574 1169 constitutus,

52 1188 88 1215 15
121 1172 248 1228 paulo
290 1177 408 1228 post,
445 1173 603 1216 Athisli
641 1173 805 1225 fratris,
848 1187 974 1228 quem
1006 1173 1148 1215 Suetis
1179 1187 1350 1228 preesse
1381 1174 1575 1228 iusserat,

121 1243 300 1272 excessu
334 1232 520 1287 cognito,
553 1231 773 1274 Sueticum
804 1230 973 1273 Danico
1006 1232 1231 1287 imperium
1261 1232 1408 1275 sociat.
1453 1232 1576 1274 Oete-

119 1303 212 1330 rum
246 1289 462 1332 Athislum
503 1304 617 1332 mors
659 1289 941 1345 ignominiosa
981 1291 1255 1345 consumpsit.
1318 1291 1432 1332 Dum
1463 1290 1574 1332 enim

119 1347 331 1390 Roluonis
373 1348 548 1391 inferias
580 1363 658 1405 per
689 1362 896 1390 summam
929 1348 1055 1391 animi
1087 1349 1344 1392 hilaritatem
1378 1349 1574 1392 conuiuio

122 1405 372 1462 celebraret,
405 1407 586 1462 pocione
618 1407 785 1450 auidius
815 1412 997 1463 sumpta,
1030 1408 1170 1450 subito
1202 1407 1284 1449 fine
1315 1407 1484 1450 sordide
1515 1408 1575 1448 in-

52 1479 89 1506 ·20
122 1457 411 1521 temperancie
443 1480 577 1521 penas
609 1466 827 1523 pependit.
883 1466 953 1508 Ita
986 1466 1084 1508 dum
1117 1467 1303 1509 alienum
1334 1466 1470 1509 fatum
1501 1467 1575 1508 im-

121 1523 390 1580 pensioribus
441 1524 600 1587 leticie
635 1524 772 1567 modis
824 1525 1010 1579 excolit,
1071 1526 1288 1581 ploprium
1343 1526 1576 1581 iriumpeie

124 1581 275 1638 coegit.

258 1639 468 1683 Balderus
501 1655 686 1697 quoque,
731 1642 865 1684 classe
899 1641 1159 1684 Sialandiam
1190 1646 1361 1697 petens,
1404 1657 1497 1684 cum
1535 1646 1576 1683 ct

121 1698 247 1740 armis
279 1698 446 1742 celeber
478 1704 519 1742 et
549 1701 772 1742 maiestate
804 1701 1059 1756 conspicuus
1091 1700 1340 1753 haberetur,
1382 1700 1575 1743 Hothcro

50 1771 87 1798 25
122 1756 313 1799 Suetiam
343 1761 529 1810 tenente,
562 1759 759 1814 quicquid
793 1773 923 1815 super
954 1759 1075 1813 regni
1107 1758 1279 1814 fastigio
1319 1759 1576 1813 postulabat,

119 1816 454 1872 promptissimis·
466 1816 688 1860 Danorum
720 1817 936 1873 suffragiis
966 1818 1225 1872 impetrauit.
1268 1817 1372 1858 Tam
1405 1817 1575 1872 ancipiti

121 1887 301 1917 censura
332 1875 537 1917 maiorum
570 1881 812 1918 nostrorum
845 1876 1061 1918 sentencia
1093 1877 1299 1917 fluctuata
1331 1879 1404 1917 est.
1460 1876 1575 1918 Huic

119 1932 338 1975 Hotherus
362 1947 387 1974 a
410 1933 559 1976 Suetia
581 1948 805 1990 regressus
828 1934 1029 1977 infestum
1061 1934 1201 1975 intulit
1231 1934 1403 1976 bellum.
1445 1933 1576 1976 Acer-

119 1990 271 2032 rimum
288 1991 454 2047 imperii
473 1992 635 2048 cupidis
654 1992 707 2035 de
728 1991 732 2049 Ι
751 2007 894 2035 reium
916 2007 1080 2035 summa
1103 1997 1317 2035 certamen
1334 1993 1575 2035 incesserat.
1601 2012 1626 2037 ν-
1646 2004 1695 2031 122

50 2061 87 2090 30
118 2048 271 2091 Eidem
302 2049 485 2093 Hetheri
526 2050 629 2106 fuga
671 2052 799 2094 finem
830 2051 1043 2107 imposuit.
1105 2051 1188 2100 Qui
1221 2065 1312 2093 cum
1345 2052 1385 2093 in
1419 2051 1575 2093 Iutiam

120 2107 408 2161 concessisset,
443 2109 596 2163 uicum,
628 2109 668 2150 in
702 2124 785 2166 quo
818 2110 1020 2153 manendi
1051 2125 1173 2152 usum
1206 2110 1374 2163 habuit,
1405 2110 1573 2152 nominc

120 2181 194 2208 suo
216 2164 550 2223 nuncupandum
573 2169 754 2211 curauit.
799 2167 884 2210 Vbi
906 2169 1105 2225 hybernis
1137 2169 1331 2225 peractis,
1364 2169 1574 2210 solitarius

118 2224 473 2281 incomitatusque
516 2225 704 2268 Suetiam
736 2228 905 2283 repetit.
949 2227 1013 2269 Ibi
1050 2228 1318 2281 magnatibus
1346 2227 1573 2280 accersitis,

120 2283 174 2325 ob
196 2283 387 2326 infelices
417 2297 558 2326 rerum
591 2299 755 2338 cursus,
790 2285 976 2341 quibus
965 2300 1104 2339 lpsum
1126 2285 1334 2328 Balderus
1356 2285 1418 2327 bis
1440 2285 1574 2327 uictor

49 2355 86 2382 35
118 2341 345 2394 afflixerat,
377 2342 484 2385 lucis
516 2356 564 2384 ac
597 2344 685 2385 uite
716 2344 863 2399 pigere
895 2357 941 2386 se
973 2345 1092 2387 dixit.
1154 2345 1344 2396 Deinde,
1381 2344 1572 2385 consalu-

120 2400 218 2442 tatis
251 2400 463 2452 omnibus,
497 2401 683 2443 difficilia
713 2401 830 2443 aditu
862 2403 956 2445 loca
989 2403 1114 2446 deuio
1144 2403 1247 2445 calle
1271 2406 1468 2452 sectatus,
1500 2415 1572 2443 ex-

119 2462 259 2513 pertes
292 2458 465 2500 humani
497 2460 638 2502 cultus
671 2459 895 2515 indagines
926 2461 1226 2516 perlustrabat.
1267 2460 1335 2502 Fit
1356 2460 1479 2513 enim,
1512 2463 1572 2510 ut,

120 2516 270 2571 quibus
287 2517 521 2560 insolabilis
539 2518 666 2559 animi
685 2517 808 2560 dolor
828 2519 1036 2573 inciderit,
1061 2519 1263 2562 obscuros
1286 2523 1572 2573 externosque

121 2588 313 2617 secessus
356 2576 476 2632 quasi
517 2575 733 2632 quoddam
773 2577 970 2632 pellende
1003 2578 1180 2621 tristicie
1211 2576 1443 2619 remedium
1476 2590 1572 2632 cap-

52 2645 89 2675 40
118 2636 232 2691 tent,
275 2647 355 2678 nec
395 2633 731 2689 magnitudinem
778 2637 957 2679 meroris
1005 2637 1114 2679 inter
1159 2636 1368 2680 humanos
1416 2637 1575 2694 queant
