1884 3126
160 867 207 899 10'

158 1162 191 1190 15

154 1450 190 1478 20

152 1739 189 1767 ‘25

152 2029 189 2057 30

153 2320 189 2348 35

153 2612 191 2640 40

220 215 304 256 284
772 238 827 246 —
886 214 999 257 Vm
1059 239 1113 247 .-

222 340 350 382 menti
384 341 567 395 inopiam
592 341 758 382 solenni
788 341 975 397 pocionis
1006 356 1083 383 usu
1106 345 1261 394 careat,
1291 340 1497 382 industria
1518 342 1663 397 pocius

223 412 346 453 quam
398 399 589 452 ingluuie
648 397 796 440 duetus
850 399 1053 454 prohibiti
1102 400 1276 455 liquoris
1332 403 1663 455 temperamento

221 457 402 512 prouidi.
450 456 510 497 Te
542 460 687 498 autem
715 460 813 498 ante
836 457 938 500 alios
970 457 1110 499 inedia
1132 458 1367 512 periturum
1397 458 1663 513 prioremque

225 516 348 556 busto
373 528 478 569 opus
512 514 752 556 habiturum
774 528 856 556 non
889 516 1072 570 ambigo,
1106 530 1199 556 cum
1222 516 1276 557 ob
1310 516 1391 556 hoc
1420 515 1661 557 inusitatam

222 573 440 627 parcitatis
471 572 612 626 legem
642 572 813 622 tuleris,
846 573 959 628 quod
991 573 1231 615 defuturam
1273 573 1349 615 tibi
1380 574 1559 628 primum
1591 574 1664 615 ali-

223 630 406 672 moniam
427 631 625 672 uerearis.
678 630 773 671 Tibi
795 632 964 686 quippe,
996 646 1077 673 non
1109 630 1201 673 aliis
1224 631 1484 673 consulendo
1503 646 1665 673 nouum

223 688 403 730 auaricie
444 692 658 730 auctorem
700 702 827 742 agere
867 690 1061 732 sustines,
1136 689 1240 730 Tam
1282 689 1445 731 urbana
1486 689 1663 731 hominis

222 746 437 787 cauillacio
489 747 594 788 iram
646 747 758 801 regis
809 747 850 788 in
899 748 1101 789 ruborem
1145 747 1366 789 conuertit.
1443 747 1525 795 Qui
1571 761 1662 789 eum

220 804 388 859 publice
429 804 576 846 salutis
613 804 830 845 decretum
871 805 911 846 in
952 805 1180 846 ludibrium
1223 806 1288 847 sui
1326 805 1524 848 recidisse
1569 820 1664 847 con-

222 862 423 917 spiceret,
471 863 625 904 omisso
677 863 910 904 communis
958 863 1149 904 utilit-atis
1203 863 1399 914 consilio,
1450 864 1665 906 reuocauit

222 919 429 972 edictum,
482 921 823 975 sentenciamque
870 922 1036 963 soluere
1085 935 1210 976 quam
1260 921 1412 962 ciuium
1461 921 1664 964 offensam

221 977 471 1021 contrahere
501 978 661 1021 maluit.
1631 1026 1635 1031 .

361 1035 572 1092 Cumque,
613 1040 660 1077 ut
701 1036 810 1088 dixi,
852 1036 941 1078 siue
983 1051 1133 1091 parum
1175 1037 1389 1092 compluta
1427 1037 1553 1079 humo
1586 1052 1665 1079 seu

222 1094 396 1135 nimium
429 1095 598 1148 torrida,
632 1094 899 1150 torpentibus
931 1095 1034 1136 satis
1065 1108 1114 1136 ac
1145 1109 1272 1149 parce
1311 1094 1664 1137 fructificantibus

223 1153 396 1206 campis,
427 1152 566 1194 inedie
599 1153 780 1207 languor
812 1152 1019 1193 defectam
1062 1153 1167 1194 escis
1199 1153 1415 1207 regionem
1451 1156 1664 1205 attereret,

222 1211 483 1265 nullumque,
515 1224 665 1265 parum
698 1211 1020 1265 suppetentibus
1051 1211 1276 1263 alimentis,
1308 1209 1513 1252 trahende
1543 1210 1664 1252 famis

221 1272 465 1323 superesset
511 1268 738 1322 auxilium,
785 1267 967 1322 Aggone
1013 1272 1139 1322 atque
1187 1267 1366 1310 Ebbone
1409 1270 1664 1321 auctoribus,

220 1326 439 1381 plebiscito
472 1326 689 1380 prouisum
712 1329 785 1375 est,
817 1332 877 1379 ut,
909 1326 1077 1368 senibus
1101 1340 1149 1367 ac
1170 1327 1356 1382 paruulis
1381 1327 1498 1378 cesis,
1531 1327 1663 1368 omni-

221 1398 302 1439 que
335 1384 503 1425 demum
536 1384 694 1425 imbelli
727 1388 839 1425 etate
872 1398 1002 1438 regno
1036 1389 1207 1439 egesta,
1239 1384 1424 1426 robustis
1457 1384 1665 1426 duntaxat

221 1442 359 1496 patria
391 1442 644 1494 donaretur,
686 1456 764 1483 nec
805 1443 883 1483 nisi
924 1447 998 1484 aut
1038 1443 1164 1483 armis
1207 1448 1278 1483 aut
1323 1443 1432 1497 agris
1475 1443 1664 1485 colendis

222 1499 382 1541 habiles
417 1499 635 1542 domestici
660 1500 756 1541 laris
785 1505 1148 1555 paternorumque
1171 1501 1391 1554 penacium
1423 1500 1665 1542 habitacula

222 1558 461 1600 retinerent.
508 1558 699 1606 Quorum
730 1562 866 1599 mater
887 1557 1140 1608 Gambaruc,
1162 1557 1203 1598 id
1225 1558 1276 1599 ad
1311 1572 1355 1599 se
1376 1558 1661 1600 deferentibus

221 1615 328 1667 filiis,
361 1630 455 1657 eum
488 1630 512 1657 a
542 1615 707 1657 scelesti
740 1615 898 1657 decreti
929 1616 1171 1658 auctoribus
1203 1616 1383 1657 salutem
1413 1617 1454 1658 in
1492 1617 1662 1658 crimine

221 1673 448 1728 repositam
498 1674 878 1724 animaduerteret,
930 1674 1129 1715 damnata
1175 1675 1387 1716 concionis
1434 1675 1660 1721 sentencia,

219 1732 514 1773 necessitatem
556 1731 779 1786 parricidio
821 1731 969 1773 redimi
1010 1737 1208 1786 oportere
1239 1732 1448 1786 negabat,
1490 1733 1663 1787 propius

222 1790 432 1831 honestati
479 1790 699 1831 consilium
741 1790 833 1831 fore
874 1804 1088 1843 asserens,
1133 1790 1453 1845 animorumque
1494 1804 1542 1833 ac
1574 1804 1662 1832 cor-

220 1860 372 1903 porum
413 1844 571 1902 uirltuti
616 1848 912 1902 expetibilius,
952 1853 1019 1898 ut,
1052 1852 1220 1889 seruata
1251 1861 1351 1901 erga
1386 1852 1585 1902 parentes
1615 1861 1664 1890 ac

221 1905 375 1946 liberos
407 1906 579 1960 pietate,
621 1906 758 1959 patria
792 1905 1003 1947 excessuri
1050 1909 1159 1947 sorte
1200 1905 1497 1959 deligerentur.
1568 1905 1662 1953 Que

221 1963 255 2005 si
296 1977 419 2004 senes
458 1962 668 2004 inualidos
708 1963 952 2016 obtulisset,
995 1963 1253 2004 robustiores
1294 1977 1337 2004 se
1381 1977 1527 2004 eorum
1568 1963 1661 2004 1000

219 2021 342 2063 exilio
376 2021 576 2063 offerrent
608 2022 784 2075 eiusque
815 2021 980 2076 pondus
1011 2035 1087 2076 pro
1125 2021 1333 2062 debilibus
1364 2020 1662 2076 perferendum

221 2094 298 2120 sua
330 2083 480 2133 sponte
512 2079 786 2132 susciperent.
859 2079 1055 2121 Ceterum
1088 2078 1285 2132 indignos
1319 2093 1410 2121 esse
1442 2079 1550 2132 uita,
1592 2079 1662 2134 qui

220 2138 334 2178 illam
357 2138 515 2179 scelere
547 2141 587 2178 et
609 2138 826 2192 sacrilegio
858 2151 1102 2192 comparare
1126 2141 1409 2192 parentesque
1430 2151 1478 2178 ac
1500 2137 1663 2192 prolem

220 2200 308 2236 tam
329 2195 471 2250 iniquo
495 2195 707 2236 sentencie
729 2199 886 2249 genere
915 2195 1112 2250 persequi
1134 2195 1446 2244 sustinuissent,
1478 2196 1663 2236 caritatis

220 2254 315 2296 loco
349 2252 610 2294 crudelitatis
643 2253 782 2294 officia
812 2253 1037 2308 peracturi.
1097 2253 1319 2294 Postremo
1352 2257 1523 2294 cunctos
1554 2253 1662 2293 male

220 2310 403 2365 patriam
425 2310 646 2364 demereri,
673 2310 786 2365 apud
811 2325 915 2366 quos
937 2315 1159 2366 parentum
1192 2315 1266 2351 aut
1283 2310 1507 2352 liberorum
1529 2311 1663 2352 amori

226 2369 384 2423 proprii
415 2368 585 2424 spiritus
618 2369 768 2409 caritas
801 2369 1142 2423 preponderaret.
1212 2367 1324 2409 Huic
1357 2368 1450 2410 uoci
1482 2368 1533 2409 ad
1566 2382 1662 2409 con-

223 2428 386 2468 cionem
435 2427 567 2468 relate
612 2425 803 2480 plerique
849 2426 1059 2481 suffragiis
1099 2425 1455 2468 assenciebantur.
1525 2425 1661 2480 Igitur

222 2484 409 2525 omnium
441 2483 623 2525 fortunis
664 2484 704 2524 in
748 2487 903 2530 sortem
945 2484 1165 2536 coniectis,
1208 2483 1279 2538 qui
1319 2483 1662 2537 designabantur,

222 2545 415 2584 extorres
443 2541 677 2594 ,adiudicati
708 2545 813 2584 sunt
890 2541 983 2590 Quo
1016 2542 1178 2594 euenit,
1210 2545 1279 2591 ut,
1315 2541 1384 2596 qui
1415 2544 1563 2596 sponte
1593 2555 1662 2582 ne-

223 2599 410 2642 cessitati
423 2613 573 2655 parere
589 2599 834 2654 noluerant,
847 2598 1016 2642 fortune
1033 2598 1187 2643 iudicio
1204 2598 1381 2654 obsequi
1396 2603 1662 2654 cogerentur,
