1884 3126
706 220 1010 266 ——V—>
1372 212 1554 268 ‘203

113 346 407 389 beniuolencie
447 348 682 403 propiores,
758 348 1138 393 Animadue1·*tens
1183 356 1322 394 autem
1362 353 1555 408 pertinax
1608 360 1702 389 11X1b

113 405 322 461 propositi
354 405 522 458 femina,
554 420 606 447 ne
638 407 697 448 sic
727 407 896 462 quidem
934 409 1198 451 conuiualem
1231 425 1252 451 a
1285 411 1554 467 senc'hilari-

113 468 245 506 tatem
278 464 371 505 elici
401 477 539 519 posse,
571 470 617 505 ut
650 464 951 507 blandiciarum
983 473 1152 523 ceptum
1183 468 1406 510 liberaliori
1430 469 1555 510 comi-

116 527 202 563 tate
234 527 572 578 prosequeretur,
605 523 1014 579 cumulacioremque
1046 525 1201 582 hospiti
1232 527 1433 568 honorem
1465 526 1556 568 red-

68 592 84 618 5
115 579 258 633 deret,
299 580 469 622 tibicine
502 580 554 622 de
584 580 790 623 industria
823 582 1028 624 modulari
1071 584 1210 636 iusso,
1250 599 1434 636 musam,
1474 599 1557 640 qua

114 638 425 693 indignacionis
457 638 546 680 eius
578 642 899 694 perseuerancia
929 641 1194 695 flecteretur,
1234 642 1430 692 instituit,
1462 642 1557 684 arti-

115 697 263 738 ficialis
291 697 383 739 soni
405 696 635 738 ministerio
669 699 883 740 naturales
915 699 1186 741 inclemencie
1218 714 1370 742 neruos
1403 700 1557 742 elidere

116 755 303 810 cupienS.
367 753 451 796 Sed
492 754 634 797 fistule
676 762 751 797 aut
793 757 1046 798 chordarum
1076 758 1328 799 lenocinium
1360 759 1399 798 iu
1433 758 1558 801 'nebe-

116 812 245 854 tanda
276 813 355 854 uiri
387 812 618 869 pertinacia
650 828 799 869 parum
833 815 984 856 efficax
1019 817 1180 857 mansit.
1236 816 1417 857 Auditor
1451 816 1557 857 enim

53 883 84 909 10
116 871 350 912 exhibitum
392 870 470 912 sibi
511 871 672 913 cultum
711 873 961 924 figmentum
1003 872 1147 929 maflgis
1185 888 1309 929 quam
1342 874 1557 915 caritatem
1627 878 1719 911 (115)

114 929 308 971 redolere
353 930 568 984 cognouit.
633 930 728 979 Quo
771 932 937 982 euenit,
985 936 1030 973 ut
1070 933 1208 974 elusus
1250 932 1444 988 opinione
1484 946 1559 973 sua

114 988 264 1030 mimus
316 992 456 1030 statue
495 988 627 1043 magis
670 1003 794 1044 quam
842 990 1001 1032 homini
1034 1004 1184 1032 canere
1217 996 1460 1044 putaretur,
1501 989 1559 1030 di-

114 1050 357 1102 sceretque,
391 1046 748 1102 ponderosissimo
771 1048 1010 1090 seueritatis
1032 1051 1185 1090 statum
1215 1048 1370 1089 frustra
1401 1061 1559 1090 scurra-

115 1119 209 1145 rum
239 1104 399 1146 lusibus
432 1105 653 1157 attentari,
692 1105 889 1162 inanique
932 1107 1013 1148 oris
1045 1107 1254 1162 spiraculo
1287 1107 1469 1147 maxime
1501 1105 1560 1147 rei

52 1172 85 1200 15
116 1163 270 1205 molem
315 1162 560 1214 labefactari
606 1177 690 1205 non
738 1178 880 1219 posse.
942 1164 1064 1206 Adeo
1112 1164 1221 1206 enim
1268 1164 1560 1206 Starcatherus

118 1221 199 1263 oris
231 1220 420 1262 habitum
461 1221 767 1276 indignacionis
808 1224 1042 1278 pertinacia
1082 1223 1338 1274 firmauerat,
1370 1226 1416 1263 ut
1447 1221 1561 1262 nulla

115 1294 168 1321 ex
210 1283 331 1335 parte
379 1284 580 1321 consueto
627 1280 847 1323 insi-accior
892 1280 1118 1322 uideretur.
1182 1280 1347 1335 Quippe
1395 1279 1560 1320 debitus

115 1338 226 1379 uotis
258 1338 384 1392 rigor,
415 1351 494 1380 nec
525 1338 626 1379 tibie
659 1343 784 1380 cantu
817 1353 892 1381 nec
919 1339 1018 1394 gule
1048 1339 1278 1380 lenimento
1312 1338 1560 1393 permulsus,

115 1396 210 1450 plus
241 1400 443 1438 strennuo
476 1395 670 1452 uirilique
700 1397 944 1453 proposito,
989 1412 1115 1452 quam
1147 1397 1309 1438 aurium
1342 1402 1416 1437 aut
1447 1394 1561 1450 epuli

47 1463 82 1489 ¹20
116 1453 410 1496 blandimentis
443 1451 725 1510 trilbuendum
756 1456 938 1511 putauit.
992 1456 1096 1497 Osse
1128 1455 1296 1510 itaque,
1346 1452 1457 1509 quod
1490 1467 1563 1493 ue·
1619 1476 1642 1500 μ.
1666 1467 1715 1494 302

115 1511 272 1554 scendo
306 1526 432 1555 carne
465 1513 738 1568 spoliauerat,
771 1514 813 1554 in
846 1515 1011 1555 uultum
1044 1513 1332 1568 gesticulantis
1363 1512 1561 1566 proiecto,

107 1571 264 1625 plenas
296 1584 495 1612 aurarum
528 1571 680 1613 buccas
729 1571 916 1614 uiolenta
947 1572 1071 1612 flatus
1104 1571 1353 1612 excussione
1385 1569 1559 1610 laxauit.

117 1628 213 1677 Quo
245 1629 384 1682 facto,
426 1634 629 1684 quantum
676 1631 883 1671 seueritas
915 1631 1102 1671 scenicos
1136 1630 1309 1684 plausus
1341 1626 1560 1679 fastidiret,

117 1685 300 1730 edocuit.
342 1686 413 1728 Ira
446 1687 654 1743 siquidem
686 1687 881 1730 obserate
914 1702 1035 1729 aures
1067 1687 1171 1728 nulli
1202 1685 1432 1741 uoluptatis
1464 1684 1561 1724 effe-

48 1754 86 1797 23
116 1745 202 1786 ctui
234 1750 476 1800 patuerunt.
519 1746 707 1800 Dignum
741 1746 942 1788 histrione
973 1759 1124 1793 munus
1157 1745 1268 1799 turpi
1298 1743 1458 1799 premio
1493 1741 1559 1783 de-

115 1802 248 1844 forme
282 1803 502 1845 mulctauit
535 1803 802 1859 obsequium.
856 1804 1072 1860 Siquidem
1105 1803 1288 1858 optimus
1321 1801 1561 1842 meritorum

116 1861 348 1914 estimator,
382 1863 568 1903 muneris
601 1863 693 1903 loco
727 1862 886 1904 tibicini
917 1863 1062 1902 tibiam
1097 1861 1304 1913 erogauit,
1336 1873 1384 1899 ac
1411 1857 1559 1898 durum

116 1918 322 1961 mercedis
346 1933 481 1974 genus
506 1920 621 1962 molli
645 1919 785 1961 officio
809 1920 967 1962 retulit.
1011 1919 1163 1974 Itaque
1193 1918 1355 1966 mimus,
1388 1915 1560 1979 nescias,

116 1978 310 2018 sonorius
352 1978 555 2020 cecinerit
595 1992 650 2018 an
693 1978 881 2031 fleuerit,
925 1991 1049 2032 quam
1082 1991 1230 2033 parum
1260 1976 1301 2017 in
1334 1973 1561 2015 luxurios¹s

49 2043 85 2071 30
116 2035 360 2089 pectoribus
400 2035 605 2078 fortitudo
650 2036 889 2091 possideat,
933 2035 1066 2077 effusa
1107 2035 1417 2089 lachrymarum
1449 2044 1562 2072 acer·
1594 2045 1596 2050 ·

117 2093 250 2135 bitate
280 2097 476 2136 testatus.
537 2094 691 2150 Neque
723 2095 846 2146 enim,
879 2094 951 2150 qui
981 2098 1116 2134 totum
1149 2107 1194 2136 Se
1228 2090 1433 2146 uoluptati
1464 2089 1561 2132 sub-

116 2156 340 2204 st-rauerat,
361 2152 616 2208 quandoque
639 2152 892 2194 calamitatis
914 2153 1127 2192 incursum
1150 2150 1331 2200 tplerare
1349 2148 1560 2189 didicerat.

119 2209 249 2251 Cuius
296 2210 397 2252 lesio
444 2209 610 2252 futuras
656 2224 760 2252 cene
808 2210 950 2252 clades
997 2209 1183 2250 ominata
1224 2211 1296 2250 est.
1357 2205 1411 2247 Et
1455 2205 1561 2247 benc

118 2266 287 2323 quidem
321 2268 457 2309 cultor
488 2268 725 2311 seueritatis
757 2269 920 2310 animus
948 2267 1132 2309 uindicte
1164 2264 1447 2329 constanciam
1472 2276 1561 2328 per-

48 2335 83 2363 35
115 2326 242 2367 tinaci
283 2327 494 2381 grauitate
528 2327 790 2382 complexus,
837 2327 928 2381 qui,
975 2328 1177 2380 quantum
1217 2324 1287 2365 alii
1329 2325 1561 2387 suaultatis,

118 2380 284 2425 tantum
316 2399 369 2426 ex
402 2383 554 2426 fidibus
597 2385 749 2426 fastidii
791 2385 941 2435 traxit,
983 2383 1184 2439 probroso
1225 2380 1328 2422 ossis
1362 2381 1472 2444 iactu
1502 2393 1561 2443 ¹¹.¹'

117 2448 286 2497 gratum
318 2442 513 2497 pensauit
546 2443 753 2496 officium,
794 2442 889 2498 plus
920 2456 965 2483 sc
998 2440 1177 2483 ualentis
1209 2438 1331 2481 amici
1361 2450 1562 2492 specioffis

119 2499 353 2552 cineribus,
395 2513 521 2555 quam
564 2500 767 2555 improbis
810 2499 1041 2555 turpissimi
1077 2497 1233 2539 alumni
1274 2495 1460 2560 moribus
1492 2494 1562 2559 de-

119 2557 261 2600 buisse
303 2557 534 2600 confessus.
597 2558 762 2601 Deinde
802 2557 845 2598 in
888 2557 1136 2612 ampliorem
1166 2554 1377 2596 histrionls
1408 2551 1564 2617 sugg-11-

49 2628 89 2657 40
118 2615 328 2660 lacionem
370 2616 614 2659 huiusmodi
656 2629 826 2659 carmen
858 2615 1092 2658 subtexuit.
1152 2612 1320 2667 Regina
1350 2623 1450 2653 uero
1483 2623 1564 2652 uir-
