1884 3126
199 929 234 955 10

198 1217 232 1243 15

197 1505 235 1531 ‘20

198 2079 235 2107 30

198 2369 233 2395 35

199 2654 235 2682 40

271 271 353 314 372
844 293 897 298 —-
956 266 1025 309 XI
1086 287 1136 297 -ὴ

269 397 424 438 frustra
446 398 644 437 conantes
667 393 928 446 abstrahere,
950 393 1202 449 monitisque
1224 393 1445 434 dirimendi
1477 396 1713 435 contractus

269 458 595 509 perseuerantur
635 452 845 505 aggressi,
887 451 1115 492 aduersum
1157 452 1440 493 incestuosam
1472 453 1560 492 eius
1598 449 1714 492 libi*-

271 512 408 552 dinem
453 510 592 550 debite
634 509 972 563 reprehensionis
1013 509 1334 550 amaritudinem
1379 509 1709 550 destrinxerunt.

271 568 474 622 Cumque.
509 566 768 621 correpcioni
802 567 1054 619 insistentes,
1086 567 1187 607 nihil
1222 582 1265 608 se
1299 582 1347 607 ea
1385 566 1615 621 profecisse
1648 581 1714 607 co-

270 629 538 680 gnoscerent,
565 625 674 679 apud
701 624 994 665 Bremensium
1028 625 1259 665 antistitem
1283 625 1457 665 iniustas
1490 625 1577 665 eius
1610 638 1714 679 nup-

270 684 354 724 cias
400 688 670 734 accusantes,
720 682 863 723 maiori
897 683 1114 737 pontificio
1161 683 1454 736 castigacionis
1495 682 1711 723 arbitrium

268 740 540 795 reliquerunt.
611 741 647 780 A
691 753 772 794 quo
813 754 906 780 cum
950 754 1025 780 rex
1071 754 1145 794 per
1193 754 1354 781 sacram
1395 754 1443 780 ac
1484 741 1712 781 salutarem

267 798 618 838 ammonicionem
652 797 797 838 incesti
842 812 937 839 reus
970 801 1188 852 ageretur,
1223 798 1441 853 discipline
1472 799 1605 839 minas
1639 812 1710 853 op-

266 855 420 910 posuit,
451 869 583 910 seque
625 854 735 896 ferro
780 855 1058 921 corrcpcionis
1104 855 1376 897 insolenciam
1421 869 1709 910 repressurum

266 913 408 954 edixit.
476 913 625 968 Itaque
668 914 913 954 uexacionis
955 913 1196 968 inpaciens,
1229 914 1323 968 plus
1357 914 1592 955 crudelitati
1636 927 1710 954 sue

268 985 392 1037 quam
425 971 680 1012 sacrosancti
721 971 821 1011 iuris
866 971 1025 1012 uiribus
1058 970 1228 1025 indulca
1235 971 1360 1012 ndum
1395 973 1585 1027 putauit,
1619 971 1710 1012 ieli-

266 1029 485 1083 gionisque
517 1043 642 1083 quam
674 1032 804 1083 nupte
837 1028 1027 1069 desertor
1073 1043 1165 1069 esse
1210 1030 1372 1071 maluit.
1437 1029 1529 1077 Que
1560 1043 1625 1069 res
1658 1030 1710 1070 ab

267 1086 686 1140 Hamburgensibus,
729 1086 923 1126 maritimi
961 1087 1137 1140 periculi
1177 1092 1317 1139 metu,
1358 1087 1409 1127 ad
1458 1087 1708 1128 Bremenses

266 1144 528 1198 pontificium
563 1144 785 1185 transtulit.

406 1201 498 1242 IIec
520 1202 764 1243 uoluentem
787 1201 1040 1243 W'illielmus
1064 1203 1327 1257 propositum
1353 1203 1510 1257 exequi
1542 1203 1709 1243 monitis

266 1259 350 1299 suis
381 1273 528 1313 passus
551 1273 633 1299 non
659 1265 735 1301 est.
784 1259 1017 1300 Sanctitate
1049 1260 1159 1301 enim
1184 1260 1344 1301 consilii
1377 1266 1708 1302 consentaneum

265 1316 395 1358 furori
428 1318 628 1371 impetum
661 1317 714 1358 ab
748 1318 836 1358 eius
868 1323 1039 1371 pectore
1073 1318 1299 1370 submouit,
1326 1318 1594 1373 maximaque
1635 1318 1707 1359 do—

268 1375 398 1415 ctrine
437 1390 511 1415 sue
552 1375 875 1430 perseuerancia
917 1375 1100 1415 studium
1145 1375 1232 1417 eius
1277 1389 1301 1416 a
1341 1377 1556 1417 sentencia
1586 1390 1708 1417 reuo-

269 1432 392 1473 cauit.
452 1433 602 1487 Itaque
634 1438 810 1487 repente
842 1434 982 1474 sanior
1014 1433 1191 1475 affectus
1223 1434 1336 1487 regis
1368 1434 1549 1475 animum
1585 1447 1709 1475 occu-

266 1490 395 1544 pauit.
443 1490 726 1531 Salnberrimo
758 1504 941 1544 namque
974 1491 1232 1546 preceptoris
1263 1492 1436 1546 imperio
1467 1491 1708 1547 resipiscere

268 1552 452 1595 coactus,
487 1548 687 1589 continuo
717 1549 858 1589 iniusti
890 1549 1138 1590 concubitus
1164 1563 1318 1590 nexum
1353 1549 1532 1599 rescidit,
1565 1547 1705 1604 delpo-

267 1605 431 1660 sitoque
463 1609 656 1660 stuprose
689 1607 837 1647 mentis
869 1606 1028 1658 ardore,
1062 1612 1236 1662 nuptam
1269 1607 1443 1661 repudio
1476 1607 1703 1648 submouit.

266 1662 356 1704 Nec
399 1664 538 1704 solum
583 1664 644 1704 ira
690 1664 912 1716 abstinuit,
958 1664 1030 1705 sed
1079 1665 1210 1706 eciam
1241 1665 1294 1706 ab
1334 1665 1474 1706 illicita
1507 1665 1705 1705 connubii

267 1721 546 1776 usurpacione
590 1726 774 1763 mentem
818 1723 1010 1763 retraxit.
1074 1722 1245 1777 Gyutha
1279 1736 1472 1777 quoque,
1503 1727 1704 1778 paternos

199 1792 231 1818 J
264 1785 443 1833 penates
495 1784 712 1834 repetens,
765 1781 970 1834 susceptis
1023 1780 1241 1821 uiduitatis
1292 1781 1547 1834 insignibus,
1611 1795 1702 1821 cum

265 1850 427 1878 summa
459 1850 620 1878 morum
665 1838 921 1892 synceritate
954 1839 1197 1891 consenuit,
1238 1839 1560 1893 castitatemque
1592 1838 1704 1880 uotis

265 1894 454 1949 professa
487 1895 615 1935 uirilis
649 1896 892 1937 concubitus
927 1897 1240 1951 experienciam
1264 1896 1486 1945 abdicauit,
1520 1903 1574 1945 et,
1607 1897 1704 1951 quia

265 1953 420 1993 iniusto
454 1968 497 1993 se
531 1953 651 1993 thoro
687 1954 985 2003 maculauerat,
1017 1954 1178 1994 nullum
1201 1954 1374 1995 ulterius
1397 1955 1474 1995 sibi
1497 1955 1576 1994 iuri
1609 1969 1702 1995 esse

264 2010 464 2064 permisit.
534 2010 775 2052 Sanctitatis
819 2010 1024 2066 siquidem
1060 2012 1256 2066 amplexa
1288 2013 1569 2066 propositum,
1611 2012 1702 2053 reli-

265 2081 394 2122 quum
424 2069 510 2109 uite
542 2073 707 2123 tempus
742 2069 879 2110 celebs
903 2070 1056 2123 exegit,
1088 2069 1332 2124 ingentique
1354 2069 1559 2124 pudicicie
1587 2083 1704 2110 seue-

265 2125 391 2166 ritate
425 2125 554 2166 illiciti
587 2127 833 2168 concubitus
865 2139 1020 2167 noxam
1042 2127 1204 2168 licentis
1229 2127 1463 2169 euitacione
1495 2127 1702 2181 pensauit.

266 2182 348 2224 Sed
383 2197 459 2224 nec
490 2184 611 2224 inerti
646 2185 736 2225 ocio
769 2183 976 2239 (tempus)
1004 2183 1174 2225 effluere
1205 2198 1342 2239 passa,
1374 2184 1585 2226 cotidiana
1606 2199 1703 2226 con-

265 2241 490 2282 suetudine
524 2243 733 2295 exquisita
764 2243 1039 2283 sacrariorum
1062 2248 1311 2283 ornamenta
1343 2243 1545 2296 fingebat,
1577 2243 1702 2297 inque

267 2298 443 2340 eandem
486 2312 657 2354 operam
700 2301 941 2341 continuam
988 2300 1276 2341 ancillularum
1325 2315 1465 2341 curam
1510 2300 1701 2352 cogebat.

265 2355 379 2397 Inter
411 2356 492 2411 que
524 2357 786 2412 chlamydem
819 2358 1124 2399 sacerdotalem
1157 2357 1417 2411 su[b]tilibus
1456 2358 1600 2412 sigillis
1633 2373 1703 2399 ex-

267 2415 421 2454 cultam
452 2415 724 2470 precioseque
756 2417 932 2457 materie
965 2416 1153 2470 impensa
1186 2429 1234 2456 ac
1256 2416 1413 2457 mirifici
1447 2416 1582 2470 operis
1611 2422 1701 2456 arte

267 2471 526 2514 elaboratam
569 2472 859 2527 Roskyldensi
902 2473 1083 2514 sacrario
1115 2472 1215 2514 doni
1246 2473 1413 2515 nomine
1444 2473 1595 2527 largita
1627 2479 1701 2513 est.

266 2528 361 2569 Alia
414 2543 582 2585 quoque
634 2530 847 2585 complura
899 2531 1031 2571 diuini
1083 2531 1221 2571 cultus
1267 2531 1446 2585 insignia
1488 2543 1701 2572 sacrorum

266 2586 409 2628 usibus
432 2591 617 2643 operata
649 2592 721 2629 est.

400 2644 542 2687 Sueno
575 2660 677 2687 uero
710 2654 927 2688 sacrorum
958 2646 1331 2688 amministratores
1365 2659 1488 2701 quam
1522 2645 1701 2686 maxime

1775 520 1865 547 CXI*²

1759 1570 1785 1594 p.
1807 1562 1860 1587 559
