1884 3126
390 235 478 295 110¹
950 258 1002 266 -
1064 234 1158 278 1111
1218 259 1271 268 .-

389 376 484 403 cum
507 375 688 417 semper,
721 362 894 418 quesitis
911 362 964 405 de
995 362 1200 404 industria
1230 362 1516 418 subterfugiis,
1546 363 1830 418 pugnancium

388 424 509 474 terga
532 419 752 461 timidioris
774 434 1024 476 progressus
1052 421 1226 476 pigricia
1257 421 1584 477 subsequantur.
1628 421 1707 463 His
1729 435 1829 476 ergo

389 476 441 518 de
473 477 609 519 causis
641 492 786 532 regem
817 479 919 533 fuga
949 484 1163 520 seruatum
1197 479 1430 521 existimari
1461 479 1640 532 debele,
1681 494 1776 521 cum
1807 494 1831 520 a

387 535 508 590 primi
541 535 694 577 ordinis
727 536 926 578 militibus
957 536 1071 578 nulla
1100 536 1406 592 persecucionis
1438 537 1641 579 instancia
1663 537 1831 592 fugiens

341 604 356 630 5
388 598 670 647 premeretur,
715 594 786 649 qui
817 609 901 636 non
934 594 1067 636 uictos
1098 608 1263 644 arcere,
1307 595 1381 637 sed
1415 595 1633 637 uictoriam
1666 609 1832 637 conser-

389 665 489 692 uare
522 665 621 694 cure
653 652 853 700 habeant,
887 652 1147 708 perindeque
1180 666 1335 694 cuneos
1367 653 1556 704 densent,
1588 658 1636 694 ut
1664 652 1831 708 trophei

387 708 554 750 nouitas
601 711 937 765 competentibus
978 711 1077 751 nixa
1118 710 1309 766 presidiis
1350 711 1579 766 perfectam
1615 725 1831 753 successus

388 768 548 821 copiam
582 767 853 823 adsequatur
894 767 1075 809 Secundi
1107 783 1208 810 uero
1241 770 1408 823 generis
1439 773 1710 836 pugnatores
1744 769 1832 824 qui-

389 824 465 865 bus
498 825 664 867 obiecta
695 840 859 892 queque
893 826 1099 881 perimere
1130 826 1315 868 studium
1348 827 1426 878 sit,
1469 842 1552 869 non
1583 826 1725 879 animi,
1756 826 1831 868 sed

326 894 356 920 10
386 884 712 937 opportunitatis
743 884 885 939 inopia
917 884 1129 925 Atliislum
1162 885 1362 926 intactum
1395 885 1579 940 liquisse,
1611 885 1725 940 quod
1759 898 1831 926 eos

385 954 469 981 non
502 946 588 982 tam
619 941 788 983 lodendi
824 956 975 994 ausuS,
1017 955 1142 1007 quam
1184 942 1362 984 facultas
1396 942 1611 984 defecerit.
1673 942 1759 984 Sed
1793 947 1833 984 et

385 998 502 1039 tercii
533 998 716 1041 ordinis
748 1000 887 1053 uiros,
921 999 990 1054 qui
1022 1002 1158 1055 ipsum
1188 1015 1273 1055 pug
1259 1014 1331 1042 ne
1362 1004 1527 1066 tempus
1561 1000 1727 1065 trepido
1759 1014 1831 1042 ua·
1851 1012 1879 1040 x

383 1057 570 1110 gacionis
610 1071 765 1112 genere
807 1033 1084 1110 deducentes,
1126 1072 1343 1100 successus
1385 1059 1517 1100 eciam
1549 1059 1662 1100 socie
1697 1059 1831 1114 partis

383 1115 629 1169 impediunt,
661 1129 900 1171 quanquam
923 1091 1092 1156 ledend⁷i
1115 1116 1223 1170 regis
1245 1117 1382 1158 locum
1405 1116 1659 1168 habuerunt,
1691 1120 1831 1158 atten-

319 1187 351 1213 1.·›
381 1172 496 1213 tandi
529 1179 668 1214 tamen
701 1173 875 1215 audacia
906 1173 1099 1215 caruisse.
1153 1174 1231 1215 His
1263 1173 1396 1216 modis
1415 1174 1706 1216 Wermundus
1739 1178 1831 1215 stu-

384 1229 526 1285 pidam
547 1230 725 1273 Ketonis
747 1231 1088 1273 ammiracionem
1109 1232 1348 1286 absoluens,
1381 1245 1501 1274 ueras
1525 1233 1681 1274 seruati
1714 1232 1826 1286 regis

385 1302 531 1330 causas
564 1290 799 1331 assercione
831 1303 907 1330 sua
939 1288 1072 1330 editas
1105 1291 1381 1332 memorabat.

522 1347 628 1389 Post
670 1348 746 1389 hec
788 1347 979 1388 Athislus
1021 1347 1208 1389 Suetiam
1251 1347 1422 1403 refugus
1467 1348 1599 1403 petit,
1644 1347 1831 1389 Frowini

385 1403 528 1445 cedem
569 1406 855 1460 pertulancius
896 1405 1076 1455 iactans,
1115 1420 1163 1447 ac
1194 1405 1390 1448 facinoris
1422 1405 1545 1447 huius
1576 1405 1829 1447 memoriam

315 1474 352 1502 20
382 1463 565 1504 uerboso
598 1463 770 1504 laudum
801 1477 971 1504 suarum
1003 1464 1141 1505 relatu
1171 1464 1429 1506 incessanter
1463 1469 1703 1517 ostentans,
1744 1476 1829 1503 non

384 1519 495 1575 quod
528 1526 698 1576 recepte
740 1521 868 1563 cladis
909 1521 1107 1563 ruborem
1147 1535 1254 1577 equo
1295 1522 1434 1563 animo
1468 1521 1623 1574 ferret,
1667 1520 1740 1562 sed
1782 1528 1830 1562 ut

384 1579 562 1619 recentis
584 1578 685 1633 fuge
706 1579 860 1620 uulnus
882 1579 1051 1634 antique
1073 1580 1249 1622 uictorie
1271 1580 1401 1633 titulis
1423 1583 1645 1621 recrearet.
1698 1578 1828 1620 Cuius

383 1637 443 1678 rei
472 1636 585 1679 Keto
617 1641 659 1678 et
691 1636 845 1692 Wigo,
886 1641 933 1678 ut
964 1648 1041 1692 par
1073 1642 1185 1691 erat,
1229 1638 1525 1692 indign-acione
1556 1636 1749 1693 permoti,
1783 1637 1828 1677 in

384 1698 556 1749 paterne
599 1695 773 1736 ulcionis
815 1695 953 1747 uotall
977 1695 1212 1737 coniurant.
1274 1695 1410 1743 Quam
1452 1710 1496 1738 se
1536 1709 1685 1750 parum
1718 1694 1828 1735 bello

319 1764 356 1791 25
388 1753 543 1807 exequi
574 1767 698 1808 posse
732 1752 976 1807 credentes,
1020 1759 1186 1808 sumpto
1218 1753 1390 1795 leuioris
1423 1761 1635 1794 armature
1666 1757 1828 1808 paratu,

386 1810 574 1852 Suetiam
608 1811 783 1852 solitarii
814 1815 978 1866 petunt,
1009 1811 1271 1866 ingressique
1302 1825 1462 1862 nemus,
1493 1811 1534 1852 in
1567 1825 1650 1866 quo
1682 1823 1829 1864 regem

386 1870 545 1923 absque
567 1869 720 1910 comite
745 1869 906 1910 uersari
937 1869 1106 1910 solitum
1138 1869 1250 1910 fama
1281 1873 1582 1924 cognouerant,
1614 1869 1698 1909 tela
1727 1868 1828 1908 late-

386 1926 469 1966 bris
503 1927 715 1968 mandant.
770 1926 875 1968 Inde
907 1940 999 1968 cum
1032 1927 1199 1968 Athislo
1230 1927 1508 1992 profugorum
1539 1927 1708 1967 nomine
1740 1925 1828 1966 diu-

386 1984 472 2025 tule
504 1985 756 2035 conuersati,
788 1998 881 2026 cum
904 1984 957 2025 ab
980 1998 1046 2039 eo,
1081 1998 1206 2040 quam
1238 1985 1416 2039 patriam
1450 1985 1671 2043 haberent,
1702 1984 1828 2024 inter-

316 2055 356 2081 30
386 2048 659 2095 regar-entur,
701 2042 989 2084 Slcsuicenses
1022 2056 1066 2084 se
1101 2056 1213 2092 esse,
1259 2031 1522 2097 patriamque
1561 2017 1672 2083 cedis⁷
1704 2054 1829 2083 causa

386 2100 554 2155 liquisse
587 2098 822 2155 testanltur.
866 2100 990 2149 Quod
1022 2114 1099 2150 rex
1131 2113 1204 2141 eos
1226 2115 1309 2142 non
1333 2100 1384 2141 de
1406 2099 1600 2154 patrandi
1632 2099 1828 2141 facinoris
1883 2118 1884 2121 ¹

386 2162 503 2209 uoto,
536 2157 609 2199 sed
643 2158 695 2199 de
725 2159 882 2213 patrati
912 2172 1026 2199 noxa
1058 2158 1290 2200 astruxisse
1317 2157 1530 2200 credebat.
1576 2156 1639 2197 Ea
1671 2157 1826 2212 quippe

386 2215 536 2257 fraude
567 2216 881 2270 percunctantis
912 2215 1095 2257 studium
1139 2215 1311 2257 eludere
1353 2215 1601 2271 cupiebant,
1645 2219 1691 2255 ut
1722 2215 1828 2256 rela-

386 2273 515 2315 cionis
556 2273 762 2315 certitudo
809 2287 975 2315 cassum
1022 2273 1213 2329 querenti
1255 2278 1423 2329 pareret
1464 2272 1745 2325 intellectum,
1787 2275 1828 2312 ct

320 2343 355 2370 35
387 2331 668 2386 responsionis
700 2332 857 2373 ueritas
888 2331 1023 2372 tacitis
1056 2331 1308 2373 adumbrata
1343 2331 1555 2385 figmentis
1588 2330 1827 2386 opinionem

388 2389 596 2430 incuteret
627 2388 834 2431 falsitatis.
885 2389 1117 2430 Plurimum
1149 2389 1303 2444 quippe
1335 2388 1610 2431 deformitatis
1643 2388 1739 2429 olim
1774 2387 1827 2428 ab

385 2445 613 2488 illustribus
653 2447 753 2488 uiris
794 2448 835 2488 in
878 2446 1096 2488 mendacio
1137 2447 1437 2502 reponebatur.
1497 2446 1605 2487 Tum
1636 2445 1826 2486 Athislus

385 2505 491 2546 scire
532 2504 610 2545 sibi
650 2504 815 2546 libitum
858 2505 984 2555 dixit,
1028 2505 1119 2560 quis
1150 2504 1370 2546 Danorum
1414 2503 1611 2558 opinione
1642 2503 1825 2544 Frowini

385 2561 628 2603 interfector
658 2562 868 2604 credatur.
928 2562 998 2604 Ad
1029 2562 1106 2603 hec
1137 2562 1273 2611 Keto,
1317 2561 1519 2612 dubitari,
1561 2561 1716 2616 inquit,
1759 2561 1825 2601 cui

316 2634 352 2663 40
384 2620 491 2664 tanti
513 2618 710 2662 facinoris
733 2620 966 2662 claritatem
987 2621 1178 2675 arrogari
1209 2620 1447 2672 conueniat,
1479 2619 1701 2675 presertim
1732 2632 1823 2659 cum
