1884 3126
703 215 753 220 ψ
816 190 882 232 IX
947 215 992 220 ——
1489 193 1572 236 315

130 319 261 361 filium
286 322 637 375 constantemque
658 319 854 374 partitus.
895 318 954 361 At
972 319 1167 372 Biornus,
1190 321 1296 362 inter
1320 325 1574 363 tesserarum

130 379 266 419 iactus
308 376 447 419 delato
480 377 534 417 ad
566 391 611 419 se
644 382 819 432 paterne
861 378 1005 418 mortis
1049 379 1220 429 nuncio,
1261 384 1378 420 tanta
1409 380 1451 420 ui
1485 393 1574 421 cor-

131 440 296 491 reptum
329 449 454 476 manu
488 435 696 476 calculum
730 437 893 490 pressit,
926 441 972 476 ut
1003 436 1147 479 tabule
1180 451 1349 492 quoque
1383 451 1573 479 cruorem

131 493 271 548 digitis
304 498 518 534 extortum
550 492 815 544 inf11nderet;
859 494 928 534 ubi
970 494 1165 535 nimirum
1206 494 1376 536 fortune
1415 497 1573 536 iactum

81 568 97 592 5
130 552 242 606 ipsa,
283 565 407 606 quam
448 551 672 603 uersabat,
715 552 807 592 alea
848 552 1051 592 leuiorem
1095 566 1186 593 esse
1227 552 1384 594 didicit.
1447 553 1572 600 Quod

62 859 97 885 10

60 1149 96 1175 15

62 1437 99 1463 ¹20

59 2306 97 2333 35

61 2595 97 2622 40

131 609 307 651 audiens
340 609 481 660 Hella,
514 609 627 650 hunc
658 609 785 650 trium
816 610 1003 665 parentis
1037 609 1197 650 obitum
1234 610 1403 652 forciori
1448 611 1573 652 animi

131 669 282 709 robore
313 667 566 709 sustinuisse
597 667 824 719 iudicauit,
866 668 934 722 qui
982 667 1080 708 nihil
1115 668 1281 722 pictatis
1316 669 1404 711 eius
1437 669 1571 710 funeri

129 725 405 780 prestitisset,
452 724 635 780 ideoque
667 725 746 766 sibi
780 725 894 766 Iuari
927 726 1279 780 suspectissimam
1302 727 1459 777 ‘haberi
1493 727 1572 767 uir-

131 790 277 825 tutem.
332 783 484 824 luarus
517 796 635 834 uero,
667 784 811 838 petitis
846 783 999 835 Anglie
1032 784 1235 838 partibus,
1268 798 1360 825 cum
1395 785 1574 826 classem

129 856 248 883 suam
281 841 531 883 conserendi
563 855 660 882 cum
694 841 813 882 hoste
849 841 945 881 belli
992 842 1267 896 impotentem
1312 842 1574 883 animaduer-

130 904 259 950 teret,
302 903 439 940 astum
481 898 660 941 audacie
703 898 944 954 preferens,
977 899 1146 940 Hellam
1190 901 1382 941 acumine
1423 904 1572 952 tentat,

129 958 318 1013 spacium
351 957 456 1008 arui,
489 962 695 1012 quantum
729 959 882 1012 equino
915 963 1083 1012 tergore
1107 958 1328 1012 complecti
1351 958 1571 1012 potuisset.

129 1017 170 1057 in
203 1019 421 1071 sequestre
453 1015 566 1070 pacis
598 1015 750 1069 pignus
782 1016 1070 1071 expostulans.
1131 1015 1185 1057 Et
1219 1015 1398 1070 quidem,
1422 1015 1435 1069 Η
1460 1015 1571 1070 quod

130 1074 268 1129 peciit,
299 1074 556 1129 impetrauit.
597 1073 691 1115 Rex
717 1073 839 1126 enim,
872 1087 1005 1129 paruo
1028 1087 1176 1128 preces
1199 1079 1310 1115 stare
1335 1086 1573 1120 autumans,

128 1146 152 1172 a
182 1136 299 1173 tanto
333 1131 454 1172 hoste
498 1131 699 1186 exiguum
741 1146 897 1187 magne
930 1132 988 1172 rei
1019 1132 1112 1172 loco
1153 1132 1292 1187 expeti
1334 1132 1573 1185 gratulatus

130 1194 204 1240 est,
237 1194 375 1238 ratus,
417 1203 620 1245 perquam
654 1190 785 1230 breue
818 1198 961 1244 tergus
1007 1189 1224 1244 paululum
1257 1190 1362 1231 ruris
1396 1204 1573 1245 occupa-

130 1254 285 1290 turum.
329 1247 389 1289 At
431 1246 605 1294 Iuarus,
652 1248 765 1288 corio
808 1249 848 1288 in
890 1247 1022 1288 exiles
1063 1248 1112 1287 ad
1156 1247 1327 1289 modum
1376 1248 1572 1302 corrigias

130 1305 291 1347 scissim
316 1310 522 1356 extracto,
551 1305 734 1346 habilem
759 1305 1049 1347 exedificande
1072 1306 1162 1346 urbi
1184 1320 1331 1360 agrum
1354 1305 1571 1360 implicuit.

131 1364 267 1418 Igitur
286 1363 427 1417 Hella,
458 1363 766 1419 prodigalitatis
798 1364 1032 1419 penitencia
1064 1363 1330 1415 succedente,
1363 1363 1572 1418 magnitu-

132 1421 271 1464 dinem
313 1422 414 1464 corii
446 1436 540 1463 sera
581 1422 849 1464 estimacione
890 1422 1081 1475 collegit,
1123 1421 1302 1463 diuisam
1345 1422 1568 1462 cuticulam

130 1480 290 1522 reccius
324 1494 448 1535 quam
481 1480 736 1522 incolumem
771 1495 956 1521 mensus.
1019 1480 1155 1527 Quum
1189 1480 1298 1521 enim
1331 1480 1530 1531 exiguum
1565 1476 1570 1534 Ι

129 1538 207 1579 soli
229 1539 462 1580 cincturam
485 1537 672 1588 credidit,
696 1538 954 1593 amplissima
976 1538 1121 1591 iugera
1143 1538 1271 1579 lacius
1295 1542 1571 1592 occupantem

129 1596 311 1650 aspexit.
369 1595 654 1637 Iuarus'uero
689 1596 856 1638 condite
889 1595 978 1636 urbi
1012 1595 1181 1636 abunde
1213 1595 1467 1637 suffecturos
1500 1595 1571 1636 ob-

130 1654 283 1696 sidioni
315 1660 576 1696 commeatus
610 1654 797 1705 inuexit,
830 1654 883 1695 ab
914 1653 1053 1695 inedia
1086 1653 1259 1708 perinde
1292 1658 1419 1708 atque
1450 1653 1572 1693 hoste

81 1729 91 1734 ·
131 1711 350 1754 defensam
383 1712 529 1753 haberi
561 1713 744 1767 cupiens

267 1770 437 1812 Interea
469 1770 673 1811 Siuardus
716 1784 766 1811 ac
806 1770 989 1810 Biornus
1032 1783 1127 1810 cum
1169 1768 1570 1824 quadringentarum

129 1828 300 1870 nauium
334 1829 465 1870 classe
498 1828 870 1884 superuenientes,
916 1827 1070 1868 bellum
1104 1828 1192 1881 regi
1224 1826 1445 1868 manifesta
1477 1840 1571 1881 pro-

129 1887 358 1928 uocacione
405 1886 653 1940 significant.
722 1886 854 1940 quue
899 1883 1083 1926 *statuto
1130 1890 1318 1939 tempore
1364 1884 1566 1933 exsecuti,

130 1944 422 1999 comprehensi
462 1944 592 1999 ipsius
634 1944 805 1986 dorsum
845 1944 971 1997 plaga
1004 1943 1187 1997 aquilam
1218 1943 1432 1997 figurante
1464 1941 1572 1982 affici

61 2016 77 2042 :3
128 2001 288 2054 iubent,
317 2002 583 2044 senissimum
608 2002 773 2044 hostem
797 2001 1048 2043 atrocissimi
1071 2001 1181 2041 alitis
1203 2001 1324 2054 signo
1348 2000 1572 2055 profligare

128 2058 381 2115 gaudentes.
442 2059 532 2102 Nec
578 2060 733 2101 uulnus
781 2059 1043 2113 impressisse
1091 2059 1298 2110 contenti,
1343 2058 1571 2099 laceratam

129 2118 309 2160 saliuere
333 2132 518 2161 carnem.
559 2117 718 2159 Taliter
739 2122 960 2173 perempto
985 2116 1124 2166 Hella,
1154 2116 1336 2157 Biornus
1359 2130 1406 2157 ac
1431 2115 1572 2156 Siuar-

129 2176 208 2218 <lus
231 2189 363 2231 regna
390 2181 466 2218 su‘a
497 2176 674 2218 reduces
707 2176 968 2232 expetiuere.
1011 2174 1161 2216 Iuarus
1184 2174 1382 2228 Angliam
1404 2173 1570 2215 biennio

129 2235 282 2276 tenuit.
345 2234 517 2276 Interea
547 2234 678 2276 Dani.
719 2233 1145 2289 perseuerantissima
1186 2232 1340 2273 bellum
1381 2230 1572 2273 faccione

130 2293 356 2347 complexi,
389 2290 571 2333 Siuardo
594 2292 760 2334 cuidam
784 2297 915 2344 atque
933 2290 1071 2339 Erico,
1104 2291 1219 2345 regia
1250 2295 1376 2345 gente
1408 2289 1571 2340 creatis,

130 2350 343 2405 publicam
386 2350 576 2392 detulere
623 2349 903 2406 tyrannidem.
966 2349 1083 2396 Quos
1123 2349 1309 2402 Regneri
1350 2347 1418 2388 filii
1462 2360 1573 2387 com-

130 2408 312 2449 muniter
343 2408 456 2449 mille
489 2408 851 2463 septingentarum
895 2407 1069 2448 nauium
1108 2407 1240 2447 classe
1272 2404 1383 2461 apud
1416 2405 1572 2446 Slesui-

130 2480 225 2507 cum
243 2465 393 2515 adorti,
416 2466 609 2508 semestri
628 2465 826 2507 deleuere
842 2478 1000 2520 pugna.
1045 2464 1190 2506 Colles
1207 2463 1361 2504 indicio
1385 2467 1571 2503 manent.

129 2522 222 2565 Nec
252 2524 392 2565 minus
421 2523 470 2576 is,
500 2523 613 2579 apud
647 2537 774 2579 quem
805 2522 1100 2577 belligeratum
1132 2525 1219 2575 est,
1261 2521 1376 2562 sinus
1407 2518 1574 2561 Sinardi

129 2582 276 2624 funere
307 2581 515 2624 inclaruit.
558 2581 733 2638 Iamque
765 2585 907 2637 preter
928 2579 1118 2636 Regneri
1138 2579 1242 2622 filios
1268 2579 1412 2634 regius
1443 2591 1574 2633 prope

1626 1019 1718 1055 (ιῖτ)

1627 1555 1653 1580 p.
1673 1547 1722 1572 403

1605 1892 1747 1921 XCllllb
