<?xml version="1.0" encoding="UTF-8"?>
<!DOCTYPE html PUBLIC "-//W3C//DTD XHTML 1.0 Transitional//EN"
    "http://www.w3.org/TR/xhtml1/DTD/xhtml1-transitional.dtd">
<html xmlns="http://www.w3.org/1999/xhtml" xml:lang="en" lang="en">
 <head>
  <title>
</title>
<meta http-equiv="Content-Type" content="text/html;charset=utf-8" />
  <meta name='ocr-system' content='tesseract 3.04.00' />
  <meta name='ocr-capabilities' content='ocr_page ocr_carea ocr_par ocr_line ocrx_word'/>
</head>
<body>
  <div class='ocr_page' id='page_1' title='image "./saxonisgrammatic00saxouoft_0638.png"; bbox 0 0 1884 3126; ppageno 0'>
   <div class='ocr_carea' id='block_1_1' title="bbox 324 188 1225 235">
    <p class='ocr_par' dir='ltr' id='par_1_1' title="bbox 324 188 1225 235">
     <span class='ocr_line' id='line_1_1' title="bbox 324 188 1225 235; baseline -0.007 0"><span class='ocrx_word' id='word_1_1' title='bbox 324 194 408 235; x_wconf 86' lang='lat'>544</span> <span class='ocrx_word' id='word_1_2' title='bbox 861 212 914 219; x_wconf 91' lang='lat'>-—-</span> <span class='ocrx_word' id='word_1_3' title='bbox 973 188 1111 230; x_wconf 89' lang='lat' dir='ltr'>XIIII</span> <span class='ocrx_word' id='word_1_4' title='bbox 1171 211 1225 218; x_wconf 90' lang='lat'>-</span> 
     </span>
    </p>
   </div>
   <div class='ocr_carea' id='block_1_2' title="bbox 248 315 1878 2626">
    <p class='ocr_par' dir='ltr' id='par_1_2' title="bbox 322 315 1878 545">
     <span class='ocr_line' id='line_1_2' title="bbox 323 315 1764 374; baseline -0.001 -14"><span class='ocrx_word' id='word_1_5' title='bbox 323 324 455 374; x_wconf 88' lang='lat' dir='ltr'>parte,</span> <span class='ocrx_word' id='word_1_6' title='bbox 487 317 607 373; x_wconf 87' lang='lat' dir='ltr'>graui</span> <span class='ocrx_word' id='word_1_7' title='bbox 640 320 682 357; x_wconf 89' lang='lat' dir='ltr'>et</span> <span class='ocrx_word' id='word_1_8' title='bbox 714 316 951 371; x_wconf 90' lang='lat' dir='ltr'>composito</span> <span class='ocrx_word' id='word_1_9' title='bbox 984 315 1139 359; x_wconf 83' lang='lat' dir='ltr'>milicie</span> <span class='ocrx_word' id='word_1_10' title='bbox 1171 329 1349 371; x_wconf 84' lang='lat' dir='ltr'>genere,</span> <span class='ocrx_word' id='word_1_11' title='bbox 1381 315 1584 370; x_wconf 83' lang='lat' dir='ltr'>paulatim</span> <span class='ocrx_word' id='word_1_12' title='bbox 1617 329 1764 372; x_wconf 83' lang='lat' dir='ltr'>proce·</span> 
     </span>
     <span class='ocr_line' id='line_1_3' title="bbox 324 373 1764 430; baseline -0.001 -13"><span class='ocrx_word' id='word_1_13' title='bbox 324 377 423 418; x_wconf 85' lang='lat' dir='ltr'>dere</span> <span class='ocrx_word' id='word_1_14' title='bbox 469 375 608 417; x_wconf 87' lang='lat' dir='ltr'>solito.</span> <span class='ocrx_word' id='word_1_15' title='bbox 688 373 839 430; x_wconf 89' lang='lat' dir='ltr'>Itaque</span> <span class='ocrx_word' id='word_1_16' title='bbox 885 373 1102 428; x_wconf 89' lang='lat' dir='ltr'>pugnandi</span> <span class='ocrx_word' id='word_1_17' title='bbox 1151 373 1272 429; x_wconf 91' lang='lat' dir='ltr'>copia</span> <span class='ocrx_word' id='word_1_18' title='bbox 1321 387 1530 429; x_wconf 80' lang='lat' dir='ltr'>nusquam</span> <span class='ocrx_word' id='word_1_19' title='bbox 1579 378 1764 429; x_wconf 88' lang='lat' dir='ltr'>accepta,</span> 
     </span>
     <span class='ocr_line' id='line_1_4' title="bbox 322 431 1878 487; baseline -0.002 -12"><span class='ocrx_word' id='word_1_20' title='bbox 322 432 542 487; x_wconf 88' lang='lat' dir='ltr'>magnam*</span> <span class='ocrx_word' id='word_1_21' title='bbox 573 431 756 485; x_wconf 82' lang='lat' dir='ltr'>regionis</span> <span class='ocrx_word' id='word_1_22' title='bbox 796 436 962 486; x_wconf 87' lang='lat' dir='ltr'>partem</span> <span class='ocrx_word' id='word_1_23' title='bbox 1000 445 1272 486; x_wconf 77' lang='lat' dir='ltr'>permensus,</span> <span class='ocrx_word' id='word_1_24' title='bbox 1315 432 1484 473; x_wconf 87' lang='lat' dir='ltr'>tandem</span> <span class='ocrx_word' id='word_1_25' title='bbox 1529 436 1764 486; x_wconf 81' lang='lat' dir='ltr'>equestrem</span> <span class='ocrx_word' id='word_1_26' title='bbox 1795 439 1878 467; x_wconf 73' lang='lat' dir='ltr'>CLX</span> 
     </span>
     <span class='ocr_line' id='line_1_5' title="bbox 323 488 1766 545; baseline -0.001 -13"><span class='ocrx_word' id='word_1_27' title='bbox 323 504 490 532; x_wconf 88' lang='lat' dir='ltr'>manum</span> <span class='ocrx_word' id='word_1_28' title='bbox 522 489 726 545; x_wconf 86' lang='lat' dir='ltr'>predandi</span> <span class='ocrx_word' id='word_1_29' title='bbox 759 489 900 543; x_wconf 83' lang='lat' dir='ltr'>gracia</span> <span class='ocrx_word' id='word_1_30' title='bbox 927 489 1066 543; x_wconf 78' lang='lat' dir='ltr'>spargi</span> <span class='ocrx_word' id='word_1_31' title='bbox 1101 488 1314 543; x_wconf 81' lang='lat' dir='ltr'>permisit,</span> <span class='ocrx_word' id='word_1_32' title='bbox 1346 503 1591 544; x_wconf 86' lang='lat' dir='ltr'>paucosque</span> <span class='ocrx_word' id='word_1_33' title='bbox 1623 503 1766 531; x_wconf 91' lang='lat' dir='ltr'>secum</span> 
     </span>
    </p>

    <p class='ocr_par' dir='ltr' id='par_1_3' title="bbox 271 545 1766 834">
     <span class='ocr_line' id='line_1_6' title="bbox 271 545 1764 594; baseline 0.001 -6"><span class='ocrx_word' id='word_1_34' title='bbox 271 567 287 594; x_wconf 84' lang='lat'>5</span> <span class='ocrx_word' id='word_1_35' title='bbox 320 548 362 589; x_wconf 92' lang='lat' dir='ltr'>in</span> <span class='ocrx_word' id='word_1_36' title='bbox 395 547 596 590; x_wconf 89' lang='lat' dir='ltr'>comitatu</span> <span class='ocrx_word' id='word_1_37' title='bbox 627 546 818 588; x_wconf 91' lang='lat' dir='ltr'>residuos</span> <span class='ocrx_word' id='word_1_38' title='bbox 850 545 1008 587; x_wconf 88' lang='lat' dir='ltr'>habuit.</span> <span class='ocrx_word' id='word_1_39' title='bbox 1049 546 1141 587; x_wconf 90' lang='lat' dir='ltr'>Illic</span> <span class='ocrx_word' id='word_1_40' title='bbox 1161 545 1270 587; x_wconf 86' lang='lat' dir='ltr'>forte</span> <span class='ocrx_word' id='word_1_41' title='bbox 1295 548 1448 588; x_wconf 91' lang='lat' dir='ltr'>nuncio</span> <span class='ocrx_word' id='word_1_42' title='bbox 1472 547 1524 588; x_wconf 91' lang='lat' dir='ltr'>de</span> <span class='ocrx_word' id='word_1_43' title='bbox 1555 548 1764 589; x_wconf 91' lang='lat' dir='ltr'>sociorum</span> 
     </span>
     <span class='ocr_line' id='line_1_7' title="bbox 321 604 1766 660; baseline -0.001 -14"><span class='ocrx_word' id='word_1_44' title='bbox 321 606 593 647; x_wconf 85' lang='lat' dir='ltr'>conclusione</span> <span class='ocrx_word' id='word_1_45' title='bbox 626 609 843 659; x_wconf 87' lang='lat' dir='ltr'>suscepto,</span> <span class='ocrx_word' id='word_1_46' title='bbox 879 618 1006 660; x_wconf 87' lang='lat' dir='ltr'>quam</span> <span class='ocrx_word' id='word_1_47' title='bbox 1047 604 1135 645; x_wconf 90' lang='lat' dir='ltr'>sine</span> <span class='ocrx_word' id='word_1_48' title='bbox 1177 618 1380 645; x_wconf 88' lang='lat' dir='ltr'>succursu</span> <span class='ocrx_word' id='word_1_49' title='bbox 1421 618 1546 659; x_wconf 90' lang='lat' dir='ltr'>posse</span> <span class='ocrx_word' id='word_1_50' title='bbox 1578 605 1766 660; x_wconf 84' lang='lat' dir='ltr'>effugere</span> 
     </span>
     <span class='ocr_line' id='line_1_8' title="bbox 320 661 1764 717; baseline -0.001 -13"><span class='ocrx_word' id='word_1_51' title='bbox 320 662 611 717; x_wconf 83' lang='lat' dir='ltr'>negabantur,</span> <span class='ocrx_word' id='word_1_52' title='bbox 659 675 805 703; x_wconf 87' lang='lat' dir='ltr'>eorum</span> <span class='ocrx_word' id='word_1_53' title='bbox 851 661 1000 715; x_wconf 88' lang='lat' dir='ltr'>saluti,</span> <span class='ocrx_word' id='word_1_54' title='bbox 1053 661 1193 716; x_wconf 87' lang='lat' dir='ltr'>quoad</span> <span class='ocrx_word' id='word_1_55' title='bbox 1244 662 1396 703; x_wconf 83' lang='lat' dir='ltr'>milites</span> <span class='ocrx_word' id='word_1_56' title='bbox 1448 668 1764 714; x_wconf 86' lang='lat' dir='ltr'>reuocarentur,</span> 
     </span>
     <span class='ocr_line' id='line_1_9' title="bbox 320 719 1764 776; baseline 0 -15"><span class='ocrx_word' id='word_1_57' title='bbox 320 720 468 762; x_wconf 85' lang='lat' dir='ltr'>adesse</span> <span class='ocrx_word' id='word_1_58' title='bbox 499 734 582 762; x_wconf 90' lang='lat' dir='ltr'>non</span> <span class='ocrx_word' id='word_1_59' title='bbox 618 720 801 774; x_wconf 82' lang='lat' dir='ltr'>distulit,</span> <span class='ocrx_word' id='word_1_60' title='bbox 845 733 981 775; x_wconf 91' lang='lat' dir='ltr'>neque</span> <span class='ocrx_word' id='word_1_61' title='bbox 1013 719 1092 760; x_wconf 88' lang='lat' dir='ltr'>sibi</span> <span class='ocrx_word' id='word_1_62' title='bbox 1136 719 1334 761; x_wconf 89' lang='lat' dir='ltr'>comitum</span> <span class='ocrx_word' id='word_1_63' title='bbox 1367 721 1646 775; x_wconf 87' lang='lat' dir='ltr'>paucitatem,</span> <span class='ocrx_word' id='word_1_64' title='bbox 1681 734 1764 776; x_wconf 92' lang='lat' dir='ltr'>quo</span> 
     </span>
     <span class='ocr_line' id='line_1_10' title="bbox 320 778 1766 834; baseline 0.001 -15"><span class='ocrx_word' id='word_1_65' title='bbox 320 779 458 819; x_wconf 90' lang='lat' dir='ltr'>minus</span> <span class='ocrx_word' id='word_1_66' title='bbox 501 778 722 819; x_wconf 91' lang='lat' dir='ltr'>conclusos</span> <span class='ocrx_word' id='word_1_67' title='bbox 764 783 957 832; x_wconf 86' lang='lat' dir='ltr'>peteret,</span> <span class='ocrx_word' id='word_1_68' title='bbox 999 778 1168 818; x_wconf 87' lang='lat' dir='ltr'>obstare</span> <span class='ocrx_word' id='word_1_69' title='bbox 1199 778 1411 832; x_wconf 86' lang='lat' dir='ltr'>permisit,</span> <span class='ocrx_word' id='word_1_70' title='bbox 1455 778 1528 819; x_wconf 91' lang='lat' dir='ltr'>sed</span> <span class='ocrx_word' id='word_1_71' title='bbox 1561 779 1766 834; x_wconf 89' lang='lat' dir='ltr'>protinus,</span> 
     </span>
    </p>

    <p class='ocr_par' dir='ltr' id='par_1_4' title="bbox 252 835 1766 1122">
     <span class='ocr_line' id='line_1_11' title="bbox 252 835 1764 891; baseline 0.001 -15"><span class='ocrx_word' id='word_1_72' title='bbox 252 854 289 882; x_wconf 91' lang='lat'>10</span> <span class='ocrx_word' id='word_1_73' title='bbox 320 836 529 891; x_wconf 90' lang='lat' dir='ltr'>primipilo</span> <span class='ocrx_word' id='word_1_74' title='bbox 562 836 681 890; x_wconf 90' lang='lat' dir='ltr'>signa</span> <span class='ocrx_word' id='word_1_75' title='bbox 711 835 909 877; x_wconf 82' lang='lat' dir='ltr'>attollere</span> <span class='ocrx_word' id='word_1_76' title='bbox 940 835 1068 887; x_wconf 81' lang='lat' dir='ltr'>iusso,</span> <span class='ocrx_word' id='word_1_77' title='bbox 1101 835 1226 889; x_wconf 91' lang='lat' dir='ltr'>pleno</span> <span class='ocrx_word' id='word_1_78' title='bbox 1258 835 1410 876; x_wconf 90' lang='lat' dir='ltr'>fiducie</span> <span class='ocrx_word' id='word_1_79' title='bbox 1432 836 1579 890; x_wconf 91' lang='lat' dir='ltr'>spiritu</span> <span class='ocrx_word' id='word_1_80' title='bbox 1611 836 1764 889; x_wconf 90' lang='lat' dir='ltr'>locum,</span> 
     </span>
     <span class='ocr_line' id='line_1_12' title="bbox 320 893 1766 949; baseline 0.002 -16"><span class='ocrx_word' id='word_1_81' title='bbox 320 896 361 934; x_wconf 93' lang='lat' dir='ltr'>in</span> <span class='ocrx_word' id='word_1_82' title='bbox 395 908 477 949; x_wconf 90' lang='lat' dir='ltr'>quo</span> <span class='ocrx_word' id='word_1_83' title='bbox 512 893 862 943; x_wconf 81' lang='lat' dir='ltr'>continebantur,</span> <span class='ocrx_word' id='word_1_84' title='bbox 894 893 1091 945; x_wconf 89' lang='lat' dir='ltr'>accessit,</span> <span class='ocrx_word' id='word_1_85' title='bbox 1131 906 1266 947; x_wconf 91' lang='lat' dir='ltr'>eoque</span> <span class='ocrx_word' id='word_1_86' title='bbox 1310 893 1593 935; x_wconf 85' lang='lat' dir='ltr'>festinacionis</span> <span class='ocrx_word' id='word_1_87' title='bbox 1634 894 1766 949; x_wconf 84' lang='lat' dir='ltr'>signo,</span> 
     </span>
     <span class='ocr_line' id='line_1_13' title="bbox 319 950 1766 1006; baseline 0 -14"><span class='ocrx_word' id='word_1_88' title='bbox 319 966 497 1006; x_wconf 89' lang='lat' dir='ltr'>perosus</span> <span class='ocrx_word' id='word_1_89' title='bbox 537 951 733 1006; x_wconf 80' lang='lat' dir='ltr'>predam,</span> <span class='ocrx_word' id='word_1_90' title='bbox 774 951 936 1006; x_wconf 83' lang='lat' dir='ltr'>equites</span> <span class='ocrx_word' id='word_1_91' title='bbox 983 950 1036 991; x_wconf 88' lang='lat' dir='ltr'>ad</span> <span class='ocrx_word' id='word_1_92' title='bbox 1080 965 1126 993; x_wconf 91' lang='lat' dir='ltr'>se</span> <span class='ocrx_word' id='word_1_93' title='bbox 1173 951 1399 994; x_wconf 83' lang='lat' dir='ltr'>contraxit.</span> <span class='ocrx_word' id='word_1_94' title='bbox 1463 951 1600 1000; x_wconf 74' lang='lat' dir='ltr'>Quem</span> <span class='ocrx_word' id='word_1_95' title='bbox 1646 956 1766 993; x_wconf 84' lang='lat' dir='ltr'>tanta</span> 
     </span>
     <span class='ocr_line' id='line_1_14' title="bbox 319 1008 1765 1065; baseline -0.001 -15"><span class='ocrx_word' id='word_1_96' title='bbox 319 1009 473 1050; x_wconf 86' lang='lat' dir='ltr'>fiducia</span> <span class='ocrx_word' id='word_1_97' title='bbox 505 1013 688 1065; x_wconf 86' lang='lat' dir='ltr'>ceperat,</span> <span class='ocrx_word' id='word_1_98' title='bbox 721 1013 767 1049; x_wconf 90' lang='lat' dir='ltr'>ut</span> <span class='ocrx_word' id='word_1_99' title='bbox 797 1010 891 1064; x_wconf 87' lang='lat' dir='ltr'>plus</span> <span class='ocrx_word' id='word_1_100' title='bbox 923 1008 1095 1050; x_wconf 83' lang='lat' dir='ltr'>remedii</span> <span class='ocrx_word' id='word_1_101' title='bbox 1117 1008 1156 1049; x_wconf 91' lang='lat' dir='ltr'>in</span> <span class='ocrx_word' id='word_1_102' title='bbox 1184 1008 1399 1050; x_wconf 86' lang='lat' dir='ltr'>celeritate</span> <span class='ocrx_word' id='word_1_103' title='bbox 1422 1023 1546 1064; x_wconf 86' lang='lat' dir='ltr'>quam</span> <span class='ocrx_word' id='word_1_104' title='bbox 1579 1010 1619 1051; x_wconf 91' lang='lat' dir='ltr'>in</span> <span class='ocrx_word' id='word_1_105' title='bbox 1643 1009 1765 1050; x_wconf 90' lang='lat' dir='ltr'>sociis</span> 
     </span>
     <span class='ocr_line' id='line_1_15' title="bbox 320 1066 1765 1122; baseline 0.001 -15"><span class='ocrx_word' id='word_1_106' title='bbox 320 1066 504 1109; x_wconf 86' lang='lat' dir='ltr'>duceret.</span> <span class='ocrx_word' id='word_1_107' title='bbox 568 1066 697 1108; x_wconf 84' lang='lat' dir='ltr'>Cuius</span> <span class='ocrx_word' id='word_1_108' title='bbox 743 1068 975 1108; x_wconf 87' lang='lat' dir='ltr'>aduentum</span> <span class='ocrx_word' id='word_1_109' title='bbox 1016 1066 1334 1121; x_wconf 81' lang='lat' dir='ltr'>Sialandenses,</span> <span class='ocrx_word' id='word_1_110' title='bbox 1379 1067 1449 1122; x_wconf 91' lang='lat' dir='ltr'>qui</span> <span class='ocrx_word' id='word_1_111' title='bbox 1480 1068 1588 1108; x_wconf 90' lang='lat' dir='ltr'>intra</span> <span class='ocrx_word' id='word_1_112' title='bbox 1621 1067 1765 1108; x_wconf 83' lang='lat' dir='ltr'>diffici-</span> 
     </span>
    </p>

    <p class='ocr_par' dir='ltr' id='par_1_5' title="bbox 251 1124 1766 1412">
     <span class='ocr_line' id='line_1_16' title="bbox 251 1124 1766 1179; baseline 0.001 -14"><span class='ocrx_word' id='word_1_113' title='bbox 251 1143 286 1169; x_wconf 84' lang='lat'>15</span> <span class='ocrx_word' id='word_1_114' title='bbox 316 1125 417 1165; x_wconf 86' lang='lat' dir='ltr'>lium</span> <span class='ocrx_word' id='word_1_115' title='bbox 459 1125 649 1166; x_wconf 88' lang='lat' dir='ltr'>locorum</span> <span class='ocrx_word' id='word_1_116' title='bbox 692 1125 910 1179; x_wconf 85' lang='lat' dir='ltr'>angustias</span> <span class='ocrx_word' id='word_1_117' title='bbox 954 1124 1249 1176; x_wconf 83' lang='lat' dir='ltr'>arctabantur,</span> <span class='ocrx_word' id='word_1_118' title='bbox 1282 1125 1469 1179; x_wconf 81' lang='lat' dir='ltr'>experti,</span> <span class='ocrx_word' id='word_1_119' title='bbox 1510 1125 1766 1167; x_wconf 90' lang='lat' dir='ltr'>imminentis</span> 
     </span>
     <span class='ocr_line' id='line_1_17' title="bbox 320 1181 1764 1238; baseline 0 -15"><span class='ocrx_word' id='word_1_120' title='bbox 320 1183 464 1224; x_wconf 81' lang='lat' dir='ltr'>auxilii</span> <span class='ocrx_word' id='word_1_121' title='bbox 495 1183 649 1223; x_wconf 88' lang='lat' dir='ltr'>fiducia</span> <span class='ocrx_word' id='word_1_122' title='bbox 684 1196 770 1232; x_wconf 84' lang='lat' dir='ltr'>cos,</span> <span class='ocrx_word' id='word_1_123' title='bbox 801 1197 824 1223; x_wconf 87' lang='lat' dir='ltr'>a</span> <span class='ocrx_word' id='word_1_124' title='bbox 858 1182 1010 1237; x_wconf 90' lang='lat' dir='ltr'>quibus</span> <span class='ocrx_word' id='word_1_125' title='bbox 1044 1181 1358 1223; x_wconf 88' lang='lat' dir='ltr'>obsidebantur.</span> <span class='ocrx_word' id='word_1_126' title='bbox 1393 1183 1607 1224; x_wconf 88' lang='lat' dir='ltr'>incursare</span> <span class='ocrx_word' id='word_1_127' title='bbox 1641 1197 1764 1238; x_wconf 88' lang='lat' dir='ltr'>cepc-</span> 
     </span>
     <span class='ocr_line' id='line_1_18' title="bbox 317 1240 1764 1295; baseline 0.001 -14"><span class='ocrx_word' id='word_1_128' title='bbox 317 1247 437 1291; x_wconf 74' lang='lat' dir='ltr'>runt,</span> <span class='ocrx_word' id='word_1_129' title='bbox 476 1255 528 1281; x_wconf 87' lang='lat' dir='ltr'>ne</span> <span class='ocrx_word' id='word_1_130' title='bbox 570 1240 805 1294; x_wconf 87' lang='lat' dir='ltr'>periculum</span> <span class='ocrx_word' id='word_1_131' title='bbox 848 1240 983 1281; x_wconf 89' lang='lat' dir='ltr'>aliena</span> <span class='ocrx_word' id='word_1_132' title='bbox 1029 1240 1186 1280; x_wconf 91' lang='lat' dir='ltr'>uirtute</span> <span class='ocrx_word' id='word_1_133' title='bbox 1217 1240 1467 1295; x_wconf 89' lang='lat' dir='ltr'>propulsare</span> <span class='ocrx_word' id='word_1_134' title='bbox 1507 1241 1764 1282; x_wconf 86' lang='lat' dir='ltr'>uiderentur.</span> 
     </span>
     <span class='ocr_line' id='line_1_19' title="bbox 320 1297 1764 1353; baseline 0.001 -15"><span class='ocrx_word' id='word_1_135' title='bbox 320 1298 471 1353; x_wconf 79' lang='lat' dir='ltr'>ltaque</span> <span class='ocrx_word' id='word_1_136' title='bbox 505 1298 666 1339; x_wconf 85' lang='lat' dir='ltr'>Sclauis</span> <span class='ocrx_word' id='word_1_137' title='bbox 708 1299 857 1352; x_wconf 88' lang='lat' dir='ltr'>partim</span> <span class='ocrx_word' id='word_1_138' title='bbox 891 1297 1048 1350; x_wconf 90' lang='lat' dir='ltr'>solido,</span> <span class='ocrx_word' id='word_1_139' title='bbox 1081 1297 1233 1352; x_wconf 89' lang='lat' dir='ltr'>partim</span> <span class='ocrx_word' id='word_1_140' title='bbox 1266 1311 1426 1352; x_wconf 90' lang='lat' dir='ltr'>aquoso</span> <span class='ocrx_word' id='word_1_141' title='bbox 1470 1299 1617 1340; x_wconf 86' lang='lat' dir='ltr'>itinere</span> <span class='ocrx_word' id='word_1_142' title='bbox 1651 1299 1764 1339; x_wconf 89' lang='lat' dir='ltr'>dela-</span> 
     </span>
     <span class='ocr_line' id='line_1_20' title="bbox 319 1355 1763 1412; baseline 0.001 -15"><span class='ocrx_word' id='word_1_143' title='bbox 319 1356 538 1407; x_wconf 86' lang='lat' dir='ltr'>bentibus,</span> <span class='ocrx_word' id='word_1_144' title='bbox 575 1356 802 1411; x_wconf 85' lang='lat' dir='ltr'>Eskyllus,</span> <span class='ocrx_word' id='word_1_145' title='bbox 845 1355 972 1396; x_wconf 89' lang='lat' dir='ltr'>animi</span> <span class='ocrx_word' id='word_1_146' title='bbox 1016 1362 1056 1396; x_wconf 90' lang='lat' dir='ltr'>et</span> <span class='ocrx_word' id='word_1_147' title='bbox 1099 1356 1265 1409; x_wconf 84' lang='lat' dir='ltr'>generis</span> <span class='ocrx_word' id='word_1_148' title='bbox 1307 1356 1589 1398; x_wconf 89' lang='lat' dir='ltr'>nobilissimus</span> <span class='ocrx_word' id='word_1_149' title='bbox 1621 1370 1763 1412; x_wconf 76' lang='lat' dir='ltr'>equeS,</span> 
     </span>
    </p>

    <p class='ocr_par' dir='ltr' id='par_1_6' title="bbox 251 1414 1765 1701">
     <span class='ocr_line' id='line_1_21' title="bbox 251 1414 1765 1469; baseline -0.002 -12"><span class='ocrx_word' id='word_1_150' title='bbox 251 1431 289 1458; x_wconf 82' lang='lat'>20</span> <span class='ocrx_word' id='word_1_151' title='bbox 320 1414 568 1455; x_wconf 86' lang='lat' dir='ltr'>militaribus</span> <span class='ocrx_word' id='word_1_152' title='bbox 615 1414 742 1454; x_wconf 86' lang='lat' dir='ltr'>armis</span> <span class='ocrx_word' id='word_1_153' title='bbox 782 1414 1021 1469; x_wconf 77' lang='lat' dir='ltr'>pregrauiS,</span> <span class='ocrx_word' id='word_1_154' title='bbox 1066 1427 1194 1454; x_wconf 90' lang='lat' dir='ltr'>unum</span> <span class='ocrx_word' id='word_1_155' title='bbox 1244 1416 1296 1454; x_wconf 77' lang='lat' dir='ltr'>ex</span> <span class='ocrx_word' id='word_1_156' title='bbox 1345 1414 1402 1455; x_wconf 92' lang='lat' dir='ltr'>eis</span> <span class='ocrx_word' id='word_1_157' title='bbox 1444 1414 1644 1456; x_wconf 90' lang='lat' dir='ltr'>inermem</span> <span class='ocrx_word' id='word_1_158' title='bbox 1691 1428 1765 1469; x_wconf 87' lang='lat' dir='ltr'>per</span> 
     </span>
     <span class='ocr_line' id='line_1_22' title="bbox 319 1471 1763 1527; baseline 0.001 -15"><span class='ocrx_word' id='word_1_159' title='bbox 319 1472 522 1527; x_wconf 85' lang='lat' dir='ltr'>palustria</span> <span class='ocrx_word' id='word_1_160' title='bbox 561 1473 653 1513; x_wconf 85' lang='lat' dir='ltr'>loca</span> <span class='ocrx_word' id='word_1_161' title='bbox 700 1471 827 1512; x_wconf 84' lang='lat' dir='ltr'>citato</span> <span class='ocrx_word' id='word_1_162' title='bbox 871 1485 996 1512; x_wconf 88' lang='lat' dir='ltr'>cursu</span> <span class='ocrx_word' id='word_1_163' title='bbox 1041 1471 1274 1524; x_wconf 85' lang='lat' dir='ltr'>fugientem</span> <span class='ocrx_word' id='word_1_164' title='bbox 1314 1471 1493 1526; x_wconf 84' lang='lat' dir='ltr'>pedibus</span> <span class='ocrx_word' id='word_1_165' title='bbox 1536 1472 1763 1524; x_wconf 87' lang='lat' dir='ltr'>insecutus,</span> 
     </span>
     <span class='ocr_line' id='line_1_23' title="bbox 317 1528 1765 1585; baseline 0 -15"><span class='ocrx_word' id='word_1_166' title='bbox 317 1530 429 1571; x_wconf 91' lang='lat' dir='ltr'>illius</span> <span class='ocrx_word' id='word_1_167' title='bbox 462 1530 651 1584; x_wconf 85' lang='lat' dir='ltr'>uestigiis</span> <span class='ocrx_word' id='word_1_168' title='bbox 682 1528 771 1570; x_wconf 86' lang='lat' dir='ltr'>limi</span> <span class='ocrx_word' id='word_1_169' title='bbox 802 1529 983 1570; x_wconf 91' lang='lat' dir='ltr'>mollicie</span> <span class='ocrx_word' id='word_1_170' title='bbox 1016 1528 1360 1582; x_wconf 87' lang='lat' dir='ltr'>subsidentibus,</span> <span class='ocrx_word' id='word_1_171' title='bbox 1404 1544 1481 1571; x_wconf 89' lang='lat' dir='ltr'>nec</span> <span class='ocrx_word' id='word_1_172' title='bbox 1512 1531 1765 1585; x_wconf 88' lang='lat' dir='ltr'>uoraginum</span> 
     </span>
     <span class='ocr_line' id='line_1_24' title="bbox 318 1586 1761 1642; baseline 0.001 -15"><span class='ocrx_word' id='word_1_173' title='bbox 318 1588 462 1629; x_wconf 88' lang='lat' dir='ltr'>illuuie</span> <span class='ocrx_word' id='word_1_174' title='bbox 502 1602 580 1628; x_wconf 89' lang='lat' dir='ltr'>nec</span> <span class='ocrx_word' id='word_1_175' title='bbox 626 1601 837 1628; x_wconf 88' lang='lat' dir='ltr'>armorum</span> <span class='ocrx_word' id='word_1_176' title='bbox 885 1601 1011 1629; x_wconf 90' lang='lat' dir='ltr'>onere</span> <span class='ocrx_word' id='word_1_177' title='bbox 1056 1586 1306 1642; x_wconf 79' lang='lat' dir='ltr'>depressuS,</span> <span class='ocrx_word' id='word_1_178' title='bbox 1357 1586 1525 1628; x_wconf 88' lang='lat' dir='ltr'>facilem</span> <span class='ocrx_word' id='word_1_179' title='bbox 1569 1588 1761 1630; x_wconf 89' lang='lat' dir='ltr'>currendi</span> 
     </span>
     <span class='ocr_line' id='line_1_25' title="bbox 319 1645 1762 1701; baseline 0 -14"><span class='ocrx_word' id='word_1_180' title='bbox 319 1650 520 1687; x_wconf 87' lang='lat' dir='ltr'>euentum</span> <span class='ocrx_word' id='word_1_181' title='bbox 554 1645 710 1687; x_wconf 78' lang='lat' dir='ltr'>habuit.</span> <span class='ocrx_word' id='word_1_182' title='bbox 773 1645 883 1692; x_wconf 76' lang='lat' dir='ltr'>Quin</span> <span class='ocrx_word' id='word_1_183' title='bbox 915 1645 1050 1686; x_wconf 86' lang='lat' dir='ltr'>eciam</span> <span class='ocrx_word' id='word_1_184' title='bbox 1082 1650 1335 1698; x_wconf 86' lang='lat' dir='ltr'>occupatum</span> <span class='ocrx_word' id='word_1_185' title='bbox 1367 1646 1591 1687; x_wconf 87' lang='lat' dir='ltr'>barbarum</span> <span class='ocrx_word' id='word_1_186' title='bbox 1626 1646 1762 1701; x_wconf 89' lang='lat' dir='ltr'>capite</span> 
     </span>
    </p>

    <p class='ocr_par' dir='ltr' id='par_1_7' title="bbox 249 1701 1763 1990">
     <span class='ocr_line' id='line_1_26' title="bbox 249 1701 1762 1758; baseline 0.001 -15"><span class='ocrx_word' id='word_1_187' title='bbox 249 1720 286 1747; x_wconf 87' lang='lat'>25</span> <span class='ocrx_word' id='word_1_188' title='bbox 318 1703 536 1758; x_wconf 68' lang='lat' dir='ltr'>spoliauit,</span> <span class='ocrx_word' id='word_1_189' title='bbox 570 1717 618 1745; x_wconf 89' lang='lat' dir='ltr'>ac</span> <span class='ocrx_word' id='word_1_190' title='bbox 650 1708 750 1744; x_wconf 91' lang='lat' dir='ltr'>tunc</span> <span class='ocrx_word' id='word_1_191' title='bbox 781 1702 964 1755; x_wconf 89' lang='lat' dir='ltr'>demum,</span> <span class='ocrx_word' id='word_1_192' title='bbox 996 1717 1050 1743; x_wconf 88' lang='lat' dir='ltr'>ne</span> <span class='ocrx_word' id='word_1_193' title='bbox 1082 1703 1236 1756; x_wconf 88' lang='lat' dir='ltr'>plantis</span> <span class='ocrx_word' id='word_1_194' title='bbox 1259 1701 1427 1758; x_wconf 89' lang='lat' dir='ltr'>quidem</span> <span class='ocrx_word' id='word_1_195' title='bbox 1449 1717 1551 1745; x_wconf 90' lang='lat' dir='ltr'>ceno</span> <span class='ocrx_word' id='word_1_196' title='bbox 1584 1703 1762 1756; x_wconf 87' lang='lat' dir='ltr'>infectis,</span> 
     </span>
     <span class='ocr_line' id='line_1_27' title="bbox 319 1759 1762 1816; baseline 0.001 -14"><span class='ocrx_word' id='word_1_197' title='bbox 319 1761 496 1802; x_wconf 90' lang='lat' dir='ltr'>solidam</span> <span class='ocrx_word' id='word_1_198' title='bbox 530 1762 699 1802; x_wconf 91' lang='lat' dir='ltr'>humum</span> <span class='ocrx_word' id='word_1_199' title='bbox 733 1761 918 1816; x_wconf 88' lang='lat' dir='ltr'>repeciit.</span> <span class='ocrx_word' id='word_1_200' title='bbox 980 1759 1102 1808; x_wconf 81' lang='lat' dir='ltr'>Quod</span> <span class='ocrx_word' id='word_1_201' title='bbox 1134 1760 1306 1815; x_wconf 76' lang='lat' dir='ltr'>factum,</span> <span class='ocrx_word' id='word_1_202' title='bbox 1338 1761 1537 1815; x_wconf 88' lang='lat' dir='ltr'>religiosa</span> <span class='ocrx_word' id='word_1_203' title='bbox 1568 1763 1762 1803; x_wconf 84' lang='lat' dir='ltr'>ammira-</span> 
     </span>
     <span class='ocr_line' id='line_1_28' title="bbox 320 1818 1763 1874; baseline 0.001 -14"><span class='ocrx_word' id='word_1_204' title='bbox 320 1819 438 1860; x_wconf 87' lang='lat' dir='ltr'>cione</span> <span class='ocrx_word' id='word_1_205' title='bbox 471 1819 742 1873; x_wconf 85' lang='lat' dir='ltr'>predignum,</span> <span class='ocrx_word' id='word_1_206' title='bbox 776 1833 859 1860; x_wconf 90' lang='lat' dir='ltr'>non</span> <span class='ocrx_word' id='word_1_207' title='bbox 898 1818 1057 1874; x_wconf 90' lang='lat' dir='ltr'>pedum</span> <span class='ocrx_word' id='word_1_208' title='bbox 1088 1818 1301 1873; x_wconf 84' lang='lat' dir='ltr'>agilitate,</span> <span class='ocrx_word' id='word_1_209' title='bbox 1343 1818 1417 1860; x_wconf 92' lang='lat' dir='ltr'>sed</span> <span class='ocrx_word' id='word_1_210' title='bbox 1458 1819 1604 1861; x_wconf 91' lang='lat' dir='ltr'>diuino</span> <span class='ocrx_word' id='word_1_211' title='bbox 1638 1820 1763 1861; x_wconf 89' lang='lat' dir='ltr'>bene-</span> 
     </span>
     <span class='ocr_line' id='line_1_29' title="bbox 318 1876 1762 1932; baseline -0.001 -14"><span class='ocrx_word' id='word_1_212' title='bbox 318 1877 413 1918; x_wconf 90' lang='lat' dir='ltr'>ficio</span> <span class='ocrx_word' id='word_1_213' title='bbox 447 1876 623 1930; x_wconf 88' lang='lat' dir='ltr'>editum,</span> <span class='ocrx_word' id='word_1_214' title='bbox 655 1877 801 1932; x_wconf 85' lang='lat' dir='ltr'>pocius</span> <span class='ocrx_word' id='word_1_215' title='bbox 832 1876 977 1918; x_wconf 87' lang='lat' dir='ltr'>celesti</span> <span class='ocrx_word' id='word_1_216' title='bbox 999 1876 1216 1929; x_wconf 85' lang='lat' dir='ltr'>miraculo,</span> <span class='ocrx_word' id='word_1_217' title='bbox 1251 1889 1378 1931; x_wconf 90' lang='lat' dir='ltr'>quam</span> <span class='ocrx_word' id='word_1_218' title='bbox 1400 1877 1584 1919; x_wconf 89' lang='lat' dir='ltr'>humane</span> <span class='ocrx_word' id='word_1_219' title='bbox 1618 1877 1762 1918; x_wconf 88' lang='lat' dir='ltr'>uirtuti</span> 
     </span>
     <span class='ocr_line' id='line_1_30' title="bbox 318 1934 1759 1990; baseline 0.001 -15"><span class='ocrx_word' id='word_1_220' title='bbox 318 1934 529 1990; x_wconf 88' lang='lat' dir='ltr'>imputare</span> <span class='ocrx_word' id='word_1_221' title='bbox 569 1934 785 1976; x_wconf 86' lang='lat' dir='ltr'>debemus.</span> <span class='ocrx_word' id='word_1_222' title='bbox 855 1934 961 1976; x_wconf 91' lang='lat' dir='ltr'>Post</span> <span class='ocrx_word' id='word_1_223' title='bbox 1004 1934 1082 1975; x_wconf 88' lang='lat' dir='ltr'>hec</span> <span class='ocrx_word' id='word_1_224' title='bbox 1121 1934 1223 1975; x_wconf 91' lang='lat' dir='ltr'>uicis</span> <span class='ocrx_word' id='word_1_225' title='bbox 1268 1947 1344 1988; x_wconf 90' lang='lat' dir='ltr'>per</span> <span class='ocrx_word' id='word_1_226' title='bbox 1373 1934 1548 1975; x_wconf 88' lang='lat' dir='ltr'>militum</span> <span class='ocrx_word' id='word_1_227' title='bbox 1589 1949 1759 1976; x_wconf 90' lang='lat' dir='ltr'>manum</span> 
     </span>
    </p>

    <p class='ocr_par' dir='ltr' id='par_1_8' title="bbox 249 1991 1762 2280">
     <span class='ocr_line' id='line_1_31' title="bbox 249 1991 1762 2047; baseline -0.001 -12"><span class='ocrx_word' id='word_1_228' title='bbox 249 2008 287 2036; x_wconf 84' lang='lat'>30</span> <span class='ocrx_word' id='word_1_229' title='bbox 317 1993 503 2046; x_wconf 90' lang='lat' dir='ltr'>undique</span> <span class='ocrx_word' id='word_1_230' title='bbox 538 1992 797 2046; x_wconf 87' lang='lat' dir='ltr'>deflagratis,</span> <span class='ocrx_word' id='word_1_231' title='bbox 829 1993 960 2033; x_wconf 89' lang='lat' dir='ltr'>eciam</span> <span class='ocrx_word' id='word_1_232' title='bbox 985 1991 1035 2032; x_wconf 89' lang='lat' dir='ltr'>ad</span> <span class='ocrx_word' id='word_1_233' title='bbox 1057 1991 1218 2032; x_wconf 84' lang='lat' dir='ltr'>Gorum</span> <span class='ocrx_word' id='word_1_234' title='bbox 1242 1992 1578 2047; x_wconf 84' lang='lat' dir='ltr'>promontorium</span> <span class='ocrx_word' id='word_1_235' title='bbox 1600 1994 1762 2047; x_wconf 89' lang='lat' dir='ltr'>longin-</span> 
     </span>
     <span class='ocr_line' id='line_1_32' title="bbox 318 2048 1758 2106; baseline 0 -15"><span class='ocrx_word' id='word_1_236' title='bbox 318 2064 401 2106; x_wconf 85' lang='lat' dir='ltr'>que</span> <span class='ocrx_word' id='word_1_237' title='bbox 435 2050 747 2091; x_wconf 81' lang='lat' dir='ltr'>excursacionis</span> <span class='ocrx_word' id='word_1_238' title='bbox 778 2049 971 2091; x_wconf 88' lang='lat' dir='ltr'>incendia</span> <span class='ocrx_word' id='word_1_239' title='bbox 1001 2048 1286 2104; x_wconf 88' lang='lat' dir='ltr'>proferuntur.</span> <span class='ocrx_word' id='word_1_240' title='bbox 1347 2049 1467 2091; x_wconf 86' lang='lat' dir='ltr'>Tunc</span> <span class='ocrx_word' id='word_1_241' title='bbox 1498 2064 1543 2091; x_wconf 93' lang='lat' dir='ltr'>se</span> <span class='ocrx_word' id='word_1_242' title='bbox 1574 2050 1758 2105; x_wconf 86' lang='lat' dir='ltr'>Rugiani</span> 
     </span>
     <span class='ocr_line' id='line_1_33' title="bbox 319 2107 1756 2163; baseline 0.001 -15"><span class='ocrx_word' id='word_1_243' title='bbox 319 2107 594 2150; x_wconf 87' lang='lat' dir='ltr'>contrahendi</span> <span class='ocrx_word' id='word_1_244' title='bbox 639 2121 663 2148; x_wconf 92' lang='lat' dir='ltr'>a</span> <span class='ocrx_word' id='word_1_245' title='bbox 709 2107 949 2149; x_wconf 81' lang='lat' dir='ltr'>Saxonibus</span> <span class='ocrx_word' id='word_1_246' title='bbox 996 2107 1142 2148; x_wconf 85' lang='lat' dir='ltr'>auxilii</span> <span class='ocrx_word' id='word_1_247' title='bbox 1194 2121 1267 2163; x_wconf 91' lang='lat' dir='ltr'>spe</span> <span class='ocrx_word' id='word_1_248' title='bbox 1318 2107 1533 2149; x_wconf 87' lang='lat' dir='ltr'>fraudatos</span> <span class='ocrx_word' id='word_1_249' title='bbox 1581 2109 1756 2163; x_wconf 83' lang='lat' dir='ltr'>experti,</span> 
     </span>
     <span class='ocr_line' id='line_1_34' title="bbox 319 2164 1761 2221; baseline 0 -14"><span class='ocrx_word' id='word_1_250' title='bbox 319 2170 496 2221; x_wconf 86' lang='lat' dir='ltr'>quatuor</span> <span class='ocrx_word' id='word_1_251' title='bbox 527 2165 743 2207; x_wconf 91' lang='lat' dir='ltr'>obsidibus</span> <span class='ocrx_word' id='word_1_252' title='bbox 775 2165 963 2220; x_wconf 87' lang='lat' dir='ltr'>prcbitis,</span> <span class='ocrx_word' id='word_1_253' title='bbox 996 2164 1109 2220; x_wconf 84' lang='lat' dir='ltr'>apud</span> <span class='ocrx_word' id='word_1_254' title='bbox 1144 2164 1329 2206; x_wconf 82' lang='lat' dir='ltr'>Strelam</span> <span class='ocrx_word' id='word_1_255' title='bbox 1355 2165 1535 2206; x_wconf 90' lang='lat' dir='ltr'>insulam</span> <span class='ocrx_word' id='word_1_256' title='bbox 1566 2180 1715 2221; x_wconf 87' lang='lat' dir='ltr'>pacem</span> <span class='ocrx_word' id='word_1_257' title='bbox 1736 2179 1761 2206; x_wconf 87' lang='lat' dir='ltr'>a</span> 
     </span>
     <span class='ocr_line' id='line_1_35' title="bbox 318 2224 951 2280; baseline -0.002 -15"><span class='ocrx_word' id='word_1_258' title='bbox 318 2238 420 2278; x_wconf 88' lang='lat' dir='ltr'>rege</span> <span class='ocrx_word' id='word_1_259' title='bbox 452 2224 633 2280; x_wconf 88' lang='lat' dir='ltr'>pecunia</span> <span class='ocrx_word' id='word_1_260' title='bbox 664 2224 951 2278; x_wconf 87' lang='lat' dir='ltr'>quesiuerunt.</span> 
     </span>
    </p>

    <p class='ocr_par' dir='ltr' id='par_1_9' title="bbox 248 2279 1760 2567">
     <span class='ocr_line' id='line_1_36' title="bbox 248 2279 1758 2337; baseline -0.001 -14"><span class='ocrx_word' id='word_1_261' title='bbox 248 2296 285 2323; x_wconf 82' lang='lat'>35</span> <span class='ocrx_word' id='word_1_262' title='bbox 454 2281 604 2337; x_wconf 84' lang='lat' dir='ltr'>Itaque</span> <span class='ocrx_word' id='word_1_263' title='bbox 636 2282 905 2336; x_wconf 90' lang='lat' dir='ltr'>principibus,</span> <span class='ocrx_word' id='word_1_264' title='bbox 937 2294 1090 2335; x_wconf 90' lang='lat' dir='ltr'>graues</span> <span class='ocrx_word' id='word_1_265' title='bbox 1119 2279 1412 2334; x_wconf 86' lang='lat' dir='ltr'>periculorum</span> <span class='ocrx_word' id='word_1_266' title='bbox 1436 2285 1575 2323; x_wconf 91' lang='lat' dir='ltr'>motus</span> <span class='ocrx_word' id='word_1_267' title='bbox 1609 2285 1649 2323; x_wconf 91' lang='lat' dir='ltr'>et</span> <span class='ocrx_word' id='word_1_268' title='bbox 1681 2280 1758 2322; x_wconf 89' lang='lat' dir='ltr'>dif-</span> 
     </span>
     <span class='ocr_line' id='line_1_37' title="bbox 318 2337 1759 2393; baseline 0 -14"><span class='ocrx_word' id='word_1_269' title='bbox 318 2339 445 2381; x_wconf 87' lang='lat' dir='ltr'>ficilia</span> <span class='ocrx_word' id='word_1_270' title='bbox 477 2339 537 2381; x_wconf 88' lang='lat' dir='ltr'>rei</span> <span class='ocrx_word' id='word_1_271' title='bbox 567 2338 729 2380; x_wconf 90' lang='lat' dir='ltr'>Danice</span> <span class='ocrx_word' id='word_1_272' title='bbox 769 2345 962 2393; x_wconf 88' lang='lat' dir='ltr'>tempora</span> <span class='ocrx_word' id='word_1_273' title='bbox 993 2337 1333 2390; x_wconf 89' lang='lat' dir='ltr'>attendentibus,</span> <span class='ocrx_word' id='word_1_274' title='bbox 1377 2339 1464 2380; x_wconf 88' lang='lat' dir='ltr'>filio</span> <span class='ocrx_word' id='word_1_275' title='bbox 1501 2338 1759 2380; x_wconf 89' lang='lat' dir='ltr'>Waldemari</span> 
     </span>
     <span class='ocr_line' id='line_1_38' title="bbox 319 2395 1760 2451; baseline 0 -13"><span class='ocrx_word' id='word_1_276' title='bbox 319 2396 495 2438; x_wconf 86' lang='lat' dir='ltr'>Kanuto</span> <span class='ocrx_word' id='word_1_277' title='bbox 527 2397 667 2451; x_wconf 88' lang='lat' dir='ltr'>regios</span> <span class='ocrx_word' id='word_1_278' title='bbox 699 2397 881 2438; x_wconf 89' lang='lat' dir='ltr'>honores</span> <span class='ocrx_word' id='word_1_279' title='bbox 915 2396 1140 2438; x_wconf 89' lang='lat' dir='ltr'>decernere</span> <span class='ocrx_word' id='word_1_280' title='bbox 1184 2395 1366 2450; x_wconf 89' lang='lat' dir='ltr'>placuit,</span> <span class='ocrx_word' id='word_1_281' title='bbox 1407 2396 1474 2451; x_wconf 91' lang='lat' dir='ltr'>qui</span> <span class='ocrx_word' id='word_1_282' title='bbox 1505 2410 1587 2438; x_wconf 92' lang='lat' dir='ltr'>non</span> <span class='ocrx_word' id='word_1_283' title='bbox 1622 2397 1760 2438; x_wconf 92' lang='lat' dir='ltr'>solum</span> 
     </span>
     <span class='ocr_line' id='line_1_39' title="bbox 319 2453 1758 2510; baseline 0 -15"><span class='ocrx_word' id='word_1_284' title='bbox 319 2460 497 2510; x_wconf 86' lang='lat' dir='ltr'>paterne</span> <span class='ocrx_word' id='word_1_285' title='bbox 538 2455 768 2496; x_wconf 85' lang='lat' dir='ltr'>maiestatis</span> <span class='ocrx_word' id='word_1_286' title='bbox 810 2453 975 2495; x_wconf 90' lang='lat' dir='ltr'>futurus</span> <span class='ocrx_word' id='word_1_287' title='bbox 1014 2467 1256 2508; x_wconf 88' lang='lat' dir='ltr'>possessor,</span> <span class='ocrx_word' id='word_1_288' title='bbox 1299 2453 1373 2495; x_wconf 87' lang='lat' dir='ltr'>sed</span> <span class='ocrx_word' id='word_1_289' title='bbox 1414 2454 1546 2495; x_wconf 87' lang='lat' dir='ltr'>eciam</span> <span class='ocrx_word' id='word_1_290' title='bbox 1586 2468 1758 2509; x_wconf 86' lang='lat' dir='ltr'>presens</span> 
     </span>
     <span class='ocr_line' id='line_1_40' title="bbox 322 2510 1758 2567; baseline 0.001 -16"><span class='ocrx_word' id='word_1_291' title='bbox 322 2512 540 2566; x_wconf 83' lang='lat' dir='ltr'>dignitatis</span> <span class='ocrx_word' id='word_1_292' title='bbox 571 2512 710 2561; x_wconf 73' lang='lat' dir='ltr'>socius</span> <span class='ocrx_word' id='word_1_293' title='bbox 742 2516 999 2564; x_wconf 87' lang='lat' dir='ltr'>nosceretur,</span> <span class='ocrx_word' id='word_1_294' title='bbox 1030 2515 1076 2552; x_wconf 92' lang='lat' dir='ltr'>ut</span> <span class='ocrx_word' id='word_1_295' title='bbox 1106 2510 1312 2553; x_wconf 86' lang='lat' dir='ltr'>haberent</span> <span class='ocrx_word' id='word_1_296' title='bbox 1333 2525 1543 2567; x_wconf 84' lang='lat' dir='ltr'>proceres,</span> <span class='ocrx_word' id='word_1_297' title='bbox 1567 2512 1619 2552; x_wconf 90' lang='lat' dir='ltr'>ad</span> <span class='ocrx_word' id='word_1_298' title='bbox 1643 2512 1758 2553; x_wconf 90' lang='lat' dir='ltr'>cuius</span> 
     </span>
    </p>

    <p class='ocr_par' dir='ltr' id='par_1_10' title="bbox 253 2566 1757 2626">
     <span class='ocr_line' id='line_1_41' title="bbox 253 2566 1757 2626; baseline 0 -15"><span class='ocrx_word' id='word_1_299' title='bbox 253 2582 291 2611; x_wconf 82' lang='lat'>40</span> <span class='ocrx_word' id='word_1_300' title='bbox 322 2582 476 2611; x_wconf 90' lang='lat' dir='ltr'>nomen</span> <span class='ocrx_word' id='word_1_301' title='bbox 530 2566 784 2626; x_wconf 76' lang='lat' dir='ltr'>titulumque</span> <span class='ocrx_word' id='word_1_302' title='bbox 837 2569 1130 2621; x_wconf 86' lang='lat' dir='ltr'>decurrerent,</span> <span class='ocrx_word' id='word_1_303' title='bbox 1178 2569 1314 2624; x_wconf 90' lang='lat' dir='ltr'>siquid</span> <span class='ocrx_word' id='word_1_304' title='bbox 1365 2569 1418 2611; x_wconf 85' lang='lat' dir='ltr'>de</span> <span class='ocrx_word' id='word_1_305' title='bbox 1463 2571 1576 2625; x_wconf 87' lang='lat' dir='ltr'>regis</span> <span class='ocrx_word' id='word_1_306' title='bbox 1622 2571 1757 2626; x_wconf 88' lang='lat' dir='ltr'>capite</span> 
     </span>
    </p>
   </div>
   <div class='ocr_carea' id='block_1_3' title="bbox 1808 1807 1884 3126">
    <p class='ocr_par' dir='ltr' id='par_1_11' title="bbox 1808 1807 1884 3126">
     <span class='ocr_line' id='line_1_42' title="bbox 1808 1807 1884 3126; baseline 0 0"><span class='ocrx_word' id='word_1_307' title='bbox 1808 1807 1884 3126; x_wconf 95' lang='lat' dir='ltr'> </span> 
     </span>
    </p>
   </div>
  </div>
 </body>
</html>
