1884 3126
109 896 143 923 10

113 1184 143 1211 15

108 1473 146 1500 20

109 1761 145 1789 ⁴25

108 2050 144 2078 30

108 2339 145 2367 35

105 2630 143 2667 40

170 238 254 279 294
730 259 780 266 —
839 233 955 277 VIII
1013 259 1067 265 ——

172 362 283 417 quod
326 366 368 404 et
408 362 538 417 longa
580 364 622 402 et
660 361 898 416 periculosa
938 361 1159 417 nauigacio
1192 361 1500 417 imperabatur,
1540 375 1614 416 spe

171 425 313 462 tamen
337 419 467 461 dubia
488 423 729 474 presentem
753 424 911 461 metum
936 420 1143 473 uincente,
1174 420 1359 461 foculum
1393 420 1613 475 expetiuit.

172 478 227 520 Et
248 479 383 533 gigas,
416 477 460 518 Si
491 478 645 532 ignem,
676 478 822 533 inquit,
854 477 1082 520 desideras.
1114 491 1287 520 necesse
1321 482 1382 519 est
1405 477 1508 519 alias
1531 485 1615 518 tres

173 536 410 578 sentencias
463 535 667 577 similibus
718 536 956 589 prouerbiis
1008 535 1123 578 edas.
1194 535 1301 577 Tum
1348 535 1615 577 Thorkillus:

176 593 383 647 Consilio,
423 594 592 635 tametsi
634 593 753 635 exilis
785 593 823 634 id
870 599 1019 635 auctor
1059 593 1256 645 ediderit,
1298 592 1614 649 obsequendum

174 656 250 693 est.
301 651 431 692 Item:
463 650 527 692 Eo
560 651 808 693 temeritatis
839 652 1038 706 processi,
1070 656 1130 703 ut,
1162 652 1195 692 si
1226 651 1394 706 regredi
1426 652 1615 706 quiuero,

173 710 354 752 salutem
388 722 524 750 meam
553 709 655 750 nulli
686 710 832 764 magis,
865 723 988 765 quam
1020 709 1224 764 pedibus,
1256 709 1447 751 debeam.
1509 708 1616 749 Rur-

173 782 287 809 sum:
322 768 367 808 Si
397 767 754 821 inpresenciarum
790 781 959 809 recessu
990 767 1120 809 libere
1162 767 1344 821 fruerer,
1385 767 1560 809 ulterius
1593 779 1618 806 a

173 825 313 867 reditu
344 824 666 880 temperandum
698 839 898 867 curarem.

311 882 418 924 Inde
440 883 603 938 perlato
627 882 679 924 ad
703 884 840 924 socios
863 883 974 938 igne,
997 897 1098 924 aure
1121 882 1432 937 indulgenciam
1454 887 1618 934 nactus,

177 946 326 996 quarto
368 939 434 981 die
475 940 526 982 ad
567 940 831 996 propositum
871 946 1040 996 portum
1080 941 1267 996 appulit,
1309 953 1619 995 aggressusque

177 1014 271 1041 cum
304 998 426 1039 sociis
458 1003 629 1051 terram,
662 998 773 1054 apud
797 1013 924 1054 quam
946 999 1143 1040 continue
1165 1000 1296 1040 noctis
1318 999 1446 1040 facies
1468 997 1620 1039 alterni

175 1057 344 1098 luminis
367 1056 699 1098 uicissitudinem
721 1056 1019 1110 frustrabatur,
1043 1071 1142 1111 egre
1163 1062 1432 1112 prospectum
1456 1055 1621 1111 capien-

177 1115 290 1157 tibus
332 1114 485 1167 oculis,
532 1115 732 1156 inusitate
778 1115 900 1156 molis
946 1115 1166 1169 scopulum
1214 1114 1429 1169 conspicit.
1490 1113 1619 1155 Cuius

175 1173 459 1228 perlustrandi
491 1172 668 1226 cupidus
698 1187 722 1213 a
754 1173 976 1214 comitibus
1016 1172 1118 1214 foris
1149 1174 1380 1214 stacionem
1415 1185 1620 1227 peragen-

176 1230 288 1272 tibus
311 1236 510 1272 extusum
532 1230 718 1272 silicibus
740 1230 894 1285 ignem,
928 1234 1212 1285 opportunum
1244 1235 1390 1272 contra
1417 1230 1619 1271 demones

175 1293 474 1340 tutamentum,
506 1289 545 1329 in
579 1288 698 1329 aditu
728 1288 848 1330 iussit
879 1288 1062 1330 accendi.
1104 1288 1209 1329 Post
1241 1289 1330 1342 hcc,
1361 1288 1523 1343 prelato
1546 1300 1621 1343 per

176 1346 280 1388 alios
321 1347 500 1399 lumine,
549 1346 673 1388 arctis
719 1359 900 1388 cauerne
948 1346 1141 1387 faucibus
1184 1360 1335 1401 corpus
1381 1345 1619 1397 subiiciens,

176 1404 285 1446 inter
317 1404 487 1446 crebros
529 1408 777 1459 serpentum
814 1404 1001 1459 allapsus
1032 1404 1265 1446 ferreorum
1298 1404 1483 1459 undique
1514 1403 1621 1445 sedi-

178 1462 278 1503 lium
300 1461 588 1517 frequenciam
616 1463 935 1517 contemplatur.
981 1462 1086 1503 Inde
1116 1461 1318 1517 placidior
1349 1476 1456 1517 aque
1489 1462 1621 1503 moles

178 1521 455 1575 subiectoque
497 1520 644 1562 sabulo
686 1521 869 1562 molliter
909 1520 1087 1561 influens
1119 1520 1365 1575 conspectui
1396 1520 1622 1561 obuersata

178 1582 253 1620 est.
317 1577 411 1626 Qua
452 1578 652 1629 transita,
695 1579 824 1633 paulo
857 1578 1131 1619 deuexiorem
1164 1579 1245 1620 situ
1275 1579 1518 1634 speluncam
1550 1591 1620 1631 ag-

176 1635 380 1689 greditur.
421 1635 488 1676 Ex
520 1650 602 1691 qua
634 1636 732 1676 item
764 1640 900 1676 atrum
925 1634 1239 1690 obscenumque
1263 1636 1462 1677 conclaue
1484 1635 1620 1677 uisen-

178 1694 290 1735 tibus
321 1694 520 1748 aperitur.
581 1693 699 1735 Intra
732 1693 843 1748 quod
877 1693 1178 1749 Vgarthilocus
1218 1708 1368 1735 manus
1408 1692 1621 1748 pedesque

176 1751 391 1793 immensis
415 1757 659 1793 catenarum
682 1752 863 1793 molibus
887 1755 1085 1794 oneratus
1107 1751 1324 1807 aspicitur,
1357 1752 1473 1792 cuius
1507 1751 1621 1791 olen-

177 1815 241 1851 tes
262 1809 335 1865 pili
365 1810 369 1861 Ι
397 1815 482 1851 tam
506 1810 796 1864 magnitudine
828 1823 953 1864 quam
983 1810 1121 1864 rigore
1154 1823 1325 1851 corneas
1360 1813 1623 1864 equauerant

179 1867 334 1909 hastas.
412 1867 600 1915 Quorum
653 1882 780 1908 unum
826 1867 1096 1917 Thorkillus,
1148 1867 1435 1908 annitentibus
1487 1866 1622 1916 sociis,

178 1929 318 1967 mento
350 1924 555 1979 pacientis
588 1939 827 1975 excussum,
859 1939 942 1980 quo
975 1925 1216 1980 prompcior
1248 1924 1352 1966 fides
1383 1924 1468 1966 suis
1495 1923 1622 1965 habe-

176 1988 292 2024 retur
326 1982 539 2038 operibus,
572 1984 830 2036 asseruauit3
870 1982 1096 2037 statimque
1136 1986 1254 2023 tanta
1295 1982 1442 2023 fetoris
1474 1982 1537 2023 uis
1569 1981 1620 2022 ad

178 2040 481 2082 circunstantes
526 2041 738 2091 manauit,
781 2046 848 2091 ut,
887 2041 964 2082 nisi
998 2040 1198 2094 repressis
1230 2040 1409 2081 amiculo
1440 2039 1621 2089 naribus,

178 2098 385 2153 respirare
416 2098 652 2152 nequirent.
695 2098 872 2151 Vixque
898 2111 1069 2153 egressu
1096 2097 1228 2151 potiti,
1260 2099 1313 2139 ab
1335 2097 1621 2139 inuolantibus

176 2156 363 2212 undique
392 2155 576 2197 colubris
610 2160 914 2210 conspuuntur.
958 2155 1152 2210 Quinque
1185 2155 1394 2197 duntaxat
1415 2154 1622 2196 Tliorkilli

177 2214 392 2268 comitum,
425 2213 575 2255 ceteris
598 2227 764 2256 ueneno
788 2215 1061 2268 consumptis,
1092 2213 1305 2267 nauigium
1329 2227 1424 2254 cum
1447 2212 1620 2254 ductore

177 2272 478 2313 conscendunt.
554 2271 781 2314 Imminent
824 2271 939 2314 efferi
982 2271 1183 2313 demones
1239 2276 1281 2313 et
1322 2271 1363 2312 in
1407 2271 1621 2312 subiectos

178 2334 388 2371 uenenata
433 2330 589 2384 passim
636 2335 763 2385 sputa
810 2329 1052 2371 coniiciunt
1115 2329 1172 2369 At
1221 2333 1369 2373 naute
1416 2328 1620 2384 pretentis

176 2387 387 2428 coriorum
419 2387 689 2453 umbraculis,
718 2387 915 2453 illapsum
947 2400 1146 2442 respuere
1180 2386 1307 2428 uirus.
1370 2385 1453 2427 Hic
1484 2386 1620 2428 cuius-

175 2444 271 2486 dam
294 2446 404 2487 forte
426 2445 667 2511 prospicere
688 2446 897 2499 cupientis
918 2449 1077 2486 tactum
1094 2458 1261 2486 ueneno
1285 2448 1423 2499 caput,
1445 2443 1618 2498 perinde

176 2517 225 2543 ac
266 2502 379 2544 ferro
422 2504 623 2550 recisum,
671 2503 824 2544 ceruici
868 2506 1113 2558 exemptum
1161 2505 1237 2544 est.
1297 2500 1421 2543 Alius
1467 2502 1619 2544 ocellos

176 2560 437 2603 umbraculis
465 2560 727 2615 exer[c]ens,
772 2561 851 2602 sub
885 2560 1034 2603 eadem
1064 2573 1224 2601 uacuos
1258 2560 1465 2601 luminum
1496 2559 1618 2601 orbes

173 2618 328 2661 retulit.
368 2618 491 2669 Alius
523 2623 671 2668 exerta
701 2632 828 2666 manu
850 2618 1036 2675 tegimen
1059 2617 1289 2680 explicans,
1322 2617 1510 2664 eiusdem
1532 2616 1619 2663 tabi

1677 1825 1704 1850 p.
1724 1816 1774 1842 432
