1884 3126
109 897 142 925 10

108 1188 141 1216 15

106 1479 142 1506 20

102 2058 152 2105 30·

102 2352 137 2378 35

104 2641 140 2669 ⁴0

751 264 801 270 -—
863 239 932 281 XI
993 263 1043 268 —
1542 240 1622 280 391

177 370 338 418 terent,
384 370 623 421 presentem
661 366 846 421 inopiam
888 371 1094 422 perpetuo
1140 368 1303 426 muneri
1348 367 1625 427 pretulerunt.

177 424 328 479 Itaque
351 428 589 480 temporum
611 425 881 467 estimacione
903 425 1030 476 facta,
1063 440 1145 480 quo
1177 423 1272 467 sibi
1287 431 1467 480 tantum,
1497 439 1626 480 quam

177 495 258 537 quo
292 484 472 537 posteris
503 496 655 537 penam
681 488 885 534 crearent,
918 483 1087 538 culpam
1109 483 1316 526 redimere
1338 487 1624 549 preoptantes,

179 541 307 581 semel
351 555 444 592 ere,
478 554 612 597 quam
652 555 818 596 semper
849 541 1046 582 libertate
1077 541 1199 583 defici
1231 543 1517 595 maluerunt,
1535 541 1626 582 iure
1687 576 1691 582 s

176 598 360 639 elicitum
394 592 598 640 dedecore
644 612 849 651 uacuum,
894 599 1169 654 persuasione
1217 605 1434 642 extortum
1472 599 1626 656 probro

175 656 407 697 obnoxium
438 657 531 697 rati.
575 655 687 704 Quin
719 657 851 698 eciam
875 671 1059 698 annuam
1092 657 1239 699 alienis
1271 659 1436 714 frugem
1469 658 1626 713 depen-

175 713 306 755 dere
296 714 541 768 lgnominie,
574 728 658 756 non
689 715 885 768 religioni
908 712 1087 756 attinere
1111 716 1351 758 censebant.
1414 716 1453 757 A
1475 714 1625 771 quibus

175 786 268 813 cum
301 786 378 813 rex
409 771 660 814 deteriorem
693 773 947 814 condicionis
980 778 1145 828 partem
1186 774 1419 829 approbari
1449 773 1625 822 uideret,

176 830 374 871 simulata
404 830 580 885 pecunie
611 831 850 897 exaccione,
882 831 1232 885 septentrionales
1255 831 1365 874 Iutie
1391 836 1533 888 partes
1565 831 1624 872 in-

172 901 352 941 gressus,
376 888 600 930 Tostonem
622 889 874 943 cognomine
891 888 1185 930 Peculat01em
1209 891 1382 956 eiusque
1405 890 1626 944 collegam,

176 945 377 999 Hortam,
420 946 655 1000 colligende
694 947 906 1002 pensionis
946 951 1164 1002 questorcs
1210 948 1416 1001 instituit,
1469 947 1624 988 mulcte

174 1008 288 1045 metu
321 1004 580 1045 decimarum
612 1004 862 1059 religionem
896 1019 1083 1046 asserere
1116 1006 1299 1072 cupiens.
1364 1005 1519 1047 Iisdem
1552 1004 1624 1046 de-

173 1062 304 1103 fectoi
308 1077 376 1103 um
409 1076 487 1115 res,
521 1063 724 1104 estimatis
746 1064 1056 1118 possessionum
1077 1064 1240 1118 preciis,
1272 1064 1453 1105 intactas
1485 1063 1624 1104 dimit-

173 1124 262 1161 tere
301 1120 472 1163 iussum.
544 1120 624 1169 Qui
668 1121 915 1162 mandatum
954 1121 1184 1173 immicius,
1228 1135 1276 1163 ac
1308 1121 1408 1163 iussi
1438 1121 1620 1174 fuerant,

172 1178 360 1230 executi,
404 1179 549 1244 iniqua
587 1178 755 1233 plebem
797 1180 1021 1221 exaccione
1059 1179 1298 1234 pulsabant.
1361 1179 1505 1228 Quam
1529 1192 1619 1220 rem

172 1236 301 1277 emuli
333 1237 444 1291 regis
476 1238 517 1278 in
540 1237 807 1292 popularium
829 1238 1018 1279 concilo
1050 1237 1330 1292 deplolantes,
1362 1236 1618 1279 calumniam

174 1294 401 1336 mendaciis
442 1294 775 1349 exaggerabant.
847 1295 973 1337 Veris
1005 1309 1171 1350 quoque
1203 1296 1366 1337 maiora
1397 1295 1620 1350 fingentes,

172 1352 328 1394 inuisos
359 1353 517 1394 cunctis
548 1352 768 1394 reddidere
801 1358 1029 1407 questores.
1091 1354 1259 1408 Quippe
1290 1354 1472 1395 militum
1504 1366 1620 1407 opus

173 1415 253 1451 non
297 1411 407 1465 regis
450 1411 674 1466 imperium
719 1411 985 1465 iudicabant,
1030 1425 1107 1453 nec
1149 1412 1357 1465 iubentis,
1406 1411 1479 1453 sed
1522 1411 1622 1452 iussi

172 1468 357 1510 studium
388 1469 675 1510 intuebantun·
726 1469 914 1518 Quorum
935 1470 1133 1511 instinctu
1157 1469 1382 1518 multitudo
1405 1472 1622 1524 questores

173 1526 336 1578 adorta,
360 1541 624 1568 communem
646 1527 839 1568 iniuriam
863 1528 1035 1583 publica
1056 1528 1398 1570 consternacione
1419 1527 1621 1580 cohibuit,

173 1585 319 1638 magis,
346 1585 449 1639 quid
481 1584 611 1636 fieiet,
644 1599 769 1643 quam
801 1586 900 1640 quid
920 1585 1045 1627 fieri
1035 1600 1193 1627 iussum
1227 1590 1349 1639 esset,
1381 1585 1619 1640 inspiciens.

170 1641 261 1683 Nec
292 1657 439 1684 eorum
470 1642 640 1690 cedibus
672 1644 840 1698 saciata,
873 1645 917 1685 in
955 1657 1103 1698 regem·
1138 1658 1304 1708 quoque
1335 1657 1492 1685 uesana
1523 1657 1621 1698 pro-

171 1701 295 1755 rupit.
366 1690 447 1749 Qui
486 1701 711 1756 impetum
735 1701 823 1743 eius
863 1708 1097 1757 opportune
1147 1716 1222 1743 sua
1268 1707 1382 1743 ratus
1425 1701 1621 1742 absencia

171 1758 489 1810 declinandum,
533 1758 768 1800 Slesuicum
807 1761 1043 1818 concessit,
1086 1760 1227 1815 ibique
1269 1760 1493 1814 coniugem
1525 1773 1620 1800 cum

170 1816 254 1857 filio
300 1817 595 1868 constitutam,
638 1817 671 1863 si
717 1831 782 1858 res
827 1818 1011 1859 sinistre·
1037 1819 1278 1869 cessissent,
1321 1817 1620 1873 perfugerein

171 1875 351 1929 patriam
384 1875 512 1923 iussit,
545 1875 709 1918 nullum
738 1875 855 1917 inter
887 1875 1068 1930 perfidos
1100 1875 1332 1930 presidium
1363 1875 1618 1916 habituram.

172 1932 389 1987 Siquidem
433 1933 778 1987 intempestiuum
800 1948 939 1988 ‚regno
963 1933 1167 1975 ‘heredem
1200 1933 1524 1978 domesticorum
1555 1946 1620 1974 ar-

171 1990 294 2031 bitrio
326 1991 562 2045 relinquere
593 1989 834 2036 uerebatur.
881 1991 1019 2048 Igitur
1052 1991 1266 2044 Wandali,
1299 1991 1434 2033 solam
1466 1991 1545 2033 sibi
1577 1991 1618 2032 in

169 2049 297 2089 armis
336 2049 577 2090 libertatem
618 2054 788 2105 restare
806 2050 1056 2097 credentes,
1099 2049 1200 2104 fuge
1245 2050 1334 2091 eius
1366 2048 1541 2104 perinde
1573 2062 1621 2090 ac

170 2106 353 2148 uict01es
384 2107 587 2148 insultare
617 2112 833 2162 ceperunt.
875 2107 980 2156 Qui
1011 2122 1119 2162 cum,-
1151 2107 1469 2149 imminentibus
1500 2106 1619 2158 Iutis,

171 2168 212 2206 et
259 2170 405 2206 uetera
447 2165 607 2206 auxilia
651 2166 829 2207 deficere
876 2171 1090 2220 cerneret,
1138 2180 1215 2208 nec
1259 2179 1370 2207 noua
1421 2165 1620 2221 temporis

171 2223 365 2287 angustie
404 2223 597 2273 contrahi
637 2224 863 2276 siner-ent,
887 2238 970 2282 quo
1003 2224 1137 2265 tucior
1167 2238 1332 2265 secessu
1363 2223 1486 2275 foret,
1523 2222 1620 2263 Fio-

171 2281 285 2321 niam
317 2282 434 2334 petit,
465 2281 644 2322 salutem
675 2282 810 2323 insule
842 2278 1047 2348 presidio
1055 2282 1309 2337 quesituras.
1352 2280 1438 2322 Vbi
1463 2281 1620 2321 nihilo-

172 2339 307 2379 minus
350 2339 566 2392 indignam
609 2340 920 2393 religiosissimo
961 2340 1110 2395 spiritu
1149 2354 1222 2381 suo
1267 2339 1517 2380 uiolenciam
1549 2352 1621 2380 ex-

172 2400 315 2450 pertus
361 2401 434 2438 est.
501 2396 609 2438 Hinc
645 2398 756 2439 enim
801 2397 905 2439 Iutis
947 2402 1070 2439 aucta
1110 2397 1295 2439 seniendi
1340 2396 1493 2438 fiducia
1525 2410 1620 2438 con-

172 2453 342 2495 citatam
385 2454 663 2496 multitudinis
702 2456 986 2497 temeritatem
1027 2456 1221 2507 exacuit,
1261 2455 1358 2496 hinc
1400 2453 1620 2508 grassandi

172 2517 416 2565 presumpta
458 2513 630 2554 libertas
671 2513 833 2554 tristem
873 2514 964 2567 regi
1006 2514 1236 2568 procellam
1280 2512 1446 2554 inflixit.
1509 2510 1620 2554 Sane

174 2570 418 2624 populares,
463 2583 581 2624 penev
601 2576 715 2612 metu
747 2576 916 2625 ceptum
945 2572 1139 2612 omittere
1172 2570 1315 2621 ueriti,
1348 2583 1621 2623 perseueran-

171 2628 278 2671 ciam
310 2628 457 2671 sceleri
488 2628 773 2674 exhibendam
804 2629 1032 2673 duxerunt.
1078 2628 1228 2683 Neque
1259 2629 1370 2669 enim
1402 2628 1464 2669 bis
1486 2628 1621 2670 lesum

1673 1252 1699 1276 p.
1719 1243 1770 1270 588
