1884 3126
702 276 752 282 —-—
814 252 930 294 XIII
990 278 1045 284 —
1520 253 1603 294 417

152 384 193 422 et
223 380 356 436 prede
390 381 621 434 abstinens,
654 394 737 436 quo
769 379 909 422 minus
940 379 1152 422 aduentus
1179 379 1267 421 eius
1289 376 1605 434 prouideretur‚

150 438 336 480 diluculo
369 439 422 481 ad
445 438 620 481 Henrici
646 438 933 480 municionem
963 438 1175 493 peruenit.
1222 436 1314 487 Ille,
1346 440 1434 477 tam
1464 436 1605 477 subite

148 497 400 552 irrupcionis
456 498 675 549 incautus,
729 510 806 538 nec
854 510 970 537 arma
1010 510 1161 551 capere
1201 509 1278 537 nec
1321 509 1367 536 se
1417 492 1602 550 presidio

149 555 258 596 tueri
298 559 444 611 parat,
482 555 559 597 sed
601 555 791 611 protinus
834 555 1020 596 uicinum
1062 554 1255 595 menibus
1295 553 1452 594 flumen
1493 566 1604 607 equo

102 626 118 653 5
149 618 387 665 attentans,
421 614 544 655 unico
577 628 687 669 aque
719 613 949 654 intersticio
975 613 1140 654 hostem
1164 611 1330 662 fefellit,
1361 611 1604 666 letatusque

149 676 225 718 est,
259 672 372 727 quod
414 673 594 714 salutem
637 685 757 713 suam
799 671 910 711 amni
942 685 1070 726 quam
1103 670 1259 725 oppido
1304 669 1479 711 credere
1518 683 1604 709 ma-

93 743 96 746 ’
147 730 307 773 luisset.
371 730 510 778 Quem
549 743 645 771 eum
687 729 888 771 Kanutus
930 730 1133 770 ulteriore
1174 728 1256 769 iam
1296 727 1390 781 ripa
1419 727 1604 783 potitum

147 789 368 843 aspiceret,
400 803 452 830 an
484 787 699 841 maderet,
739 802 815 843 per
857 787 1087 829 ludibrium
1118 789 1394 842 percontatus
1427 790 1502 828 est.
1563 786 1604 826 A

149 860 230 901 quo
252 861 273 887 e
297 846 521 896 contrario,
554 846 654 901 quid
676 846 734 887 ita
763 845 993 898 incederet,
1021 846 1324 899 interrogatus,
1355 843 1523 885 uenisse
1556 859 1602 885 se

81 917 116 944 10
145 905 302 959 inquit,
344 908 391 946 ut
432 905 641 960 promissa
682 905 735 946 ab
769 918 819 946 eo
852 904 943 945 lora
975 904 1161 960 recipiat.
1222 902 1302 943 Ille
1341 900 1477 943 minas
1509 902 1600 956 sibi,

150 976 253 1018 quas
284 977 420 1019 nuper
451 963 702 1015 intenderat,
735 963 922 1018 responsi
953 963 1196 1004 urbanitate
1228 960 1510 1014 exprobratas
1540 961 1602 1002 in-

148 1021 360 1075 telligens,
382 1022 654 1076 ignominiam
678 1020 771 1062 ioco
795 1025 1096 1076 prosequutus,
1123 1018 1246 1060 Adeo
1270 1016 1431 1069 miehi,*
1453 1018 1795 1073 inquit,0XX1111¹¹

148 1079 323 1120 calcium
355 1079 516 1121 uiribus
550 1079 683 1121 obniti
718 1078 895 1130 uideris,
938 1084 986 1120 ut
1027 1093 1079 1120 ne
1111 1078 1227 1132 tangi
1269 1076 1602 1131 quidem‘eonti-

147 1138 294 1179 nerine
328 1151 470 1192 queas.
519 1136 639 1178 Tunc
660 1136 858 1179 Kanutus
893 1139 1010 1193 prius
1045 1141 1243 1188 castrum,
1276 1134 1429 1175 deinde
1461 1139 1601 1177 cetere

82 1207 116 1234 15
148 1195 328 1249 regionis
367 1196 481 1237 culta
520 1197 724 1238 uastauit.
780 1195 991 1242 Secundo
1036 1208 1216 1251 quoque,
1254 1192 1422 1234 nouatis
1456 1194 1600 1248 copiis,

148 1267 317 1294 omnem
358 1254 571 1295 Sclauiam
621 1257 765 1308 strage
817 1260 944 1310 atque
986 1253 1178 1295 incendio
1221 1251 1481 1306 implicauit3
1523 1265 1600 1293 nec

146 1311 281 1353 solum
313 1312 497 1366 patriam
528 1312 665 1365 hoste,
698 1311 771 1354 sed
805 1314 935 1353 eciam
960 1312 1126 1354 hostem
1159 1312 1312 1352 robore
1344 1309 1596 1363 uacuefeeit,

146 1369 252 1410 adeo
287 1376 333 1410 ut
363 1370 478 1426 prius
510 1383 748 1424 prouocare
769 1371 939 1412 solitum
972 1386 1025 1413 ne
1055 1368 1226 1425 proprie
1259 1367 1429 1422 quidem
1462 1369 1597 1410 tutele

144 1427 429 1469 sufficientem
450 1428 723 1483 relinqueret.
765 1429 1006 1480 Postremo,
1030 1443 1124 1470 cum
1157 1432 1264 1468 totas
1290 1426 1462 1467 Henrici
1486 1427 1598 1468 uires

74 1497 112 1524 20
141 1485 374 1541 prudencia
414 1500 490 1527 sua
530 1500 578 1527 ac
620 1486 865 1529 fortitudine
908 1487 1194 1539 debilitasset,
1240 1484 1479 1539 sanguinis,
1512 1498 1595 1539 quo

145 1544 263 1585 illum
284 1545 478 1599 proxime
502 1544 789 1599 contingebat,
811 1550 966 1587 natura
989 1551 1122 1598 actus,
1154 1547 1201 1584 ut
1221 1543 1391 1600 publice
1412 1543 1596 1596 hostem,

143 1602 204 1643 ita
234 1602 435 1658 priuatim
467 1603 646 1643 amicum
680 1604 778 1657 egit.
821 1603 826 1655 Ι
866 1604 1005 1646 Semel
1040 1616 1236 1658 namque,
1270 1601 1441 1643 dimisso
1476 1615 1594 1642 exer-
1648 1603 1745 1638 p.c25

143 1660 249 1711 citu,
289 1660 447 1715 uiginti·
478 1660 691 1702 duntaxat
731 1662 941 1717 equitibus
984 1662 1212 1703 comitatus
1253 1659 1308 1711 ad
1349 1660 1513 1712 locum,
1554 1659 1595 1700 in

144 1732 226 1773 quo
268 1718 503 1760 Henricum
544 1718 752 1761 diuersari
793 1720 1021 1770 didicerat,
1066 1733 1234 1761 cursum
1278 1717 1456 1769 direxit,
1500 1732 1596 1772 pre-

74 1787 110 1814 25
143 1776 301 1830 missis,
335 1778 405 1832 qui
439 1791 513 1818 sue
546 1777 583 1817 ei
615 1777 892 1824 salutacionis
925 1778 1125 1820 mandata
1165 1777 1415 1831 perferrent.
1480 1775 1594 1817 Hen-

141 1834 263 1886 ricus,
295 1835 402 1876 falso
436 1835 607 1877 hostem
639 1835 716 1877 sibi
741 1836 917 1878 blandiri
940 1838 1150 1892 inquiens,
1183 1835 1389 1892 protinUS,
1424 1834 1595 1875 ubinam

143 1897 279 1945 esset,
323 1893 568 1948 perquirere
615 1893 780 1937 institit.
853 1895 1018 1943 Quibus
1061 1908 1157 1937 eum
1194 1895 1236 1935 in
1278 1897 1403 1948 porta
1445 1892 1593 1934 adesse

141 1950 436 1994 referentibus,
468 1952 570 2006 ipse,
599 1953 751 1994 nuncio
777 1954 995 2007 attonitus,
1028 1967 1229 2001 mensam,
1263 1952 1313 1991 ad
1338 1963 1464 2006 quam
1486 1950 1594 1992 forte

141 2008 376 2063 prandendi
416 2011 557 2063 gracia
597 2009 908 2065 discumbebat,
943 2014 984 2053 ui
1015 2025 1166 2053 manus
1211 2010 1424 2052 discutere
1455 2013 1592 2064 parat.

75 2079 110 2105 3)
142 2066 263 2108 Tunc
293 2068 434 2121 legati,
465 2069 727 2123 presenciam
760 2070 877 2111 ducis
922 2086 945 2112 a
977 2084 1082 2125 pace
1116 2068 1349 2123 profectam
1390 2067 1592 2121 iurantes,

144 2130 392 2178 conceptum
434 2125 540 2168 falso
591 2131 750 2168 metum
796 2127 1133 2170 affirmaeionum
1179 2141 1350 2169 suarum
1396 2139 1594 2180 perseue-

143 2183 284 2223 rancia
325 2183 625 2226 discusserunt.
699 2185 861 2233 Quibus
910 2191 955 2227 ut
996 2185 1210 2228 Henricus
1255 2183 1384 2226 fidem
1432 2183 1591 2235 habuit,

141 2239 241 2294 fuge
282 2240 608 2284 meditacionem
650 2244 804 2285 amoris
851 2244 1003 2286 indicio
1051 2244 1284 2298 castigauit.
1361 2241 1590 2282 Enimuero

143 2299 290 2340 tabule
333 2299 516 2350 innixus,
561 2299 720 2342 suffuso
761 2302 987 2358 lachrymis
1029 2316 1121 2353 ore,
1157 2301 1370 2343 infelicem
1410 2299 1591 2340 Daniam

74 2367 110 2394 35
141 2356 341 2408 futuram,
374 2358 475 2398 dum
506 2359 580 2399 tali
613 2360 703 2400 uiro
727 2362 920 2404 caruerit
953 2361 1117 2412 aiebatss,
1150 2374 1195 2402 se
1217 2372 1321 2400 uero
1355 2357 1591 2398 amiciciam

142 2414 231 2471 eius
264 2429 440 2470 syncera
483 2416 635 2458 amodo
679 2417 762 2459 fide
802 2418 1025 2460 culturum.
1094 2418 1219 2459 Hune
1264 2416 1458 2457 nimirum
1492 2428 1589 2456 con-

142 2473 400 2527 sanguineus
433 2487 553 2515 amor
585 2480 628 2516 et
659 2490 735 2517 sue
765 2475 1023 2518 infelicitatis
1056 2475 1247 2517 obliuisci
1281 2479 1322 2516 et
1354 2474 1488 2515 hostis
1509 2473 1591 2514 uir-

143 2534 278 2571 tutem
309 2531 431 2571 fateri
465 2532 611 2586 coegit,
646 2537 775 2588 utque
809 2536 979 2590 proprie
1011 2534 1179 2585 fortune
1211 2534 1509 2575 immemorem,
1532 2531 1590 2572 ita

143 2588 276 2629 aliene
306 2588 572 2632 laudatorem
618 2590 766 2632 effecit.
827 2592 994 2634 Deinde
1034 2597 1275 2647 presentem
1307 2590 1590 2644 amplexatus,

74 2660 110 2687 40
139 2646 256 2688 haud
294 2647 461 2702 parcius
503 2647 741 2704 lachrymas
782 2664 906 2706 quam
951 2650 1123 2706 epulum
1165 2649 1345 2705 prebuit.
1421 2647 1590 2703 Quippe

213 2721 292 2746 Saxo
312 2721 547 2750 Grammaticus.
1408 2718 1449 2754 2?
