1884 3126
763 265 813 271 -
874 241 944 285 XI
1009 267 1060 273 —
1557 243 1640 285 367

185 372 304 414 didit.
348 371 387 413 A
411 372 529 414 cuius
551 385 653 428 rege
682 372 688 422 Ι
713 370 929 413 homicidii
951 371 1124 414 crimine
1146 371 1382 423 damnatus,
1407 371 1639 414 domestico

185 430 359 472 draconi
396 430 646 472 lacerandus
693 430 894 472 obiectari
937 430 1181 486 precipitur.
1243 429 1359 471 Nihil
1405 431 1516 472 enim
1550 431 1639 473 eius

184 503 327 530 morsu
360 489 413 530 ad
446 488 660 531 necandos
692 502 789 530 reos
811 487 1028 529 ualencius
1060 488 1310 531 ducebatur.
1375 488 1453 530 Oui
1484 489 1526 530 in
1550 503 1641 530 car-

185 560 325 588 cerem
364 548 482 588 eunti
519 548 701 602 ingenue
744 546 842 588 fidei
883 559 1032 588 seruus
1075 547 1187 588 ultro
1221 561 1314 588 sese
1353 545 1642 589 damnacionis

136 617 152 642 5
184 605 381 647 comitem
415 605 579 647 obtulit.
641 605 775 647 Exuit
819 618 1019 657 uernam,
1062 610 1111 646 ut
1142 606 1308 647 socium
1340 610 1499 660 ageret,
1532 620 1643 647 mor—

186 669 357 718 temque
396 665 593 719 excipere
635 677 760 718 quam
793 663 962 704 domino
1004 662 1151 704 deesse
1190 663 1350 704 maluit.
1413 663 1641 719 Vtrunque

185 722 233 775 is,
267 722 337 777 qui
371 721 564 763 custodie
584 726 768 777 preerat,
802 720 1005 762 curiosius
1035 722 1313 763 obseruatum
1344 735 1419 776 per
1451 736 1496 763 os
1531 723 1640 763 antri

186 781 387 822 inermem
430 794 743 836 excussumque
785 780 966 821 demisit.
1037 779 1204 835 Itaque,
1233 779 1391 821 nudato
1435 780 1641 832 ministro,

188 837 423 880 Haraldum
466 838 723 880 uerecundie
774 837 917 893 gracia
967 837 1130 879 lintheo
1177 842 1342 878 tantum
1390 837 1642 880 discinctum

116 909 152 937 ιο
185 897 367 952 excepit.
429 895 466 937 A
500 910 583 952 quo
617 896 723 937 clam
757 896 920 938 armilla
954 896 1149 947 donatus,
1180 896 1391 952 pisciculis
1423 897 1642 951 pauimen-

186 961 275 996 tum
307 954 517 1006 instrauit‚
549 958 598 996 ut
629 955 808 997 haberet
840 955 994 1006 draco,
1026 954 1075 1002 ¹in
1109 968 1191 1009 quo
1224 955 1357 1010 prime
1390 954 1511 995 famis
1544 970 1640 1010 pro-

185 1027 354 1054 cursum
389 1012 640 1066 effunderet,
671 1026 929 1068 reorumque
962 1013 1246 1054 carceralibus
1281 1013 1467 1055 tenebris
1503 1013 1641 1054 obfusi

185 1071 292 1112 oculi
338 1070 405 1112 uel
449 1071 673 1126 paruulam
714 1070 996 1126 perspiciendi
1038 1071 1201 1125 copiam
1233 1072 1323 1126 ipso
1366 1085 1639 1127 squamarum

186 1130 320 1171 nitore
352 1133 634 1184 capesserent.
697 1128 816 1170 Tunc
852 1128 1067 1170 Haraldus
1107 1128 1217 1171 lecta
1251 1129 1506 1171 cadauerum
1546 1143 1640 1171 ossa

120 1200 152 1228 15
183 1188 390 1241 angustiis
436 1187 518 1228 tele
564 1186 837 1229 consercioris
881 1187 1109 1242 implicuit,
1151 1187 1399 1242 hisdemque
1436 1188 1477 1228 in
1509 1203 1640 1229 unum

183 1245 358 1299 globum
402 1245 558 1287 coactis
603 1246 737 1287 ueluti
781 1246 946 1286 clauam
988 1245 1142 1288 effecit.
1216 1245 1410 1301 Cumque
1457 1246 1640 1301 allapsus

185 1303 311 1345 draco
346 1304 384 1344 in
422 1304 631 1344 obiectam
665 1317 870 1359 perquam
892 1303 1018 1345 auide
1041 1303 1215 1359 predam
1243 1304 1434 1356 irrueret,
1467 1303 1639 1346 dorsum

185 1362 273 1403 eius
305 1362 440 1404 ueloci
473 1362 584 1403 saltu
626 1361 930 1415 conscendenS,
964 1362 1181 1403 cultellum
1211 1363 1472 1415 tonsorium,
1514 1377 1639 1418 quem

185 1433 327 1462 secum
367 1419 477 1461 forte
518 1424 678 1462 tectum
727 1420 949 1473 attulerat,
998 1420 1221 1473 umbilicO,
1267 1421 1336 1476 qui
1380 1421 1493 1463 solus
1525 1421 1638 1462 ferro

115 1491 153 1519 20
182 1478 384 1533 patebat,
424 1478 641 1519 immersit.
711 1478 954 1520 Seccionem
997 1478 1106 1520 enim
1149 1479 1413 1533 rigidissimis
1455 1479 1639 1534 squamis

188 1535 349 1577 obsitus
394 1550 567 1591 serpens
610 1540 752 1578 ceteia
794 1536 982 1591 corporis
1026 1541 1147 1592 parte
1194 1538 1436 1591 spernebat.
1511 1536 1640 1579 Hunc

186 1594 403 1635 cultellum
437 1593 739 1636 Waldemarus
772 1609 871 1646 rex,
903 1609 970 1636 res
1003 1599 1145 1649 gestas
1179 1595 1464 1650 cognoscendi
1496 1610 1544 1636 ac
1575 1610 1639 1636 re-

186 1651 348 1694 ferendi
401 1646 718 1708 cupidissimus,
775 1626 970 1707 rubigine
1026 1668 1201 1694 exesum
1260 1654 1420 1709 uixque
1467 1651 1639 1695 sicandi

187 1709 467 1752 sufficientem
502 1711 736 1752 ministe1i0
770 1710 1045 1752 familiaribus
1079 1725 1180 1777 sepe
1212 1712 1491 1753 monstrabat.
1554 1711 1638 1753 Sed

116 1774 154 1802 25
183 1782 322 1823 neque
348 1768 563 1810 Haraldus
598 1769 651 1810 ob
683 1770 881 1810 sessionis
914 1770 1192 1811 eminenciam
1226 1770 1384 1823 ingenti
1420 1770 1542 1811 beluc
1566 1784 1638 1811 ore

187 1826 335 1881 corripi
371 1826 623 1868 dcnciumue
655 1828 848 1869 acumine
890 1829 1030 1868 noceri
1067 1832 1141 1868 aut
1182 1828 1318 1879 caude
1349 1828 1637 1869 uoluminibus

186 1884 283 1925 elidi
325 1889 508 1940 poterat.
580 1884 770 1927 Minister
802 1900 929 1929 uero,
971 1890 1191 1951 compacto
1232 1887 1466 1940 gestamine
1512 1884 1636 1942 usus,1

186 1943 542 1984 conuerberatum
576 1943 699 1984 bclue
732 1949 857 1998 caput
889 1944 939 1984 ad
965 1945 1216 1998 sanguinem
1232 1920 1291 1986 Det
1323 1958 1466 1986 necem
1501 1958 1634 1999 usque

187 2000 342 2042 ‹zv-ebus
371 1999 574 2066 ictu<u>rn
597 2002 856 2067 ponderibus
880 2002 1182 2044 contundebat.
1217 2002 1311 2050 Quo
1335 2004 1519 2058 cognito,
1549 2018 1637 2054 rex,

117 2075 155 2103 30
185 2059 379 2100 ulcione
369 2072 409 2099 ln
425 2059 762 2101 ammiracionem
784 2074 919 2111 uersa,
936 2059 1175 2101 fortitudini
1196 2062 1450 2116 supplicium
1469 2061 1637 2112 remisit,

187 2117 452 2171 salutemque
490 2116 746 2159 animositati
784 2118 1067 2159 tribuendam
1092 2118 1273 2172 putauit.
1335 2118 1425 2160 Nec
1470 2116 1635 2183 pennam

187 2174 395 2216 remisisse
424 2180 671 2228 contentus,
704 2175 866 2216 addidit
907 2178 1137 2217 caritatem.
1199 2175 1382 2230 Nauigio
1427 2177 1535 2218 enim
1569 2178 1638 2218 sti-

186 2233 428 2288 pendioquc
451 2228 630 2274 donatos
653 2233 768 2275 abire
799 2234 1000 2288 permisit,
1065 2233 1258 2290 Cumque
1291 2235 1453 2275 crimini
1479 2235 1635 2290 suppli-

188 2291 296 2332 cium
321 2290 510 2344 deberet,
533 2290 770 2332 fortitudini
791 2292 1002 2347 pepercit,
1036 2293 1325 2347 uirtutemque
1350 2293 1487 2334 colere
1511 2307 1637 2348 quam

121 2361 158 2389 35
188 2351 354 2415 culpam
387 2349 536 2401 punire
570 2350 729 2390 maluit.

328 2407 541 2448 Reuersus
576 2407 666 2447 Har
670 2407 790 2448 aldus
813 2406 1075 2462 Noruagiam
1100 2412 1295 2463 occupat,
1323 2421 1457 2463 eaque
1478 2409 1636 2463 potitus

189 2479 305 2506 arma
336 2465 377 2505 in
410 2464 594 2505 Daniam
625 2465 836 2507 transfert.
898 2465 1034 2520 Igitur
1066 2466 1222 2518 Sueno,
1254 2466 1483 2507 contractis
1515 2467 1634 2512 Iutis

189 2522 382 2578 cupidius
415 2536 541 2577 quam
563 2522 876 2564 consideracius
908 2524 1021 2579 apud
1047 2523 1258 2579 Dyursam
1290 2524 1468 2565 fluuium
1502 2529 1635 2566 totam

189 2579 544 2635 Noruagiensium
578 2595 751 2621 manum
778 2594 1018 2635 aggressus,
1049 2587 1097 2622 ut
1120 2582 1268 2635 classe,
1300 2582 1358 2623 ita
1392 2581 1501 2624 bello
1534 2596 1639 2638 quo-

120 2652 158 2681 40
189 2651 270 2694 que
301 2638 476 2680 inferior
505 2638 607 2693 fuit,
652 2638 867 2695 copiarum
910 2653 1087 2682 numero
1129 2639 1414 2696 respondente
1449 2639 1635 2684 fortuna.

1696 390 1725 415 p.
1746 382 1799 409 550

1696 1968 1725 1991 p.
1746 1959 1793 1987 551

1693 2133 1785 2167 (¹206)
