1884 3126
260 874 294 901 10

255 1158 290 1185 15

255 1445 293 1473 20

254 2020 292 2047 30

256 2307 293 2333 35

336 226 416 269 498
866 240 915 246 -
958 177 1112 254 ’ΧΠΠ
1173 234 1222 240 -

335 350 388 392 ad
417 346 618 403 palustria
633 344 742 385 forte
764 341 864 395 fuga
886 338 1154 394 perueniens,
1181 350 1287 386 cum,
1308 337 1395 378 luto
1418 336 1646 391 desidente,
1668 337 1763 394 equi

333 405 510 458 uestigia
542 403 856 453 mergerentur,
887 396 1017 451 pedes
1048 396 1127 436 iter
1158 396 1343 449 arripere
1375 394 1618 437 conabatur.
1678 395 1763 437 Sed

332 476 384 503 ne
426 461 482 502 sic
521 457 686 512 quidem
725 469 827 496 ceno
872 467 974 494 onus
1018 452 1206 503 ferente,
1238 452 1372 493 eciam
1402 465 1518 492 arma
1554 452 1761 506 deposuit.

330 520 569 566 PostremO,
602 526 836 568 quanquam
868 524 1038 551 suorum
1060 509 1241 550 humeris
1264 510 1535 562 anniteretur,
1569 524 1764 565 suprema

330 576 458 616 uictus
482 570 738 622 lassitudine,
761 568 983 610 comitibus
1006 567 1209 622 aufugere
1232 567 1364 619 iussis,
1395 566 1437 607 in
1459 567 1619 608 arboris
1640 569 1762 609 unius

329 630 467 672 radice
499 627 698 669 consedit.
745 625 868 667 Adeo
902 625 1058 680 quippe
1092 638 1188 665 eum
1218 624 1327 665 uires
1360 624 1613 676 defecerant,
1645 630 1690 666 ut
1711 639 1763 666 ne

328 687 505 741 gradum
537 684 705 739 quidem
737 684 874 724 alieno
908 683 1138 724 subnixum
1169 680 1424 722 adminiculo
1468 682 1658 736 proferre
1689 697 1763 738 po-

327 744 462 785 tuerit.
533 743 571 783 A
615 755 696 796 quo
744 740 912 795 quidam.
954 754 1126 781 suorum
1172 752 1247 792 per
1290 739 1505 793 ignauiam
1549 740 1764 781 discedere

330 801 439 843 omni
469 799 556 839 fato
598 798 755 840 tristius
796 803 936 850 ratus,
979 797 1030 838 ab
1064 796 1323 851 agrestibus,
1354 796 1595 851 indagande
1631 798 1762 853 prede

325 857 465 911 gracia
495 855 912 911 superuenientibus,
955 859 1052 896 ante
1094 854 1224 909 pedes
1254 855 1365 909 regis
1397 855 1609 909 appetitus
1642 869 1762 897 occu-

328 914 427 955 buit.
489 913 528 954 A
560 913 708 968 quibus
752 917 792 953 et
824 913 963 954 Sueno
996 916 1163 967 captus,
1198 926 1315 965 cum,
1348 913 1438 967 quis
1470 917 1606 966 esset,
1636 913 1764 955 inter-

324 974 567 1024 rogaretur,
614 971 725 1025 regis
770 970 950 1011 scribam
994 970 1284 1025 profitebatur.
1356 969 1537 1023 Agnitus
1580 971 1763 1022 tandem,

325 1041 516 1083 equoque
561 1028 614 1069 ob
657 1027 942 1069 reuerenciam
984 1028 1214 1068 maiestatis
1246 1027 1476 1082 impositus,
1509 1028 1597 1069 siue
1629 1032 1762 1070 metus

325 1086 414 1127 siue
460 1086 551 1139 spei
597 1086 797 1126 instinctu
849 1085 1126 1126 Waldemaro
1170 1099 1214 1125 se
1259 1085 1493 1139 presentari
1539 1086 1757 1140 poscebat.

326 1143 417 1184 Hec
448 1143 603 1184 orantis
636 1147 759 1197 caput
782 1142 796 1195 Η
820 1144 1049 1197 agrestium
1090 1142 1261 1197 quidam
1292 1143 1428 1184 subito
1462 1142 1664 1184 aduolans
1696 1157 1758 1185 se-

324 1201 409 1241 curi
432 1199 621 1254 precidit.
671 1200 831 1255 Corpus
854 1201 941 1242 eius
963 1200 1086 1241 nullis
1108 1200 1265 1241 funeris
1286 1201 1488 1255 impensis
1510 1200 1763 1242 honoratum

321 1258 496 1311 ignobili
540 1258 752 1312 sepulture
802 1258 1070 1313 popularium
1111 1272 1207 1299 cura
1247 1258 1476 1300 mandauit.
1549 1258 1763 1301 Vluonem

322 1316 434 1357 bello
483 1320 650 1371 captum
700 1315 977 1371 Wibergique
1030 1315 1218 1356 custodie
1268 1315 1492 1368 traditum,
1536 1315 1760 1358 Hesberno

324 1373 545 1425 duntaxat,
579 1386 659 1427 quo
692 1374 827 1414 minus
858 1374 1091 1428 puniretur,
1125 1373 1335 1428 obstante,
1368 1373 1536 1428 capitali
1558 1374 1759 1429 supplicio

324 1430 483 1471 Kanuti
523 1431 675 1472 milites
716 1431 916 1484 affecere,
948 1429 1174 1484 sanguine&
1207 1430 1293 1471 eius
1325 1431 1440 1472 duc1s
1472 1432 1534 1472 sui
1573 1432 1761 1473 manibus
1781 1438 1884 1467 CXL*

323 1488 629 1543 parentandum
670 1492 882 1543 putantes.
943 1488 1128 1529 Prensus
1170 1502 1334 1543 quoque
1375 1488 1630 1541 Thetleuus,
1670 1504 1762 1530 cum

323 1545 375 1587 ad
406 1546 595 1587 eculeum
637 1544 992 1601 absltraheretur,
1034 1546 1170 1600 primo
1212 1548 1378 1601 culpam
1417 1546 1527 1601 apud
1568 1550 1759 1602 captores

324 1617 522 1645 excusare
566 1604 784 1659 pergebat.
860 1603 1108 1656 Postremo,
1160 1617 1254 1644 cum
1294 1604 1383 1644 sine
1424 1603 1575 1645 effectu
1616 1618 1760 1660 preces

324 1675 416 1703 esse
447 1665 735 1715 cognosceret,
767 1661 875 1702 adeo
909 1661 1150 1703 effeminate
1181 1675 1225 1702 se
1256 1662 1409 1715 gessit,
1441 1665 1487 1702 ut
1518 1663 1655 1703 uirum
1686 1677 1760 1704 ex-

322 1731 424 1760 uere
462 1719 575 1761 uisus
618 1734 670 1760 ne
710 1718 934 1774 lachrymis
969 1719 1140 1773 quidem
1185 1719 1413 1760 abstineret
1460 1724 1533 1761 aut
1576 1720 1760 1774 planctu,

323 1776 654 1831 muliebremque
686 1778 872 1818 animum
902 1777 1012 1817 uirili
1043 1790 1221 1831 corpore
1260 1777 1447 1818 clausum
1478 1777 1760 1820 confiteretur.

323 1833 472 1888 Itaque
502 1835 615 1888 prius
647 1834 877 1888 dedecore,
917 1833 1068 1875 deinde
1111 1838 1245 1876 morte
1276 1835 1518 1887 mulctatus,
1550 1835 1761 1889 geminam

323 1891 532 1932 interfecti
564 1906 588 1932 a
620 1906 664 1932 se
685 1892 882 1947 principis
913 1892 1105 1932 manibus
1126 1905 1280 1947 penam
1314 1892 1531 1946 persoluit.
1581 1891 1760 1946 Magnus

323 1962 440 2001 uero,
471 1950 716 2003 posterioris
748 1948 860 1990 Erici
892 1964 946 1991 ex
974 1949 1124 2005 pellice
1157 1950 1278 2003 filius,
1312 1950 1381 2004 qui
1412 1954 1453 1990 et
1482 1950 1570 2004 ipse
1602 1950 1760 1992 Sueuo-

322 2005 436 2047 niani
465 2007 646 2048 nominis
678 2007 813 2049 acrior
844 2021 969 2062 quam
1000 2007 1148 2048 iustior
1180 2007 1376 2049 defensor
1408 2008 1631 2057 extiterat,
1664 2022 1759 2048 cum

325 2067 470 2118 captus
505 2065 648 2106 ultima
680 2079 725 2106 se
755 2079 977 2120 passurum
1009 2064 1298 2115 arbitraretur,
1331 2079 1455 2119 supra
1485 2069 1587 2107 uota
1618 2065 1758 2120 propi-

325 2121 431 2163 ciam
462 2122 633 2163 uictoris
667 2122 937 2164 clemenciam
960 2126 1158 2177 expertus
1180 2127 1254 2163 est.
1297 2121 1435 2170 Quem
1452 2122 1759 2173 waldemarus,

325 2178 404 2220 sibi
445 2193 469 2219 a
510 2180 750 2233 captoribus
791 2183 1100 2235 presentatum,
1142 2179 1219 2220 sub
1258 2185 1455 2235 respectu
1494 2180 1759 2234 cognacionis

325 2250 410 2277 non
441 2236 589 2291 spiritu
620 2238 766 2289 modo,
807 2237 880 2279 sed
921 2237 1053 2278 eciam
1085 2238 1256 2278 honoris
1290 2251 1338 2278 ac
1380 2238 1597 2292 potestatis
1628 2238 1759 2278 incre-

324 2294 474 2336 mentis
497 2294 692 2347 donauit3
716 2309 892 2350 cumque
915 2295 1084 2336 abunde
1105 2299 1216 2337 esset
1236 2295 1529 2349 impunitatem
1551 2295 1759 2347 tribuisse,

325 2351 454 2392 eciam
486 2351 785 2394 liberalitatem
815 2353 992 2406 adiecit,
1019 2366 1073 2393 ne
1104 2352 1337 2394 districtum
1367 2353 1548 2394 ultorem
1593 2353 1756 2407 agendo

324 2409 417 2463 plus
457 2409 517 2451 ire
559 2423 690 2462 quam
720 2410 1015 2451 necessitudini
1046 2410 1270 2452 indulsisse
1309 2410 1537 2452 uideretur.
1598 2410 1757 2465 Itaque,

324 2467 491 2508 tametsi
529 2467 678 2510 iniurie
719 2467 968 2522 supplicium
1008 2467 1256 2520 deberetur,
1295 2468 1598 2523 propinquitati
1644 2468 1757 2509 salus

325 2524 484 2566 tributa
526 2529 599 2566 est.
661 2524 794 2579 Igitur
830 2538 914 2566 non
954 2525 1090 2566 minus
1132 2526 1174 2566 in
1215 2524 1459 2566 aduersario
1491 2525 1756 2578 affinitatem,

257 2593 295 2620 40
326 2594 456 2636 quam
497 2583 538 2623 in
587 2583 820 2637 fautoribus
870 2581 997 2624 fidem
1046 2586 1173 2638 atque
1223 2582 1471 2638 obsequium
1516 2588 1757 2636 ueneratus,

1811 1149 1884 1182 (28‹

1814 1563 1838 1587 p.

1861 1554 1884 1581 Ἦ
