1884 3126
293 217 372 256 604
518 203 522 208 “
822 231 876 235 -
934 203 1071 246 XIIII
1131 227 1185 232 —

293 341 513 383 uideretur.
573 335 823 387 Progressus
854 333 994 386 itaque
1016 330 1284 383 Strumicum,
1317 329 1519 371 athletam
1551 331 1725 386 insignis

293 394 555 446 fortitudinis,
578 391 701 445 capit.
735 389 817 431 Sed
839 403 915 431 nec
935 388 1050 443 prius
1072 388 1269 441 Mirocus,
1292 391 1338 428 ut
1358 388 1512 442 pedem
1532 388 1724 444 referret,

291 454 428 508 urgeri
467 452 654 506 poterat,
697 461 820 502 quam
863 447 968 488 alius
998 446 1159 500 nauigii
1190 446 1525 500 superuenientis
1565 446 1726 488 uiribus

292 513 512 552 arceretur.
559 505 686 548 Cuius
717 505 925 559 respectui
946 507 1110 545 tantum
1132 503 1422 544 ueneracionis
1443 517 1468 544 a
1498 503 1726 546 uictoribus

246 580 261 605 5
292 567 493 609 tributum
524 568 598 614 est,
629 567 688 613 ut,
721 576 813 603 cum
846 565 992 617 eaptus
1013 561 1262 617 supplicium
1286 565 1529 614 mereretur,
1560 561 1725 604 redem-

290 625 479 679 pcionem
519 620 748 674 acceperit,
791 620 1015 674 poeiusque
1057 619 1101 660 in
1131 632 1180 660 eo
1211 619 1397 673 probitas
1436 619 1644 661 honorata
1674 620 1726 661 sit

291 694 414 735 quam
445 679 631 720 facinora
661 677 820 730 punita.
881 677 949 718 Ita
991 691 1086 718 cum
1118 676 1324 730 impietati
1365 676 1570 732 pernicies
1601 677 1725 719 debe·

290 743 415 790 retur,
448 734 680 778 fortitudini
712 734 824 776 salus
855 734 1010 776 donata
1042 738 1117 776 est.

223 864 256 890 10
832 879 855 904 ,g
995 847 1017 872 ’¹‘
1158 879 1180 903 ‚R

400 966 568 1008 Interea
591 965 855 1022 Kazymarus
872 969 913 1007 et
934 964 1273 1020 Bu[r]giszlauus
1294 965 1553 1008 Danicarum
1573 967 1726 1008 uirium

287 1030 400 1067 metu
416 1025 600 1067 Henrico
618 1038 661 1066 se
678 1024 876 1077 subdunt,
894 1037 1155 1079 regnumque
1172 1037 1292 1064 suum
1310 1023 1525 1080 hucusque
1547 1024 1727 1069 liberum

287 1083 482 1125 Saxonici
514 1082 695 1123 muneris
727 1081 899 1123 faciunt.
959 1080 1074 1136 Ergo
1106 1081 1206 1122 dum
1245 1095 1297 1123 ex
1330 1081 1518 1124 hostibus
1548 1082 1738 1134 alterum,

224 1149 254 1175 ¹5
286 1145 492 1195 metuunt,
524 1140 695 1181 alterius
726 1140 872 1194 iugum
903 1143 1182 1194 sumpserunt,
1215 1139 1506 1195 auxiliumque
1546 1140 1727 1195 petendo

285 1199 454 1253 antique
486 1198 691 1239 libertatis
723 1197 971 1239 beneficium
994 1197 1237 1239 amiserunt.
1300 1197 1383 1239 Sed
1415 1197 1727 1251 Waldemarus,

286 1257 538 1298 Saxonioam
559 1270 682 1310 opem
714 1255 870 1297 frustra
892 1270 916 1296 a
938 1255 1098 1297 Sclauis
1118 1255 1295 1310 petitam
1316 1255 1518 1309 iudicans,
1550 1260 1728 1311 utroque

285 1314 403 1355 hoste
435 1317 685 1369 contempto,
718 1328 811 1355 cum
833 1313 1035 1355 instructa
1057 1313 1188 1354 classe
1210 1313 1424 1360 Stitinum,
1456 1314 1729 1355 ueterrimum

285 1371 536 1413 Pomeranie
577 1371 800 1426 oppidum,
839 1371 958 1425 petit.
1018 1371 1156 1412 Huius
1196 1372 1484 1426 nauigaoionis
1515 1385 1728 1427 precessor

216 1436 254 1463 20
283 1429 474 1471 Absalon
506 1428 678 1484 benigni
709 1443 810 1484 erga
841 1429 1089 1471 Stitinenses
1120 1428 1250 1470 animi
1280 1429 1497 1471 duetorem
1528 1429 1724 1472 habebat.

287 1486 415 1528 Cuius
446 1487 595 1529 fraude
626 1501 701 1542 per
724 1487 892 1529 Oddore
923 1487 1057 1528 amnis
1088 1486 1308 1541 dispendia
1339 1487 1557 1541 abductus,
1580 1487 1728 1529 ceteris

286 1551 444 1588 rectam
476 1549 517 1587 et
539 1545 893 1601 compendiariam
915 1545 1234 1599 nauigacionem
1255 1545 1538 1600 sequentibus,
1565 1549 1726 1586 mutato

287 1604 434 1646 ordine
464 1608 698 1659 postremus
729 1603 782 1644 ad
813 1603 962 1644 urbem
995 1603 1201 1657 peruenit.
1253 1602 1330 1644 Est
1360 1607 1503 1645 autem
1525 1603 1728 1644 Stitinum

286 1662 507 1703 eminentis
537 1661 641 1703 ualli
661 1661 918 1702 sublimitate
941 1661 1221 1715 conspicuum,
1251 1660 1422 1716 insuper
1442 1665 1594 1702 natura
1615 1674 1728 1702 arce-

218 1725 254 1753 25
285 1734 365 1775 que
406 1720 611 1774 equaliter
652 1719 873 1771 munitum,
913 1722 959 1759 ut
990 1718 1322 1774 inexpugnabile
1357 1733 1465 1773 pene
1498 1719 1730 1760 existimari

285 1777 425 1831 possit.
497 1777 610 1819 Hinc
651 1791 738 1818 mos
779 1776 996 1831 prouerbii
1039 1773 1264 1831 sumlptus,
1306 1790 1399 1830 eos,
1444 1777 1514 1832 qui
1545 1790 1588 1818 se
1619 1780 1729 1818 tutos

285 1836 466 1877 inaniter
496 1836 666 1887 iactant,
689 1834 831 1876 Stitini
862 1834 1042 1889 presidio
1065 1848 1151 1875 non
1182 1833 1365 1876 defendi.
1415 1834 1555 1875 Huius
1585 1835 1727 1875 tamen

285 1893 400 1935 urbis
441 1893 804 1947 expugnacionem
847 1891 960 1933 Dani
1001 1906 1074 1947 spe
1114 1890 1273 1933 uiribus
1315 1892 1471 1934 maiore
1505 1891 1726 1948 complexi,

286 1965 381 1992 cum
399 1950 619 1992 materiam
636 1951 724 1991 eius
740 1950 896 2005 partim
914 1950 1095 1991 incendii
1113 1963 1310 2006 capacem
1328 1949 1727 2003 animaduerterent,

219 2017 254 2043 30
286 2013 544 2050 constructas
590 2008 720 2062 uirgis
766 2013 900 2049 crates
943 2008 997 2049 ad
1043 2007 1216 2049 modum
1270 2007 1443 2062 breues,
1494 2008 1546 2049 ob
1591 2007 1729 2049 iacula

287 2066 475 2118 uitanda,
507 2066 626 2108 uelut
656 2069 773 2107 scuta
803 2079 878 2121 pre
909 2080 953 2107 se
974 2065 1212 2120 gestabant,
1244 2065 1475 2120 iisdemque
1498 2066 1595 2107 freti
1626 2065 1729 2120 ligo-

286 2124 408 2165 nibus
438 2137 640 2179 aggerem
670 2128 813 2179 petere
855 2128 1082 2179 ceperunt,
1124 2124 1258 2165 tucius
1300 2123 1411 2164 intra
1441 2123 1729 2164 cuniculorum

287 2182 470 2223 latebras
518 2181 662 2236 ignem
709 2182 906 2235 sparsuri.
989 2180 1087 2222 Rex
1140 2181 1308 2222 interim
1365 2181 1729 2236 oppugnacionem

288 2254 430 2290 orsus,
493 2240 722 2281 muralibus
781 2239 983 2280 machinis
1037 2239 1226 2293 omissis,
1277 2252 1477 2280 coronam
1529 2238 1728 2279 admouit.

220 2305 256 2332 35
287 2297 393 2339 Solis
444 2297 675 2352 sagittariis
725 2311 774 2338 ac
823 2296 1105 2338 funditoribus
1163 2296 1330 2338 excelsa
1391 2295 1574 2338 menium
1632 2309 1725 2351 pro-

288 2355 529 2409 pugnacula
573 2358 775 2411 appetere
821 2353 1018 2409 possibile
1063 2353 1166 2407 fuit,
1216 2353 1379 2395 aditum
1430 2353 1600 2408 fastigio
1654 2367 1726 2395 ne-

288 2417 427 2466 gante.
507 2412 645 2455 Fuere
695 2417 738 2453 ta
785 2425 837 2453 en
887 2426 941 2453 ex
991 2412 1236 2462 iuuenibus,
1287 2411 1356 2466 qui
1407 2411 1540 2465 glorie
1589 2410 1725 2452 studio

289 2484 452 2511 summa
498 2471 683 2512 menium
733 2484 754 2511 c
802 2469 890 2524 peis
939 2473 1105 2510 tantum
1154 2469 1332 2524 protecti
1382 2468 1724 2510 conscenderent.

290 2526 383 2568 Alii'
423 2528 639 2583 contiguas
685 2527 771 2569 solo
812 2559 814 2562 >
851 2530 988 2581 ortas,
1037 2527 1286 2582 contemptis
1328 2526 1725 2582 propugnatoribus,

221 2597 257 2624 40
288 2586 519 2627 comminus
565 2586 778 2628 securibus
836 2588 1006 2638 entant3
1049 2584 1269 2640 minusque
1307 2584 1366 2626 eis
1410 2598 1535 2639 quam
1583 2584 1727 2639 procul
