1884 3126
115 892 148 919 10

113 1182 147 1209 15

107 2052 144 2080 30

108 2343 145 2371 35

771 225 1044 268 -V—
1549 236 1630 277 149

180 354 444 410 presenciam
506 355 791 405 occultantes,
848 353 1018 396 Ericum
1075 371 1125 399 ac
1182 358 1450 414 Gunuaram,
1511 363 1631 405 nexis

182 413 366 455 inuicem
420 413 625 464 brachiis,
677 414 887 455 communi
936 414 1058 455 thoro
1113 415 1301 458 fruentes
1354 419 1629 475 conspiciunt.

183 472 302 520 Quos
342 472 611 527 semisopitos
652 472 754 520 rati,
799 471 1116 527 profundiorem
1162 475 1312 529 quietis
1353 478 1517 532 copiam
1561 494 1631 520 ex-

181 530 424 585 pectabant,
459 529 643 586 opperiri
676 529 891 584 uolentes,
926 529 1060 572 donec
1091 534 1330 587 exequendi
1361 535 1529 578 sceleris
1564 550 1630 578 oc-

180 587 394 629 casionem
427 588 597 643 grauior
629 588 867 643 porrigeret
905 602 1092 630 somnus.
1155 590 1237 638 Qui
1269 606 1386 645 cum,
1429 598 1630 636 stertente

181 646 377 688 sonorius
400 646 540 700 Erico,
573 646 768 701 concepti
789 646 962 688 liberius
985 648 1119 690 somni
1143 649 1324 703 speciem
1346 652 1629 705 agnouisscnt,

181 704 382 746 continuo
431 703 668 747 trucidandi
712 704 802 746 eius
853 705 995 759 gracia
1047 705 1258 748 destrictis
1308 709 1501 763 prodiere
1544 725 1630 751 mu-

180 763 392 805 cronibus,
446 763 637 812 Quorum
660 761 810 804 Ericus
833 763 1031 804 insidioso
1061 767 1065 816 Ι
1094 765 1420 819 expergefactus
1444 781 1632 820 accursu,

180 836 277 863 cum
309 822 576 863 imminentes
608 821 733 876 capiti
767 820 931 876 gladios
964 822 1251 877 suspexisset,
1295 823 1407 866 dicto
1450 840 1631 868 nouercc

178 880 361 931 nomine,
396 879 507 936 quod
543 880 641 922 olim
674 879 782 921 inter
813 880 1001 935 pericula
1034 894 1279 936 nuncupare
1312 882 1449 925 iussus
1482 883 1631 935 fuerat,

180 942 424 994 promptum
466 938 732 979 necessitatis
774 937 1003 979 remedium
1049 946 1251 994 expertus
1294 947 1370 983 cst.
1446 941 1631 997 Clypeus

180 997 290 1038 enim
325 997 432 1050 cius,
475 996 547 1051 qui
578 995 799 1037 sublimius
838 1010 862 1036 a
895 997 1015 1038 trabe
1046 997 1283 1051 pendebat,
1319 999 1429 1040 illico
1462 1000 1503 1040 in
1536 1014 1630 1040 oum

182 1055 403 1111 collapsus,
435 1055 593 1097 inerme
627 1067 780 1109 corpus
813 1054 932 1110 quasi
968 1054 1019 1095 de
1049 1054 1277 1108 industria,
1323 1070 1374 1097 ne
1405 1071 1430 1097 a
1461 1058 1632 1099 latroni-

181 1113 259 1155 bus
302 1113 613 1164 confoderetur,
656 1113 834 1167 obtexit.
896 1112 954 1154 At
985 1113 1077 1165 ille,
1119 1112 1292 1155 fortuna
1332 1114 1444 1156 haud
1475 1115 1632 1157 frustra

178 1186 305 1225 usus,
363 1172 547 1227 proximi
596 1171 772 1212 latronis
824 1175 1035 1226 utrunque
1088 1170 1239 1226 pedem
1281 1177 1401 1228 rapto
1445 1173 1633 1216 desecuit

179 1231 304 1273 ferro,
367 1230 562 1272 Alterum
594 1228 800 1270 Gunuara
833 1243 917 1270 non
950 1230 1109 1284 impetu
1142 1230 1294 1271 minori
1336 1231 1458 1273 hasta
1502 1236 1632 1274 trans-

179 1288 300 1342 fodit,
333 1288 527 1330 muliebri
561 1301 740 1343 corpore
773 1288 939 1329 uirilem
973 1288 1159 1329 animum
1192 1302 1362 1343 equans.

317 1346 474 1388 Taliter
521 1345 671 1388 Ericus
711 1346 870 1388 insidiis
917 1346 1140 1397 liberatus,
1190 1346 1370 1401 repetito
1414 1347 1515 1388 mari
1560 1362 1632 1388 no-

181 1408 328 1447 cturne
380 1405 649 1459 nauigacioni
695 1420 740 1446 sc
786 1410 1000 1460 preparat.
1078 1404 1136 1444 At
1185 1404 1386 1446 Rollerus
1432 1405 1502 1459 iis,
1562 1406 1630 1460 qui

110 1473 126 1498 2
179 1464 412 1505 comminus
445 1463 658 1505 excubare
689 1463 792 1504 iussi
822 1462 1004 1514 fuerant,
1036 1462 1203 1517 signum
1226 1463 1494 1518 irrumpenda
1516 1465 1631 1518 regie

178 1522 281 1563 lituo
315 1521 447 1563 dedit.
512 1521 606 1569 Quo
640 1535 719 1562 rex
751 1520 923 1574 audito,
966 1520 1147 1562 hostium
1190 1520 1422 1562 aduentum
1455 1521 1630 1563 indicari

177 1584 313 1634 ratus,
352 1578 551 1635 pressceps
582 1579 729 1634 fugam
758 1579 933 1634 ,nauigio
967 1579 1116 1620 tenuit.
1177 1579 1347 1621 Interea
1385 1579 1546 1621 Bracus
1590 1585 1631 1621 et

177 1639 245 1693 qui
306 1652 401 1686 cum
459 1652 509 1680 eo
570 1638 800 1689 irruerant,
855 1636 1101 1678 conuulsam
1158 1637 1268 1691 regis
1325 1637 1631 1693 supellectilem

176 1696 286 1738 Erici
319 1696 500 1738 nauibus
522 1695 827 1750 imponendam
851 1696 1070 1737 curabant.
1123 1694 1308 1736 Medium
1340 1695 1630 1737 ferme-noctis

109 1763 141 1788 ·-''
176 1754 354 1810 agendis
386 1755 624 1809 impensum
656 1758 719 1795 est
751 1754 908 1809 predis.
973 1753 1165 1801 Quorum
1198 1767 1320 1795 mane
1352 1767 1427 1794 rex
1463 1753 1631 1808 cognita

175 1813 289 1867 fuga,
311 1813 624 1855 insecucionem
648 1812 832 1865 molitus,
866 1825 940 1867 per
963 1812 1198 1853 amicorum
1221 1811 1445 1866 quendam,
1474 1811 1628 1865 nequid

176 1871 317 1913 subito
350 1877 521 1927 pararet
574 1873 647 1912 aut
694 1884 788 1912 cum
821 1871 983 1924 impetu
1019 1875 1331 1924 exequeretur,
1375 1869 1629 1910 ammonitus

176 1933 252 1972 cst.
299 1929 647 1971 Pei-suadebatur
679 1929 848 1984 quippe,
881 1927 1043 1969 maiore
1067 1927 1348 1969 instrumento
1382 1941 1488 1983 opus
1522 1940 1628 1981 esse,

178 2002 254 2029 nec
286 1987 510 2042 expedire,
555 2001 651 2029 eum
682 1988 827 2042 paucis
858 1986 899 2027 in
933 1985 1118 2027 Daniam
1162 1986 1362 2040 consequi
1406 1986 1628 2040 fugientes.

176 2045 260 2087 Sed
310 2060 361 2087 ne
419 2045 477 2087 sic
526 2045 696 2101 quidem
752 2045 969 2100 inpaciens
1013 2044 1174 2085 animus
1228 2043 1368 2085 damni
1425 2044 1627 2098 impetum

176 2104 342 2158 pressit.
367 2102 381 2157 ΙΙ
405 2103 519 2144 Nihil
565 2104 677 2145 enim
720 2103 855 2157 magis
898 2107 1093 2144 mouerat
1133 2115 1299 2156 regem,
1346 2116 1472 2157 quam
1516 2100 1628 2157 quod

177 2162 312 2204 aliene
346 2161 473 2203 cladis
504 2166 679 2217 paratus
711 2161 930 2203 recidisset
961 2160 1002 2201 in
1043 2175 1154 2202 suos.
1216 2159 1458 2215 Enauigans
1491 2163 1629 2201 autem

176 2234 250 2261 rex
308 2220 505 2276 peruenit
545 2220 587 2261 iu
630 2224 822 2274 portum,
870 2219 940 2274 qui
983 2233 1096 2260 nunc
1144 2218 1196 2259 ab
1236 2218 1328 2260 omi
1371 2218 1628 2259 uocabulum

179 2283 310 2320 tenet.
361 2277 446 2320 Vbi
478 2277 661 2320 aduersa
693 2281 951 2332 tempestate
985 2276 1150 2328 oborta,
1183 2276 1392 2317 alimentis
1424 2275 1626 2326 defectus,

177 2336 314 2391 sacius
345 2336 573 2378 arbitratus
620 2339 683 2377 est
723 2335 932 2376 moriendi
976 2336 1270 2377 necessitatem
1314 2334 1424 2375 ferro
1469 2333 1624 2384 subire,

178 2409 304 2450 quam
349 2394 474 2436 fame.
551 2394 704 2449 Itaque
751 2393 932 2445 nautici,
980 2407 1108 2435 manu
1156 2393 1198 2433 in
1245 2406 1288 2433 sc
1335 2392 1448 2447 ipsos
1490 2404 1624 2438 uersa,

178 2452 349 2494 alternis
385 2451 632 2494 uulneribus
673 2452 968 2494 accelerauerc
999 2451 1148 2492 fatum.
1210 2449 1303 2490 Rex
1346 2463 1438 2490 cum
1479 2448 1624 2503 paucis

177 2510 391 2551 moncium
421 2515 627 2565 prerupta
663 2514 833 2552 secutus
863 2508 1059 2551 elabitur.
1106 2508 1312 2550 Indicium
1336 2507 1462 2548 cladis
1496 2506 1625 2547 colles

181 2568 279 2610 editi
312 2568 503 2623 prebent.
552 2566 722 2610 Interea
754 2567 877 2609 Erico
909 2580 1112 2622 prospere
1146 2565 1463 2619 nauigacionem
1485 2577 1624 2606 ernen-

108 2636 146 2665 40
179 2640 240 2681 so,
273 2626 479 2668 Frothoni
510 2639 604 2667 cum
635 2624 848 2680 Alu<i>lda
879 2624 1033 2680 nupcie
1067 2628 1159 2666 acte
1191 2626 1299 2666 sunt.

1689 786 1716 811 p.
1736 777 1786 804 222

1679 1585 1785 1615 Xth

1695 2105 1765 2139 (84)
