1884 3126
92 858 125 886 10

94 1150 128 1176 15

88 1728 125 1755 25

93 2019 130 2046 30

92 2307 129 2335 35

94 2602 130 2630 40

720 215 773 223 —-
833 192 924 237 VII
985 219 1037 226 ——
1524 198 1606 241 255

157 319 311 378 Itaque
359 335 562 377 suprema
603 322 821 364 morientis
862 337 950 364 uox
998 322 1187 365 futurum
1231 324 1404 368 uictoris
1445 326 1607 368 exitum

157 380 323 435 augurii
367 381 605 435 sagacitate
649 381 872 436 complexa
914 381 1159 424 dinoscitur.
1237 383 1315 424 His
1355 384 1484 439 gestis
1527 384 1605 426 Olo

158 452 240 480 non
278 439 396 494 prius
433 453 478 480 se
520 440 631 494 patri
668 438 868 491 restituit,
911 453 1036 494 quam
1072 454 1217 495 paceni
1260 442 1350 482 eius
1382 443 1606 497 penatibus

155 497 406 552 reportauit.
480 496 521 538 A
563 511 648 553 quo
693 502 867 552 recepta
912 498 1058 552 pelagi
1104 498 1411 551 dominacione,
1456 500 1605 542 LXX.

156 555 391 597 maritimos
425 569 546 609 reges
579 555 847 596 nauticarum
890 556 1041 596 uirium
1075 557 1302 598 certamine
1335 559 1606 613 consumpsit.

159 613 277 655 Inter
309 626 415 667 quos
447 613 650 655 Biruillus
682 618 723 654 et
756 613 1010 661 Huiruillus,
1043 613 1285 656 Thoruillus
1309 630 1490 671 quoque,
1524 616 1612 658 Nef

159 676 199 712 et
232 671 357 721 Onef‚
390 671 678 721 Reduarthus‚
712 671 890 712 Randus
924 677 1051 727 atque
1086 672 1281 714 Erandus
1314 675 1499 729 precipui
1534 689 1607 715 no-

157 729 397 771 scebantur.
425 760 427 762 -
453 729 585 771 Cuius
608 730 671 771 rei
691 729 805 770 fama
828 744 876 770 ac
898 727 1034 785 tiltulo
1068 731 1250 785 pugiles,
1284 746 1461 786 quorum
1486 747 1607 774 omne

156 787 392 829 fortitudini
425 788 614 829 studium
647 788 845 839 inhiabat,
878 802 1079 829 accensos
1113 790 1163 829 ad
1189 789 1437 831 firmandam
1468 805 1605 831 secum

156 846 409 888 societatem
424 845 672 901 frequentes
697 846 890 888 adduxit.
938 846 1049 894 Quin
1085 847 1219 888 eciam
1242 847 1429 888 effrenati
1453 849 1606 903 ingenii

156 904 331 945 iuuenes
378 905 580 945 claritatis
630 904 826 959 cupidine
872 905 1105 946 concitatos
1159 906 1386 960 stipatores
1438 907 1606 949 adciuit.

156 962 276 1003 Inter
324 976 429 1017 quos
484 963 800 1004 Starchaterum
854 977 1017 1003 Summa
1070 962 1319 1016 dignacione
1368 970 1608 1020 susceptum

157 1020 404 1062 familiarius
427 1035 553 1076 quam
586 1021 731 1062 utilius
766 1021 945 1063 colebat.
991 1021 1069 1062 His
1102 1021 1262 1062 uiribus
1294 1022 1519 1064 instructus
1554 1024 1609 1064 ita

156 1079 435 1120 finitimorum
465 1093 617 1133 regum
648 1079 932 1134 petulanciam
973 1080 1182 1134 opinionis
1213 1094 1287 1120 sue
1319 1081 1609 1134 magnitudine

160 1137 402 1192 castigauit,
435 1143 481 1178 ut
512 1137 660 1178 iisdem
690 1137 975 1192 gerendorum
1007 1138 1186 1179 inuicem
1210 1137 1416 1179 bellorum
1450 1153 1608 1193 manus,

159 1209 303 1236 curam
335 1195 643 1250 audaciamque
677 1195 936 1238 detraheret.

298 1253 404 1295 Post
429 1254 505 1295 hec
527 1255 577 1294 ad
605 1253 840 1294 Haraldum
865 1253 1097 1309 profectus,
1129 1253 1182 1294 ab
1205 1254 1380 1308 ipsoque
1404 1255 1611 1295 maritima

159 1312 403 1366 prelacione
420 1312 612 1362 donatus,
628 1311 800 1353 tandem
815 1312 997 1366 Ringoni
1012 1313 1052 1352 in
1069 1311 1363 1353 commilicium
1377 1312 1609 1367 delegatur.

158 1369 323 1412 Eodem
352 1375 543 1425 tempore
567 1370 712 1411 Bruno
738 1370 906 1425 quidam
933 1370 1117 1410 omnium
1142 1369 1318 1410 Haraldi
1342 1371 1609 1411 consiliorum

158 1428 282 1470 unice
303 1429 513 1483 particeps
537 1430 584 1468 a'e
608 1429 801 1470 conscius
836 1428 1087 1470 habebatur.
1136 1427 1248 1468 Huic
1270 1429 1359 1483 ipse
1392 1433 1434 1470 et
1458 1429 1609 1483 Ringo,

158 1485 329 1541 quocies
353 1487 585 1528 secreciore
619 1487 774 1527 nuncio
810 1499 916 1541 opus
951 1486 1174 1535 habebant,
1207 1486 1405 1526 mandata
1438 1487 1610 1528 credere

158 1549 485 1586 consueuerant.
517 1544 651 1592 Quem
670 1544 963 1586 familiaritatis
981 1545 1159 1598 gradum
1179 1543 1447 1585 edueacionis
1466 1551 1506 1584 ct
1525 1559 1610 1585 erc-

156 1602 415 1657 pundiorum
430 1603 706 1644 consorcione
718 1603 897 1657 adeptus
912 1603 1062 1644 fuerat.
1088 1602 1180 1650 Quo
1199 1602 1378 1643 fluminis
1392 1603 1607 1643 cuiusdam

158 1661 277 1715 aquis
294 1661 404 1702 inter
421 1660 615 1702 assiduos
632 1661 945 1716 profeccionum
968 1661 1135 1701 labores
1155 1659 1388 1714 absumpto,
1413 1659 1609 1713 Othinus,

157 1719 245 1760 eius
278 1719 448 1759 nomine
476 1723 517 1761 et
540 1719 686 1761 habitu
718 1719 988 1771 subornatus,
1021 1718 1219 1759 insidiose
1250 1719 1476 1772 legacionis
1510 1732 1609 1759 cura

159 1777 439 1818 arctissimam
471 1791 619 1831 regum
655 1777 926 1818 concordiam
959 1776 1256 1826 labefactauit,
1301 1781 1504 1831 tantaque
1536 1777 1610 1817 ini-

160 1835 345 1876 micicias
378 1838 553 1877 serentis
586 1835 755 1877 fallacia
787 1836 880 1887 fuir,
911 1840 960 1875 ut
1001 1835 1189 1875 amicicia
1221 1848 1268 1874 ac
1299 1834 1608 1875 necessitudine

160 1893 312 1934 uinctis
336 1898 532 1935 mutuum
558 1893 643 1935 odii
667 1894 847 1948 rigorem
872 1895 1152 1947 ingeneraret,
1185 1892 1293 1947 quod
1317 1893 1475 1947 absque
1498 1892 1607 1932 bello

161 1952 311 1993 saciari
342 1965 424 1993 non
459 1965 586 2006 posse
609 1951 843 1994 uideretur.
898 1952 1084 1992 Primum
1109 1951 1221 2005 apud
1257 1964 1329 1991 eos
1360 1951 1487 1991 tacita
1511 1950 1609 1990 ado-

160 2010 303 2051 leuere
336 2009 530 2062 dissidia,
564 2010 722 2063 donee,
756 2010 939 2064 uulgatis
973 2010 1172 2064 utrinque
1204 2008 1370 2057 studiis,
1401 2008 1406 2059 Ι
1433 2022 1608 2049 arcanus

159 2067 200 2108 in
223 2068 439 2123 publicum
463 2068 571 2108 liuor
593 2073 849 2123 erumperet.
899 2067 1176 2108 Denunciatis
1198 2067 1341 2121 itaque
1364 2067 1606 2111 inimiciciis,

161 2125 409 2181 colligendis
443 2125 541 2167 belli
587 2126 874 2167 instrumentis
906 2129 1066 2180 septem
1112 2125 1210 2165 anni
1249 2138 1426 2165 cessere.
1501 2123 1607 2164 Sunt

162 2184 228 2238 qui
278 2183 514 2224 Haraldum
578 2198 664 2225 non
724 2184 867 2225 liuoris
930 2183 1112 2237 impulsu
1178 2189 1250 2223 aut
1311 2182 1424 2236 regni
1493 2194 1606 2223 emu-

160 2241 340 2293 lacione‚
371 2241 444 2282 sed
477 2241 680 2283 industrio
705 2241 721 2297 ΙΙ
745 2241 928 2297 quodam
957 2246 1278 2295 spontaneoque
1310 2245 1462 2280 conatu
1495 2240 1605 2279 elan-

161 2299 349 2341 destinas
400 2300 521 2341 exicii
574 2314 723 2341 causas
780 2299 1012 2354 quesiuisse
1058 2303 1277 2339 testantur.
1347 2297 1452 2338 Cum
1496 2297 1606 2338 enim

163 2358 217 2399 ob
248 2362 464 2399 senectam
495 2358 856 2412 seueritatemque
890 2357 1051 2398 ciuibus
1083 2357 1213 2397 eciam
1249 2360 1422 2396 onustus
1455 2355 1606 2395 existe-

162 2419 240 2468 ret,
272 2415 431 2457 ferrum
462 2416 597 2457 morbi
629 2416 884 2457 cruciatibus
916 2419 1190 2469 anteponens,
1223 2414 1412 2469 spiritum
1445 2413 1485 2453 in
1519 2411 1607 2453 acie

163 2487 289 2528 quam
320 2474 474 2516 lectulo
505 2474 721 2528 deponere
752 2472 1012 2529 preoptauit,
1046 2476 1372 2514 consentaneum
1405 2471 1605 2525 pretet-ite

163 2532 252 2572 uite
284 2531 482 2584 operibus
505 2532 665 2573 exitum
699 2532 932 2572 habiturus.
985 2530 1136 2585 Itaque
1169 2543 1249 2584 quo
1283 2533 1459 2569 mortem
1487 2541 1605 2568 suam

161 2588 377 2632 clariorem
411 2588 612 2641 efficeret,
644 2590 886 2644 inferosque
908 2588 1150 2630 eomitaeior
1168 2591 1342 2641 peteret,
1365 2585 1602 2641 complures

1663 747 1761 781 p.374

1663 2023 1760 2058 p.375

1670 2256 1753 2287 (143)
