1884 3126
250 906 283 933 10

252 1196 284 1222 15

248 1484 285 1510 ‘20

249 1774 286 1801 ‘25

251 2063 288 2090 30

250 2351 286 2377 35

251 2642 285 2669 40

322 247 400 290 146
902 245 1167 289 „V-

317 373 485 416 Deinde
531 373 584 415 ad
627 372 897 416 Gun*uaram
943 388 1186 429 conuersus,
1219 375 1478 431 experiende
1527 376 1616 418 eius
1661 376 1759 417 fidei
1795 386 1884 416 xm]

318 433 461 487 gracia
502 437 802 487 percontatur,
842 446 895 473 an
928 432 1129 474 Gatarum
1173 433 1286 475 cordi
1327 433 1517 487 haberet,
1548 433 1765 488 indignum

318 490 497 543 docens,
550 489 664 545 regie
711 489 853 545 stirpis
897 491 1083 544 puellam
1137 492 1260 533 thoro
1307 492 1525 546 popularis
1578 492 1765 546 astringi.

320 548 455 596 Quem
477 548 550 589 illa
571 562 646 603 per
669 547 844 589 deorum
867 549 1038 589 numina
1072 549 1301 604 impensius
1325 549 1529 590 obtestari
1552 563 1764 604 aggressa.

313 606 498 647 fictimne
528 620 582 647 an
615 607 826 647 ueraciter
860 607 1102 659 excogitata
1134 607 1343 648 haberet?
1405 606 1468 648 Eo
1502 621 1576 662 pei
1609 608 1762 648 serium

315 678 361 704 se
391 664 580 705 locutum
615 663 792 716 dicente,
815 663 945 729 Ergo,
977 664 1127 719 inquit,
1161 670 1396 706 extremum
1421 665 1546 706 11110111
1568 665 1763 706 ruborem

315 721 483 763 iniicere
517 735 653 777 paras,
687 736 812 777 quam
835 722 1043 777 uirginem
1068 722 1288 774 adamasti,
1323 722 1494 764 uiduam
1527 723 1762 765 relicturus.

315 779 427 834 Sepe
467 781 595 821 iebus
639 780 891 822 contrarium
933 779 1044 820 fama
1086 779 1279 846 piedicit
1321 781 1563 835 populaiis3
1605 795 1671 821 me
1712 781 1764 823 de

316 842 356 878 te
390 837 540 879 fefellit
584 838 738 892 opinio,
803 837 1025 879 Constanti
1067 838 1259 893 nupsisse
1303 839 1527 892 putabam,
1573 843 1614 879 et
1654 852 1764 880 nunc

316 896 455 937 uentis
494 895 700 937 leuiorem
748 895 970 950 experior,
1018 909 1142 950 quem
1186 896 1423 938 indubitate
1472 896 1568 937 fidei
1594 896 1762 949 llfuissc

317 953 553 1008 sperabam.
632 953 726 994 Hec
770 954 883 1002 fata,
930 953 1100 994 abunde
1146 953 1384 1009 lachrymas
1430 954 1560 996 dedit.
1629 953 1763 995 Grata

316 1010 438 1052 Erico
475 1011 617 1052 uxoris
651 1011 888 1064 indignacio
922 1010 1011 1064 fuit,
1046 1011 1109 1051 cui
1152 1026 1249 1052 mox
1284 1012 1530 1067 amplexum
1564 1012 1761 1061 inliciens,

315 1069 436 1117 scire,
469 1069 538 1119 ait,
573 1068 784 1122 uolebam,
819 1073 1021 1124 quantum
1055 1069 1130 1110 tibi
1162 1070 1201 1110 in
1234 1084 1301 1110 me
1333 1070 1432 1112 fidei
1465 1075 1586 1111 esset.
1650 1069 1765 1110 Mors

316 1127 406 1168 sola
439 1126 734 1182 dirempcionis
766 1132 908 1168 nostre
952 1127 1016 1167 ius
1049 1127 1250 1181 possidet.
1311 1127 1372 1168 Te
1403 1131 1544 1168 tamen
1578 1126 1765 1169 Gotarus

315 1184 452 1239 raptui
501 1185 708 1238 destinat,
766 1199 951 1226 amorem
1010 1184 1228 1226 latrocinio
1286 1187 1539 1240 quesiturus.
1627 1185 1762 1233 Quem

317 1257 411 1283 cum
443 1243 673 1297 peregerit,
715 1247 787 1283 tua
825 1246 991 1298 gestum
1025 1243 1173 1284 simula
1213 1244 1449 1295 uoluntate,
1494 1243 1763 1284 nihilominus

317 1298 502 1356 nufpcias
536 1301 743 1351 dilatura,
776 1314 997 1355 quousque
1031 1300 1161 1342 filiam
1194 1300 1317 1341 11110111
1349 1302 1407 1342 1111
1453 1302 1546 1342 1000
1581 1301 1763 1342 tradide-

316 1359 381 1400 rit.
445 1358 539 1406 Qua
569 1358 814 1413 impetrata,
856 1372 938 1398 uno
973 1372 1049 1412 ego
1085 1372 1133 1399 ac
1174 1358 1355 1399 Gotarus
1395 1359 1462 1400 die
1505 1359 1677 1413 nupcias
1719 1372 1762 1406 a:-

316 1417 425 1457 cturi
458 1430 614 1457 sumus.
663 1415 813 1471 Itaque
855 1416 1068 1470 disparata
1099 1417 1220 1457 nobis
1252 1416 1303 1457 ad
1336 1417 1651 1458 conuiuandum
1695 1417 1766 1457 tri-

318 1475 454 1527 clinia,
486 1474 560 1514 sed
584 1473 767 1515 medium
793 1475 996 1528 parietem
1020 1475 1377 1516 communicancia
1406 1475 1584 1529 prebere
1607 1478 1766 1524 curato,

315 1546 370 1573 ne
403 1546 468 1573 me
499 1532 611 1572 forte
643 1545 783 1572 coram
818 1532 949 1573 oculis
983 1532 1154 1581 habito,
1194 1532 1460 1588 languidiore
1492 1547 1635 1587 regem
1671 1546 1766 1572 0011-

317 1590 598 1644 templacione
629 1590 902 1644 perstringas.
956 1589 1052 1630 Hoc
1075 1591 1185 1631 enim
1218 1590 1270 1631 ad
1306 1590 1561 1632 eludendum
1585 1590 1766 1645 raptoris

318 1648 505 1688 studium
542 1661 742 1702 perquam
768 1648 916 1689 efficax
944 1653 1227 1689 commentum
1254 1649 1345 1690 erit.
1392 1648 1562 1690 Deinde
1585 1648 1766 1689 Bracum

318 1718 412 1746 cum
456 1705 621 1747 delecta
664 1706 1077 1761 promptissimorum
1121 1719 1249 1747 manu
1301 1706 1409 1747 haud
1458 1707 1604 1761 procul
1652 1705 1768 1759 regia

318 1762 491 1805 delitere
523 1764 727 1818 precepit,
761 1764 851 1813 sibi,
896 1778 990 1804 cum
1025 1777 1089 1804 res
1123 1769 1326 1818 posceret,
1359 1765 1518 1805 auxilio
1563 1764 1764 1805 futurum.

456 1821 558 1863 Post
591 1821 690 1875 hec,
735 1821 874 1862 adcito
918 1821 1115 1873 Rollero,
1158 1822 1417 1877 prouocandi
1460 1823 1569 1876 regis
1612 1821 1765 1875 gracia,

320 1892 412 1920 cum
447 1884 581 1934 nupta
614 1893 663 1920 ac
694 1880 980 1935 supellectile,
1013 1879 1207 1921 simulato
1239 1885 1380 1932 metu,
1419 1879 1564 1934 fugam
1597 1879 1765 1934 nauigio

319 1937 486 1991 petiuit.
563 1937 699 1990 Igitur
748 1938 893 1979 Gotari
944 1936 1023 1978 sibi
1070 1937 1243 1979 classem
1290 1939 1449 1979 instare
1493 1938 1766 1991 conspiciens,

318 1994 405 2047 En,
447 1996 517 2047 ait,
552 2008 674 2036 arcus
717 1995 802 2037 doli
843 1995 1099 2038 insidiarum,
1129 1995 1334 2050 spiculum
1367 1996 1484 2049 iacit3
1528 1996 1765 2049 statimque,

319 2053 538 2094 concitatis
572 2053 755 2095 clamore
787 2053 940 2104 nautis,
983 2053 1104 2093 clauc
1138 2054 1310 2108 puppim
1345 2054 1567 2095 conuertit.
1631 2052 1765 2100 Quem

320 2110 502 2151 Gotarus
534 2124 669 2166 prope
705 2110 874 2152 modum
908 2110 1124 2163 aduectus,
1158 2112 1248 2166 quis
1281 2117 1420 2153 rector
1453 2117 1563 2153 esset
1595 2111 1766 2165 nauigii,

318 2173 613 2222 percontatum
663 2169 835 2210 Ericum
870 2183 962 2210 esse
1003 2170 1230 2223 cognoscit.
1282 2169 1389 2210 Item
1425 2170 1679 2220 exclamans,
1712 2182 1765 2209 an

319 2227 410 2279 ipse
444 2227 509 2279 sit,
542 2227 612 2281 qui
638 2227 808 2268 mirifico
843 2226 1071 2268 uerborum
1098 2227 1244 2268 habitu
1270 2231 1503 2269 ceterorum
1528 2225 1766 2267 facundiam

319 2283 612 2336 frustraretur,
645 2285 828 2340 inquirit.
878 2284 1039 2332 Quibus
1072 2284 1234 2336 auditis,
1270 2284 1432 2337 Ericus,
1464 2286 1559 2326 olim
1593 2284 1643 2324 ab
1675 2284 1764 2338 ipso

319 2356 365 2383 se
397 2342 555 2383 Diserti
598 2343 846 2397 cognomine
888 2342 1089 2383 donatum
1130 2356 1220 2384 esse
1262 2357 1338 2384 nec
1378 2343 1532 2384 frustra
1583 2341 1767 2396 appella-

321 2400 450 2441 cionis
483 2400 706 2453 augurium
741 2400 969 2454 excepisse,
1002 2399 1230 2442 subiunxit.
1291 2401 1455 2442 Dehinc
1487 2401 1540 2441 ab
1579 2400 1767 2454 utrisque

320 2457 562 2512 proximum
595 2459 635 2499 in
669 2459 787 2499 littus
819 2471 1065 2499 concessum
1088 2462 1174 2509 est,
1196 2459 1267 2499 ubi
1291 2459 1489 2509 Gotarus,
1520 2458 1632 2498 Erici
1655 2458 1768 2510 lega-

319 2515 440 2556 cione
473 2517 666 2569 cognita,
699 2515 925 2557 Frothonis
957 2526 1001 2556 se
1034 2515 1159 2557 refert
1191 2528 1379 2557 sororem
1412 2529 1587 2570 cupere,
1620 2515 1763 2569 legato

317 2587 419 2614 uero
466 2573 593 2614 filiam
641 2573 845 2615 exhibere
879 2573 1025 2626 malle,
1074 2587 1156 2628 quo
1203 2574 1340 2615 minus
1390 2588 1484 2615 eum
1527 2573 1596 2613 alii
1642 2586 1762 2613 suam

317 2631 491 2672 cessisse
523 2631 746 2685 coniugem
777 2632 996 2686 peniteret.
1049 2631 1200 2686 Itaque
1232 2646 1315 2673 non
1348 2632 1627 2685 incongruum
1659 2630 1763 2682 fore,

1831 893 1884 924 (82
