1884 3126
184 914 217 939 10

185 1202 218 1228 15

182 1491 218 1518 20

181 1779 217 1805 25

181 2068 216 2094 30

181 2355 217 2382 35

183 2644 219 2670 40

257 260 338 300 366
830 277 877 282 —
939 253 1006 294 XI
1069 277 1120 282 -

391 381 598 435 Principio
651 380 769 434 regni
814 379 1022 420 Suenonis
1080 379 1432 421 Roskildensium
1476 393 1692 421 sacrorum

256 441 426 482 antistes
488 438 686 479 Auachus
748 437 937 479 moritur.
1018 437 1236 479 Sufficitur
1283 436 1558 487 Wilhelmus,
1610 450 1693 491 quo

255 498 452 539 Kanutus
513 496 649 536 Maior
709 500 750 535 et
801 495 935 536 scriba
998 499 1039 536 et
1098 495 1320 536 sacerdote
1381 509 1482 536 usus
1540 494 1693 537 fuerat.

255 568 406 609 genere
458 552 626 608 quidem
675 551 863 606 Anglus,
930 551 1004 593 sed
1060 553 1247 593 omnium
1310 553 1513 594 uirtutum
1568 553 1695 608 parti-

256 614 329 653 bus
377 625 424 651 ac
469 611 657 653 numeris
704 610 873 651 abunde
922 611 1177 663 instructus,
1230 609 1425 665 idemque
1476 611 1693 666 pontifica-

252 670 355 709 lium
402 682 614 709 sacrorum
663 668 852 723 apprime
892 668 1064 722 peritus.
1134 668 1202 708 Ad
1249 669 1368 709 cuius
1413 682 1547 724 usque
1590 674 1692 710 tem-

252 741 356 781 pora
399 726 548 766 Scanie
589 727 705 781 genti
743 726 954 780 religionis
998 725 1220 780 priuilegio
1266 725 1560 768 Roskildensis
1600 740 1694 781 pre-

252 783 418 825 sidebat
468 784 709 825 auctoritas.
784 782 853 824 Ab
901 798 949 824 eo
993 783 1085 825 uiro
1139 783 1359 825 diuiduum
1412 798 1504 826 esse
1557 798 1691 825 sacer-

252 842 419 882 docium
481 842 603 896 cepit.
698 841 828 882 Cuius
885 841 1036 882 scania
1097 842 1227 882 ueluti
1289 841 1468 883 alteram
1527 846 1692 896 partem

249 900 416 954 adepta,
461 900 654 954 protinus
694 899 801 940 inter
842 900 1069 940 coniuncta
1115 899 1167 940 ad
1209 899 1382 940 modum
1423 900 1578 955 oppida
1621 914 1694 941 no-

252 972 350 999 uam
391 957 574 998 muneris
617 957 857 1012 potenciam
899 957 1050 1009 partita
1094 961 1170 999 est.
1232 956 1342 998 Nam
1381 956 1551 999 Lundia
1593 958 1693 998 Dal-

252 1016 406 1070 biaque
456 1015 647 1069 protinus
698 1020 942 1068 susceptum
993 1015 1101 1055 inter
1150 1029 1194 1056 se
1247 1029 1462 1057 sacrorum
1511 1015 1693 1056 diuisere

251 1074 487 1128 primatum,
520 1072 772 1128 geminaque
805 1073 990 1114 eiusdem
1035 1072 1248 1126 dignitatis
1292 1073 1570 1128 usurpacione
1604 1087 1691 1115 cer-

252 1138 405 1172 tarunt.
468 1129 577 1171 Nam
609 1130 731 1172 alteri
765 1130 999 1183 Henricus
1033 1130 1194 1184 Eginus
1237 1131 1357 1171 alteri
1397 1130 1592 1172 saceldos
1625 1145 1692 1172 ac-

253 1189 388 1231 cessit
457 1187 617 1229 Verum
651 1188 835 1229 ilenrico
866 1190 869 1239 Ι
898 1189 950 1230 ob
989 1164 1313 1229 immoderatum
1347 1189 1536 1255 pocionis
1568 1203 1690 1230 usum

252 1248 488 1312 absumpto
511 1247 781 1301 pontificatus
804 1247 893 1287 eius
915 1246 1161 1288 uniuersum
1182 1247 1246 1287 ius
1274 1247 1495 1302 omniaque
1520 1246 1690 1287 honoris

252 1305 430 1358 insignia
461 1304 512 1344 ad
547 1304 754 1358 Eginum,
800 1303 1087 1345 Lundensium
1121 1304 1347 1359 presulem,
1380 1309 1689 1353 concesserunt

252 1377 300 1403 ac
332 1362 462 1402 ueluti
506 1361 544 1401 in
578 1376 706 1403 unum
742 1375 892 1416 corpus
926 1366 1104 1416 utraque
1136 1361 1366 1403 sacerdocii
1397 1376 1559 1403 summa
1594 1376 1689 1403 con-

251 1420 395 1469 fluxit3
437 1433 674 1474 quanquam
723 1421 871 1461 merito
912 1421 953 1460 in
987 1420 1142 1461 ebriosi
1172 1419 1372 1461 antistitis
1405 1420 1493 1461 fato
1527 1419 1689 1461 sobrius

250 1478 403 1518 ciuium
435 1477 570 1519 honos
604 1478 798 1532 expirare
841 1491 923 1518 non
957 1476 1114 1518 debuit.
1176 1477 1258 1518 Sed
1301 1478 1339 1517 in
1382 1478 1522 1532 gregis
1554 1478 1690 1532 perni-

251 1535 354 1576 ciem
387 1535 555 1576 sordida
586 1537 766 1590 pastoris
790 1535 1119 1590 intempcrancia
1141 1535 1406 1580 redundauit„
1431 1536 1690 1590 innoxieque

251 1594 398 1634 ciuitas
443 1593 531 1648 poti
571 1594 779 1647 pontificis
830 1593 1123 1634 temulenciam
1173 1593 1411 1648 deponendi
1459 1593 1690 1635 sacerdocii

251 1664 419 1692 eausam
454 1651 613 1692 habuit.
676 1651 743 1691 Ita
774 1653 952 1691 alterum
977 1651 1149 1692 inimica
1178 1650 1345 1692 bibendi
1380 1651 1585 1705 cupiditas
1618 1652 1690 1691 ab·

250 1709 391 1758 stulit,
438 1709 613 1749 alterum
660 1709 855 1750 salutaris
902 1710 1167 1750 continencie
1216 1708 1435 1763 disciplina
1480 1709 1689 1763 prouexit.

248 1766 472 1820 Indignum
493 1767 700 1822 populari,
717 1766 871 1807 nedum
890 1767 1100 1820 pontifice,
1125 1781 1356 1819 excessum,
1381 1767 1498 1807 cuius
1523 1767 1688 1821 plenam

250 1824 479 1878 ignominie
510 1829 668 1866 sortem
701 1826 834 1866 omnis
867 1825 933 1865 eui
957 1824 1119 1866 derisus
1150 1825 1275 1880 pleno
1309 1824 1593 1865 cauillacionis
1628 1826 1689 1864 lu-

251 1882 384 1923 dibrio
408 1883 688 1937 prosequitur.
736 1882 800 1923 Ita
824 1882 990 1924 bibulus
1012 1883 1155 1937 presul
1185 1882 1419 1924 candorem
1445 1882 1688 1935 sacerdocii,

250 1940 501 1995 turpissimis
533 1941 631 1994 gule
664 1941 838 1981 maculis
871 1941 1131 1991 obsoletum,
1176 1954 1300 1995 quom
1333 1940 1516 1982 uiuendo
1551 1954 1690 1980 corru-

250 2002 391 2052 ρει-ατ,
439 1998 653 2039 moriendo
705 1999 985 2054 consumpsit,
1039 1999 1293 2053 humanique
1345 1998 1481 2039 calicis
1534 1997 1688 2051 cupido

252 2057 400 2096 haustu
452 2055 580 2096 diuini
630 2070 751 2097 usum
803 2058 997 2097 amittere
1049 2057 1213 2097 meruit.
1307 2055 1501 2111 Cumque
1554 2055 1687 2096 ordini

249 2113 424 2167 gloriam
466 2113 659 2164 deberet,
702 2118 842 2154 notam
886 2114 1047 2165 intulit,
1091 2127 1166 2167 pro
1214 2114 1379 2154 uirtutis
1421 2114 1690 2155 conciliatore

249 2171 392 2227 probri
424 2177 571 2212 auctor
603 2171 789 2213 effectus.
842 2171 931 2213 Nec
952 2171 1179 2223 immerito,
1211 2172 1279 2226 qui
1302 2171 1391 2212 aliis
1426 2172 1689 2213 continencie

249 2233 291 2270 et
321 2229 577 2281 frugalitatis
610 2230 822 2283 specimen
857 2230 1059 2270 exhibere
1084 2227 1327 2282 debueram*
1360 2235 1443 2270 tam
1474 2228 1686 2270 indecenti

249 2286 336 2328 fato
370 2287 526 2328 uiolate
558 2287 799 2328 sobrietatis
841 2301 971 2342 penas
1014 2286 1240 2340 pendebat.
1302 2285 1443 2328 Huius
1486 2287 1689 2328 memoria

250 2344 421 2385 Danicis
454 2344 673 2385 annalibus
705 2360 786 2386 non
814 2359 945 2399 parue
969 2353 1031 2386 est
1054 2344 1324 2396 uerecundie,
1355 2344 1563 2399 quoniam,
1599 2358 1689 2397 per-

251 2402 426 2443 ridicula
457 2407 594 2443 morte
627 2408 926 2457 consumptus,
968 2403 1179 2457 priuatum
1213 2403 1486 2456 obprobrium
1517 2402 1687 2457 publico

251 2460 407 2502 rubore
437 2460 637 2514 perfudit.

388 2519 484 2559 Hoc
528 2518 610 2559 loci
651 2518 871 2573 splendida
918 2518 1098 2558 Haraldi
1143 2518 1344 2559 memoria
1391 2517 1685 2572 tempestiuam

251 2574 315 2614 sui
347 2576 518 2628 exhibet
549 2576 823 2618 mencionem.
886 2575 968 2623 Qui
995 2589 1108 2626 cum,
1141 2575 1270 2617 fratre
1303 2589 1442 2616 cassus
1457 2579 1475 2626 ,¹
1508 2575 1687 2615 salutem

251 2645 367 2672 suam
399 2633 507 2674 intra
541 2634 716 2688 patriam
750 2634 856 2675 tueri
888 2648 968 2675 non
1000 2638 1155 2688 posset,
1187 2632 1330 2688 fugam
1365 2633 1567 2688 Byzantio
1600 2646 1687 2673 cre-

1747 388 1837 423 (205)

1747 1205 1776 1230 p.
1796 1199 1845 1223 5¹12)

1744 2235 1833 2264 (3le
