1884 3126
101 915 137 942 10

97 1495 135 1523 20

99 2077 136 2105 30

100 2367 136 2394 35

751 270 799 275 --
863 246 931 289 XI
994 271 1048 277 ——
1540 248 1620 290 381

172 375 405 432 appulerat.
455 375 539 417 Hic
561 374 714 417 fratres
737 374 850 431 apud
883 389 983 417 suos
1015 376 1193 431 quisque
1224 375 1414 418 fautores
1446 375 1624 418 diuersis

170 434 208 475 in
253 434 356 475 locis
400 434 634 476 concionati
675 439 785 475 sunt.
849 433 969 474 Tunc
1001 434 1238 486 Haraldus,
1282 438 1433 477 uocato
1477 449 1621 477 assen-

172 506 314 534 sorum
340 492 530 544 concilio,
561 505 831 547 nequaquam
867 492 1218 534 contumeliosam
1250 492 1328 534 sibi
1359 492 1497 534 fratris
1529 507 1625 548 pre-

171 551 378 592 lacionem
418 550 555 592 uideri
594 549 743 600 refert,
785 551 816 592 si
861 564 945 591 non
980 563 1076 591 eum
1108 550 1314 605 dignitate
1344 551 1621 606 posteriorem

169 623 259 650 sors
290 608 382 663 ipsa
414 608 614 651 nascendi
648 608 829 661 fecisset,
863 609 1150 664 maioremque
1183 623 1207 649 a
1239 610 1401 651 minore
1434 610 1623 665 superari

171 667 391 708 ridiculum
425 672 548 709 esset.
570 681 583 690 '²
621 666 703 715 Qui
746 668 826 709 etsi
868 667 1022 708 uirtute
1053 666 1256 708 maturior
1300 667 1537 718 uideretur,
1577 683 1624 710 se

170 730 314 767 tamen
337 731 488 767 nature
510 725 656 767 ordine
688 725 897 780 etatisque
928 725 1153 780 priuilegio
1185 726 1373 767 uincere.
1417 726 1623 768 Preterea

169 783 390 837 indignum
420 783 523 838 fore,
547 784 700 825 ciuium
722 783 782 824 illi
803 784 1083 826 uexacionem
1107 783 1406 840 obiectamquc
1428 784 1623 839 periculis

169 842 349 897 patriam
380 842 604 897 suffragari
644 842 823 895 debere,
865 855 939 883 sue
973 855 1074 883 uero
1105 842 1376 896 proueccioni
1408 848 1621 884 seruatam

170 901 211 941 in
245 913 391 942 omnes
434 900 706 942 clemenciam
747 900 921 953 obesse3
964 913 1043 941 nec
1073 900 1132 940 ita
1164 901 1317 942 merita
1348 900 1402 941 ab
1436 901 1494 942 eis
1527 901 1622 942 esti-

171 959 325 1000 manda
371 958 485 1011 fore,
532 963 578 1000 ut
621 958 812 1000 miserias
860 972 957 1000 suas
1000 958 1144 1013 gracia
1193 957 1402 1000 felicitatis
1453 959 1622 1014 repulsa

170 1030 351 1072 pensare
384 1017 567 1072 cupiant.
624 1017 735 1058 Nam
766 1017 1026 1071 ingratorum
1058 1016 1166 1057 hanc
1195 1018 1380 1058 maxime
1410 1017 1620 1059 uicissitu-

169 1075 313 1117 dinem
346 1089 450 1117 esse.
510 1075 579 1116 Ad
613 1075 714 1127 hec,
755 1075 788 1116 si
829 1088 1034 1116 summam
1076 1079 1348 1130 assequatur,
1395 1075 1543 1128 impias
1575 1090 1620 1117 se

171 1133 288 1188 leges
321 1133 642 1188 abrogaturum,
676 1133 851 1175 blandas
882 1133 1157 1189 placidasque
1178 1147 1255 1188 pro
1279 1147 1423 1174 eorum
1446 1134 1619 1176 arbitrio

125 1206 140 1231 5
171 1192 357 1233 laturum
397 1192 617 1248 promittit.
679 1191 813 1233 Tanti*
844 1192 972 1246 igitur
1011 1195 1183 1247 tamque
1229 1192 1363 1247 optati
1409 1193 1621 1234 commodi

169 1251 469 1304 promissorem
494 1250 655 1303 concio,
673 1250 887 1304 pestiferis
911 1250 999 1291 eius
1022 1249 1243 1291 blandiciis
1265 1251 1456 1300 inuitata,
1475 1264 1618 1305 regem

169 1309 372 1364 appellat,
405 1313 628 1364 paternum
660 1308 720 1349 illi
751 1322 927 1363 regnum
948 1308 1156 1362 deferens,
1189 1308 1304 1350 cuius
1336 1309 1492 1350 inercie
1523 1310 1619 1351 con-

169 1370 356 1422 temptus
389 1367 522 1422 inagis
553 1380 680 1422 quam
712 1366 823 1408 ullus
854 1367 992 1409 honos
1023 1372 1096 1407 aut
1127 1367 1269 1421 gracia
1307 1366 1455 1409 referri
1489 1366 1618 1409 debu-

171 1430 274 1467 erat.
337 1425 487 1481 Itaque
527 1426 674 1481 populi
715 1425 837 1466 fauor
883 1425 1088 1467 oracionis
1128 1426 1338 1466 suauitate
1378 1429 1618 1481 prereptus,

168 1483 262 1537 plus
295 1482 517 1525 fallacibus
550 1484 640 1525 eius
674 1483 890 1538 promissis
924 1498 1049 1538 quam
1081 1483 1236 1524 inuicte
1270 1482 1432 1524 Kanuti
1453 1483 1619 1525 fortitu-

167 1541 254 1582 dini
285 1542 483 1596 prestitit.
540 1541 677 1597 Igitur
707 1540 890 1583 fraterne
923 1542 1209 1583 contencionis
1242 1546 1468 1592 certamen,
1499 1542 1618 1583 uaria

167 1600 472 1642 assentacione.
507 1601 759 1652 subnixum,
799 1600 890 1642 sine
934 1599 1101 1641 arbitris
1142 1604 1215 1640 aut
1246 1599 1475 1650 iudicibus,
1517 1600 1616 1641 solis

166 1657 354 1712 parcium
387 1657 600 1712 suffragiis
643 1659 886 1710 gerebatur.
948 1658 1112 1700 Verum
1143 1658 1382 1708 Haraldus,
1421 1658 1614 1714 imperite

166 1716 448 1757 multitudinis
473 1729 616 1758 errore
645 1715 853 1767 suffultus,
886 1730 987 1757 mox
1006 1730 1083 1772 per
1103 1716 1268 1770 legatos
1288 1715 1407 1757 fratri
1427 1716 1616 1770 mandat,

120 1788 131 1796 ⁷
165 1788 220 1815 ne
248 1773 463 1820 decretam
496 1774 645 1816 maiori
677 1788 884 1816 summam
917 1774 1097 1826 ambiat,
1132 1788 1312 1829 eumque
1345 1775 1507 1816 honore
1538 1775 1616 1816 sibi

166 1836 410 1888 postponat,
443 1846 569 1888 quem
599 1833 798 1874 nascendi
821 1833 929 1874 serie
951 1832 1133 1888 priorem
1155 1833 1272 1883 sciat,
1304 1846 1413 1874 neue
1435 1847 1614 1887 regnum

167 1891 373 1931 maiorum
415 1891 643 1932 uirtutibus
685 1891 939 1932 illustratum
980 1891 1210 1932 domestice
1251 1895 1378 1946 atque
1418 1890 1616 1932 intestine

169 1948 374 1990 discordie
395 1949 508 1990 bello
531 1954 786 2003 corrumpat,
819 1963 899 1990 nec
924 1949 1161 2004 perniciosa
1183 1948 1396 1990 sedicione
1418 1949 1614 1990 diuiduos

166 2007 301 2061 patrie
332 2010 470 2047 motus
500 2007 709 2060 incuciat,
753 1996 853 2049 sed
861 2008 1006 2063 pocius
1040 2007 1231 2048 clausum
1274 2007 1498 2048 ambicioni
1528 2008 1614 2048 ani-

167 2078 284 2105 mum
314 2069 447 2119 gerat,
479 2065 726 2120 abiectaque
758 2066 996 2106 temeritate
1029 2065 1315 2120 competitoris
1348 2066 1435 2118 sui,
1468 2064 1614 2106 suffra

168 2127 361 2176 gatorem
392 2136 520 2177 agere
551 2136 635 2164 non
668 2122 903 2165 erubescat.
946 2122 1124 2164 Adiecte
1157 2124 1323 2164 monitis
1356 2098 1467 2164 mirie
1498 2137 1614 2164 man-

169 2180 353 2235 dataque
385 2194 469 2221 non
498 2184 588 2223 ,tam
619 2181 837 2222 blandiciis
876 2181 992 2236 pacis
1033 2195 1158 2236 quam
1203 2182 1302 2222 belli
1342 2181 1614 2223 irritamentis

167 2238 383 2279 instructa.
459 2237 663 2281 Preterea
715 2239 941 2294 plerosque
990 2238 1175 2280 fraterne
1227 2239 1358 2294 partis
1412 2238 1612 2289 fautores,

168 2295 314 2351 legum
348 2295 649 2338 emendacione
679 2297 978 2352 liberiorisque
1001 2298 1088 2338 uite
1110 2297 1371 2338 iocunditate
1391 2297 1611 2351 promissa,

167 2367 243 2408 per
274 2353 527 2395 subornatos
557 2354 600 2395 in
631 2355 818 2409 graciam
849 2369 971 2396 suam
1003 2354 1292 2397 sollicitandos
1323 2355 1497 2396 curauit.
1545 2354 1611 2395 Ita

169 2411 388 2453 affKanuto
412 2412 532 2466 uulgi
553 2412 715 2453 animos
736 2412 889 2468 partim
912 2426 1023 2467 spes,
1054 2413 1210 2467 partim
1242 2417 1378 2457 metus
1411 2413 1578 2454 auertit.
1603 2410 1608 2468 Ι

167 2469 288 2524 Ipse,
328 2468 620 2511 deficientibus
653 2484 677 2510 a
708 2484 753 2512 se
794 2470 949 2525 copiis,
991 2471 1125 2512 tribus
1173 2469 1379 2511 duntaxat
1420 2472 1610 2512 rostratis

169 2527 349 2568 nauibus
394 2527 437 2568 in
484 2527 802 2582 angustissimas
848 2528 1013 2569 Scanici
1059 2528 1183 2569 maris
1228 2527 1371 2569 fauces
1417 2528 1608 2582 elabitur,

169 2599 298 2640 regno
332 2598 474 2626 carere
505 2586 665 2635 iussus,
713 2585 828 2627 cuius
860 2586 951 2641 ipse
982 2586 1318 2628 incolumitatem
1347 2590 1610 2640 protexerat,

101 2656 138 2684 40
169 2643 371 2684 terminos
419 2648 612 2685 auxerat.
673 2643 784 2697 Vbi,
834 2642 1022 2685 fraterna
1069 2644 1289 2700 legacione
1334 2644 1456 2699 regni
1501 2657 1610 2686 com-

1665 2489 1692 2514 p.
1713 2481 1763 2509 571
