1884 3126
162 883 198 910 10

162 1174 198 1201 15

164 1752 201 1779 25

164 2038 202 2067 30

165 2330 202 2357 35

168 2617 204 2645 40

231 220 313 261 184
809 242 858 249 ——
919 218 985 261 VI
1046 242 1100 248 —

229 361 331 389 num
364 360 533 402 quoque
565 345 774 389 Mercurio
807 347 1043 389 senciamus
1076 347 1265 389 extitisse
1297 346 1526 390 diuersum.
1569 347 1676 389 Sunt

231 405 299 461 qui
331 404 484 450 dicant„
517 403 634 456 deos,
666 418 771 460 quos
803 406 935 447 nostri
956 406 1142 456 coluere,
1172 420 1268 446 cum
1299 405 1362 458 iis,
1397 420 1503 461 quos
1525 405 1675 448 Grecia

232 463 299 504 uel
332 463 503 504 Latium
536 462 790 515 celebrabat,
823 464 959 505 solum
994 463 1267 519 participasse
1300 463 1568 517 uocabulum,
1600 462 1672 504 sed

231 522 334 562 istos
367 524 565 575 tanquam
599 521 815 562 maiestate
849 536 1054 577 suppares
1090 521 1142 562 ab
1173 521 1255 563 illis
1287 521 1443 562 cultum
1476 535 1570 562 cum
1602 535 1675 562 no-

230 578 341 619 mine
381 581 596 619 mutuatos
634 578 776 620 fuisse.
855 578 910 620 Et
952 580 1029 621 hec
1071 593 1198 634 super
1238 579 1402 621 Danice
1451 579 1674 620 uetustatis

231 635 471 677 numinibus
494 635 737 678 disseruisse
759 636 953 679 sufficiat.
1002 637 1094 685 Que
1115 636 1211 679 ideo
1245 637 1458 692 paulisper
1489 650 1512 677 a
1534 651 1602 678 me
1634 637 1675 677 in

232 708 453 735 commune
487 693 669 736 deducta
701 699 811 745 sunt,
842 698 890 736 ut
910 695 1151 749 legentibus
1181 694 1386 750 liquidum
1407 696 1492 745 fiat,
1525 694 1675 750 quibus

233 752 369 807 patria
400 756 545 793 nostra
577 752 725 794 ritibus
758 766 926 808 pagana
957 753 1262 808 supersticione
1306 753 1506 807 paruerit.
1553 750 1675 793 Nunc

231 810 437 865 propositi
469 809 762 852 diuerticulum
795 815 997 865 repetam.

366 867 557 908 Tradunt
587 872 779 919 ueteres,
814 867 1144 922 Starcatherum,
1177 868 1295 909 cuius
1327 882 1454 923 supra
1486 867 1669 919 memini,

230 925 271 966 in
289 925 464 978 Wicari,
496 924 854 980 Not-uagiensium
887 927 1017 980 regis,
1061 926 1207 981 iugulo
1241 925 1418 967 deorum
1449 925 1586 967 fauori
1617 925 1677 967 fa-

232 983 423 1024 cinorum
454 998 624 1025 suorum
661 983 867 1039 principia
910 984 1151 1035 dedicasse;
1192 984 1309 1025 cuius
1349 984 1409 1024 rei
1441 992 1562 1025 tenor
1603 983 1677 1025 tali

232 1041 494 1097 quorundam
529 1042 767 1084 assercionc
803 1043 1056 1084 contexitur.
1116 1042 1280 1084 Volens
1314 1040 1526 1097 quondam
1559 1040 1678 1082 Othi-

231 1114 311 1141 nus
356 1098 578 1140 Wicarum
618 1099 786 1141 funesto
827 1100 996 1142 interire
1038 1100 1266 1155 supplicio,
1310 1114 1403 1140 cum
1445 1099 1487 1141 id
1529 1103 1676 1154 aperte

230 1158 387 1213 exequi
438 1157 592 1209 nollet,
635 1157 974 1209 Starcatherum,
1024 1158 1227 1200 inusitata
1281 1158 1395 1213 prius
1441 1157 1677 1212 granditate

233 1216 528 1271 conspicuum,
561 1229 644 1256 non
676 1216 811 1257 solum
842 1216 969 1257 animi
1001 1215 1271 1269 fortitudine,
1304 1216 1379 1258 sed
1415 1216 1548 1256 eciam
1580 1228 1677 1256 con-

233 1273 467 1315 dendorum
499 1273 728 1315 carminum
779 1275 937 1329 pericia
981 1274 1236 1328 illustrauit,
1287 1288 1370 1329 quo
1411 1272 1677 1328 prompciore

234 1331 323 1373 eius
357 1345 486 1386 opera
517 1331 569 1372 ad
604 1331 895 1387 peragendum
935 1332 1044 1386 regis
1079 1332 1259 1373 exicium
1290 1335 1492 1373 uteretur.
1554 1330 1678 1372 Hanc

234 1390 390 1444 quippe
431 1403 525 1430 eum
568 1388 810 1444 dignacioni
851 1403 927 1431 sue
967 1390 1153 1444 graciam
1191 1390 1425 1431 relaturum
1464 1388 1676 1444 sperabat.

165 1463 181 1489 ι)
235 1448 371 1495 Quem
395 1447 524 1488 eciam
560 1448 614 1488 ob
635 1447 715 1489 hoc
737 1448 867 1490 ternis
900 1449 1022 1489 etatis
1046 1448 1226 1489 humane
1248 1447 1463 1489 curriculis
1486 1446 1676 1499 donauit,

233 1509 279 1546 ut
309 1505 350 1546 in
390 1505 454 1547 his
498 1505 674 1547 totidem
717 1505 1015 1547 execrabilium
1060 1519 1232 1561 operum
1276 1510 1422 1548 auctor
1463 1504 1676 1547 euaderet.

233 1563 356 1604 Adeo
403 1563 462 1604 illi
514 1567 796 1619 consequente
828 1563 994 1618 flagicio
1026 1566 1111 1605 uite
1133 1562 1144 1617 ‘i
1165 1569 1359 1619 tempora
1409 1562 1678 1618 proroganda

234 1621 467 1662 constituit.
532 1621 614 1669 Qui
636 1635 738 1663 mox
761 1621 983 1662 Wicarum
1005 1621 1150 1664 adiens
1174 1622 1300 1677 inque
1324 1622 1413 1663 eius
1437 1619 1677 1676 aliquandiu

236 1678 515 1721 contubernio
549 1678 811 1732 diuersatus,
855 1678 1027 1720 insidias
1069 1680 1273 1734 obsequio
1305 1679 1426 1721 texit.
1488 1677 1677 1720 Tandem

231 1737 455 1790 piraticum
499 1750 594 1778 cum
626 1751 676 1778 eo
722 1751 828 1792 opus
871 1737 1121 1792 ingreditur.
1183 1737 1374 1792 Cumque
1415 1736 1596 1791 quodam
1637 1736 1677 1776 in

233 1794 326 1836 loco
355 1794 520 1847 diutina
553 1799 854 1850 tempestatum
897 1795 1055 1836 seuicia
1086 1794 1407 1849 uexare<n>tur,
1450 1794 1509 1836 ita
1540 1793 1679 1835 uentis

234 1852 555 1907 nauigacionem
588 1852 902 1906 frustrantibus,
926 1857 973 1894 ut
998 1853 1200 1895 maiorem
1233 1853 1332 1893 anni
1362 1856 1529 1907 partem
1550 1851 1679 1907 quieti

234 1910 494 1963 tribuerent,
541 1910 640 1953 deos
672 1911 857 1952 humano
889 1911 1095 1964 sanguine
1126 1911 1420 1966 propiciandos
1452 1909 1677 1951 duxerunt.

234 1967 384 2023 Itaque
415 1967 614 2010 coniectis
645 1968 686 2009 in
723 1982 870 2009 urnam
915 1968 1123 2021 sortibus,
1164 1968 1280 2023 regie
1318 1968 1432 2009 necis
1465 1968 1677 2008 uictimam

233 2025 406 2081 deposci
444 2025 636 2081 contigit.
699 2026 820 2068 Tunc
863 2024 1157 2067 Starcatherus
1198 2025 1310 2067 facto
1356 2040 1407 2067 ex
1451 2025 1677 2066 uiminibus

232 2081 398 2139 lalqueo
432 2097 573 2138 regem
619 2084 845 2139 implicuit,
888 2098 997 2139 pene
1041 2085 1223 2138 speciem
1270 2082 1478 2124 duntaxat
1520 2083 1675 2138 exiguo

234 2141 435 2198 temporis
467 2147 684 2184 momento
732 2141 942 2184 datm-,um
1004 2141 1087 2183 Sed
1131 2141 1232 2182 nodi
1275 2141 1406 2207 rigor,
1450 2155 1571 2182 suum
1612 2141 1677 2182 ius

237 2214 466 2255 exequens,
498 2214 745 2256 supremum
776 2199 1000 2256 pendentis
1032 2199 1209 2252 halitum
1240 2199 1392 2255 rapuit.
1455 2198 1531 2241 Oui
1563 2198 1677 2241 Star-

235 2257 432 2300 catherus
463 2256 601 2300 adhuc
643 2258 866 2314 palpitanti
905 2257 1018 2300 ferro
1061 2250 1231 2313 spiritus
1271 2257 1467 2312 reliquias
1508 2256 1676 2309 euulsit,

235 2329 416 2371 cumque
479 2316 710 2358 remedium
758 2315 907 2357 afferre
964 2315 1171 2369 deberet,
1232 2315 1451 2370 perfidiam
1503 2315 1675 2357 detexit.

235 2372 386 2430 Neque
427 2374 539 2415 enim
585 2374 655 2415 illa
695 2374 822 2415 michi
867 2373 1126 2415 recensenda
1172 2373 1342 2415 uidetur
1388 2373 1550 2428 opinio,
1596 2386 1677 2427 que

236 2432 441 2473 uiminum
473 2431 719 2483 molliciem,
765 2431 913 2473 subitis
944 2431 1167 2473 solidatam
1201 2431 1517 2486 complexibus,
1555 2430 1677 2471 ferrei

236 2503 397 2531 morem
428 2489 568 2556 laquei
600 2490 812 2545 peregisse
845 2493 1160 2531 commemorat.
1208 2488 1391 2540 Deinde,
1428 2493 1550 2543 capto
1583 2487 1676 2528 Wi-

236 2547 322 2589 cari
365 2547 560 2602 nauigio,
598 2547 833 2590 Bemonum
876 2547 1111 2613 quendam,
1154 2546 1313 2588 cunctis
1353 2521 1493 2588 D'anic
1532 2546 1677 2601 piratis

235 2605 394 2650 uirtute
473 2609 762 2667 prestantem,
841 2605 1097 2651 maritimum
1167 2604 1399 2663 predonem
1481 2608 1678 2664 gesturus

1735 878 1822 906 1.2Tu

1739 1573 1830 1606 (104)
