1884 3126
257 882 289 907 10

257 1171 286 1197 15

248 1746 285 1772 25

251 2321 286 2347 :35

251 2612 286 2637 40

329 232 410 273 492
863 249 909 254 —-
973 222 1109 264 XIIII
1174 246 1225 250 -

327 355 560 399 constancia
609 351 903 394 taciturnitatis
953 350 1133 403 adiutus,
1190 349 1418 391 salutarem
1473 348 1582 390 inter
1623 348 1763 390 hostes

327 426 537 468 egressum
568 408 737 461 halbuit.
800 408 878 449 Oui
907 407 1119 449 Radulfus
1152 407 1291 448 medio
1323 410 1450 461 ponte
1482 406 1641 459 obuius,
1674 410 1762 447 tam

326 471 421 512 tetri
452 469 644 509 facinoris
675 481 758 508 non
788 470 977 507 auctores
1009 465 1144 518 modo,
1177 464 1248 506 sed
1281 465 1413 506 eciam
1444 465 1626 505 conscios
1666 478 1762 506 exe-

326 528 530 575 crabatur,
562 525 614 565 ab
646 524 733 565 eius
767 538 809 564 se
841 523 964 577 culpa
996 523 1298 564 alienissimum
1329 526 1594 576 protestatus.
1636 522 1763 563 Hunc

323 585 473 625 Petrus
504 582 750 636 cognomine
784 581 948 622 Them'a
979 594 1132 635 magno
1155 584 1320 621 secutus
1342 580 1516 634 impetu,
1550 594 1625 634 per
1656 580 1762 621 ludi-

325 641 460 682 brium
482 639 685 680 Absaloni
717 638 1009 680 comminando
1043 638 1242 679 discessit.
1283 636 1343 677 At
1365 637 1436 678 ille
1458 637 1511 678 ad
1533 637 1762 679 australem

322 699 415 739 atrii
446 701 634 752 portam,
679 710 759 751 quo
791 696 1007 736 Trinitatis
1039 695 1137 736 edes
1169 695 1375 742 ambitur,
1405 708 1669 750 progressus,
1701 695 1762 736 in-

322 756 426 797 festo
457 755 686 796 satellitum
717 768 889 795 occursu
920 754 1164 809 preripitur.
1209 752 1337 794 Cuius
1368 758 1494 808 caput
1526 753 1762 807 gladiorum

322 812 589 853 multitudine
633 812 916 852 circunfusum
965 811 1133 866 quidam
1182 811 1291 851 forte
1337 825 1433 852 cum
1479 811 1570 852 aliis
1617 825 1760 866 super-

321 871 491 911 ueniens
541 884 622 910 non
668 870 801 910 solum
845 869 945 911 ferri
992 870 1260 923 corporisque
1307 869 1370 909 sui
1415 869 1484 923 pio
1530 868 1762 910 uindicauit

320 928 506 976 obiectu,
552 927 625 968 sed
669 927 824 977 eciam,
868 927 1077 982 quendam
1119 941 1144 967 a
1183 930 1353 982 pectore
1395 941 1491 967 eum
1537 926 1762 968 confodere

319 986 569 1039 gestientem
600 999 730 1039 penas
761 985 852 1038 sibi,
885 986 918 1026 si
949 999 1031 1026 non
1064 984 1305 1036 desisteret,
1338 984 1535 1025 daturum
1567 985 1760 1037 minatus,

319 1044 501 1084 salutare
533 1043 571 1083 ei
603 1042 825 1096 diffugium
858 1043 1109 1085 conciliauit.
1170 1042 1359 1083 Absalon
1404 1056 1567 1097 quoque
1599 1047 1759 1097 tempe-

318 1101 426 1141 stiua
468 1101 649 1155 corporis
678 1102 682 1151 Ι
710 1100 993 1142 declinacione
1038 1114 1325 1155 percussorem
1371 1101 1558 1152 euitans,
1606 1101 1759 1151 tunica,

319 1172 399 1212 qua
430 1159 539 1198 latus
570 1158 657 1199 eius
689 1159 881 1211 proxime
913 1159 1148 1213 tegebatur,
1180 1159 1311 1199 telum
1343 1158 1523 1212 excepit.
1588 1157 1675 1211 Ita,
1707 1172 1760 1199 ne

317 1216 478 1256 Danice
510 1216 791 1269 reparacionis
822 1230 916 1271 spes
938 1217 1105 1271 penitus
1128 1216 1379 1269 elaberetur,
1412 1216 1601 1257 futurum
1622 1216 1758 1271 patrie

318 1274 509 1314 columen
540 1273 712 1314 fortuna
744 1275 943 1316 seruauit.
1005 1274 1110 1315 Inde
1145 1273 1377 1328 digressus,
1410 1288 1502 1315 cum
1534 1274 1576 1314 in
1602 1273 1759 1315 Ramso

318 1332 458 1372 uicum
489 1336 693 1372 nocturno
726 1332 874 1373 itinere
896 1333 1169 1387 peruenisset,
1201 1332 1424 1373 attonitum
1457 1332 1641 1373 solitario
1672 1331 1760 1372 eius

318 1389 506 1430 aduentu
537 1389 738 1438 uillicum,
772 1390 992 1443 nunciatis,
1025 1404 1104 1444 que
1127 1389 1363 1445 Roskyldie
1387 1389 1631 1438 inciderant,
1653 1403 1760 1444 pene

249 1459 264 1484 ‘2
318 1447 557 1488 exanimem
579 1447 773 1488 reddidit.
823 1447 864 1488 A
887 1462 967 1502 quo
1000 1448 1219 1502 uegeciore
1241 1461 1347 1502 equo
1370 1448 1560 1499 donatus,
1579 1448 1759 1502 primum

317 1518 525 1554 sororem,
574 1519 699 1559 quam
746 1504 901 1547 Petrus
947 1505 1117 1561 quidam
1164 1506 1206 1546 in
1253 1506 1517 1546 matrimonio
1563 1505 1758 1557 habebat,

316 1562 468 1603 deinde
501 1567 679 1603 matrem
711 1563 872 1617 petiuit.
919 1563 1010 1612 Que
1042 1577 1136 1604 cum
1168 1577 1223 1604 ex
1244 1578 1292 1605 eo
1315 1562 1534 1604 Kanutum
1565 1563 1758 1615 occisum,

316 1619 642 1661 Waldemarum
682 1634 782 1661 uero
821 1623 1009 1675 grauiter
1049 1621 1249 1662 affectum
1280 1626 1516 1675 cognosset,
1548 1621 1643 1676 plus
1674 1634 1759 1661 me-

317 1678 424 1718 roris
456 1692 509 1718 ex
531 1692 674 1719 eorum
706 1678 824 1719 clade
856 1693 982 1734 quam
1015 1693 1069 1720 ex
1099 1679 1174 1719 filii
1211 1679 1502 1720 incolumitate
1527 1678 1759 1733 uoluptatis

316 1736 539 1777 contraxit.
600 1736 770 1777 Interea
791 1736 1104 1784 Waldemarus,
1137 1736 1240 1778 duos
1263 1736 1472 1777 duntaxat
1502 1751 1524 1778 e
1556 1736 1640 1777 suis
1662 1750 1760 1777 casu

317 1794 491 1834 comites
532 1798 765 1846 assecutus,
819 1808 1022 1848 gressum,
1067 1795 1238 1836 femoris
1284 1794 1501 1836 debilitate
1542 1798 1758 1848 negatum,

315 1851 402 1892 uite
445 1850 674 1905 cupiditate
712 1853 921 1906 prouexit.
982 1852 1119 1906 Igitur
1149 1852 1369 1893 incedendi
1400 1866 1543 1903 usum,
1584 1852 1759 1893 uulnere

317 1908 604 1960 debilitatum,
648 1923 671 1949 a
711 1910 970 1951 necessitatis
1011 1911 1217 1951 uiolencia
1249 1915 1465 1951 mutuatus
1497 1914 1572 1951 est.
1634 1908 1757 1950 Adeo

317 1967 500 2021 corporis
531 1966 694 2008 dolores
725 1968 854 2008 animi
886 1973 1021 2009 metus
1053 1972 1267 2009 extenuat.
1319 1967 1484 2009 Deinde
1517 1967 1758 2022 sequacium

250 2037 263 2062 a
316 2038 393 2078 ope
433 2038 539 2079 equo
581 2025 821 2078 impositus,
863 2026 906 2066 in
947 2040 1043 2067 eum
1086 2025 1194 2067 forte
1235 2027 1374 2067 uicum
1417 2040 1515 2067 casu
1560 2025 1759 2066 ductante

318 2082 523 2136 peruenit,
556 2082 610 2123 ad
631 2096 755 2136 quem
776 2083 943 2125 fortune
975 2084 1063 2125 eius
1084 2084 1260 2125 nuncius
1282 2082 1476 2125 Absalon
1507 2084 1634 2138 paulo
1660 2087 1758 2124 ante

318 2145 587 2193 precesserat.
631 2140 765 2188 Quem
787 2145 1008 2196 postquam
1042 2155 1097 2182 ex
1128 2142 1269 2183 uillico
1293 2146 1483 2183 recenter
1506 2141 1558 2182 ad
1584 2147 1761 2182 matrem

318 2197 555 2239 discessisse
586 2198 797 2252 cognouit,
829 2200 984 2253 preuiis
1016 2199 1200 2240 locorum
1221 2200 1379 2253 peritis,
1410 2203 1504 2254 post
1535 2213 1631 2239 eum
1663 2212 1760 2240 con-

319 2255 465 2297 tendit.
527 2256 647 2297 Adeo
679 2269 923 2310 corpoream
955 2258 1084 2312 ipsius
1124 2257 1386 2298 debilitatem
1427 2257 1617 2298 duratrix
1649 2256 1760 2297 infir-

318 2313 473 2353 mitatis
518 2313 701 2355 humane
750 2315 976 2356 necessitas
1022 2314 1298 2356 confortabat.
1373 2314 1491 2365 Illic,
1537 2318 1759 2368 procurato

317 2370 491 2412 uulnere
533 2371 786 2426 femoreque
813 2371 965 2428 {fascia
1015 2372 1330 2427 circumligato,
1380 2373 1513 2413 noctis
1560 2372 1759 2426 reliquias

318 2428 471 2482 exegit.
533 2428 730 2470 Diluculo
762 2428 923 2483 Sueno,
963 2430 1148 2471 collectis
1178 2431 1364 2483 ciuibus,
1395 2430 1612 2471 nocturnis
1644 2443 1758 2470 emu-

318 2483 451 2526 lorum
483 2486 642 2528 insidiis
673 2487 909 2542 appetitum
949 2501 992 2528 se
1024 2488 1166 2543 queri,
1198 2488 1438 2535 amiculum,
1470 2487 1583 2542 quod
1615 2486 1666 2527 de
1696 2487 1757 2526 in-

318 2541 477 2585 dustria
508 2544 778 2597 confoderat,
820 2544 1059 2598 ostendere,
1103 2544 1324 2587 Kanutum
1362 2549 1403 2586 et
1434 2544 1757 2586 Waldemarum

319 2598 613 2655 hospitalitatis
644 2602 880 2651 uiolatores,
911 2603 1112 2658 periuros,
1135 2603 1330 2656 latrones,
1362 2602 1592 2659 parricidas
1614 2601 1757 2658 appel-

1839 418 1884 444 ‚71
