1884 3126
82 917 118 942 10

83 1207 117 1233 15

82 1497 118 1523 ‘20

82 2076 120 2103 30

84 2366 121 2393 35

86 2656 122 2683 40

729 272 778 277 —-
844 247 911 289 XI
972 273 1025 279 —-
1519 248 1602 288 379

153 377 266 434 apud
292 376 582 432 Suddathorp,
615 376 850 418 Iuticarum
882 376 1068 432 parcium
1094 376 1311 431 oppidum,
1342 375 1449 418 febri
1469 375 1605 431 impli-

153 442 296 478 catum
319 435 499 477 aduersa
521 435 707 491 corporis
736 435 929 476 ualitudo
963 435 1177 489 corripuit.
1222 435 1303 483 Qui
1337 448 1445 486 cum,
1476 434 1604 500 pesti-

152 495 241 536 fero
274 493 451 535 humore
492 502 735 549 grassante,
777 493 954 535 fatalem
997 493 1112 533 cordi
1155 492 1342 534 dolorem
1385 493 1603 533 imminere

154 557 459 606 cognosceret,
510 551 711 607 paruulas
763 551 901 592 adhuc
953 552 1128 591 extremi
1181 552 1353 607 spiritus
1405 551 1602 606 reliquias

153 611 338 651 trahens.
373 626 396 651 a
427 611 710 665 present-ibus,
743 623 788 650 se
819 608 1060 664 Roskyldie
1093 610 1276 664 sepeliri,
1308 610 1471 664 petiuit.
1514 608 1604 649 Nec

153 668 374 710 ministerii
407 683 551 710 eorum
584 666 832 723 <pro>misso
880 672 1126 719 contentus,
1170 673 1435 710 sacramento
1477 667 1604 707 fidem

154 727 311 781 exegit.
375 726 590 782 Siquidem
624 726 706 767 loci
736 726 847 766 illius
880 726 1048 780 religio,
1082 725 1252 780 regibus
1286 730 1453 767 uetusto
1485 740 1604 767 more

153 785 335 833 exculta,
369 792 414 826 ut
439 785 548 826 uiuis
571 783 728 837 sedem,
760 784 818 824 ita
840 784 925 824 fato
949 784 1103 825 functis
1125 785 1390 839 sepulturam
1411 788 1603 838 prestare

152 847 390 885 consuerat.
453 842 629 898 Iamque
674 843 783 894 regis
828 856 980 897 corpus
1013 841 1066 882 ab
1098 841 1247 883 iisdem
1281 842 1420 895 amplo
1453 842 1602 883 funere

150 902 308 943 elatum
325 900 583 942 Sialandiam
601 914 733 956 usque
747 904 1014 955 peruenerat,
1041 914 1136 941 cum
1154 901 1333 955 primum
1345 900 1603 941 Wilhelmus

151 960 191 1000 in
216 973 439 1000 occursum
462 959 550 1000 eius
573 958 769 1000 ueniendi
804 958 1004 999 mandata
1036 959 1237 1013 suscepit.
1280 958 1370 1000 Nec
1403 962 1604 1010 moratus,

151 1017 203 1058 ad
246 1017 395 1058 urbem
437 1031 563 1058 cursu
601 1017 801 1059 festinato
832 1016 1071 1069 contendit,
1104 1018 1231 1072 inque
1262 1018 1356 1071 ipsa
1387 1015 1604 1057 Trinitatis

151 1075 245 1128 ede,
278 1075 504 1127 accersitis,
539 1075 609 1130 qui
642 1082 796 1116 terram
820 1074 872 1115 ad
896 1074 1080 1116 solidum
1111 1075 1320 1127 foderent,
1352 1075 1467 1130 prius
1501 1075 1604 1129 regi,

151 1133 303 1175 deinde
326 1133 403 1174 sibi
430 1134 640 1175 tumulum
672 1134 810 1175 extrui
842 1133 972 1174 iubet.
1017 1133 1155 1181 Quam
1187 1147 1336 1174 uocem
1370 1132 1603 1175 fossoribus

150 1192 297 1247 pocius
329 1206 353 1232 a
384 1206 550 1233 merore
588 1194 593 1243 1
634 1206 759 1247 quam
795 1192 1012 1233 <industria
1058 1191 1294 1246 profectam
1341 1191 1603 1245 putantibus,

151 1250 445 1304 extinctisque,
478 1264 560 1291 non
596 1250 705 1291 uiuis
739 1250 902 1291 tumulo
937 1264 1044 1304 opus
1077 1263 1170 1291 esse
1197 1248 1446 1303 dicentibus,
1478 1264 1600 1291 suum

150 1314 247 1350 ante
281 1322 407 1363 quam
438 1308 550 1363 regis
582 1308 708 1349 funus
742 1308 793 1349 ab
828 1309 888 1350 eis
930 1307 1228 1363 excipiendum
1270 1308 1474 1361 asseruit,
1518 1323 1602 1350 non

150 1381 194 1407 se
217 1373 319 1407 uoto
351 1366 637 1408 fraudandum
669 1365 873 1421 inquiens,
907 1380 991 1421 quo
1016 1380 1110 1407 cum
1134 1381 1184 1407 eo
1209 1367 1412 1407 commori
1435 1381 1603 1422 semper

152 1429 353 1480 optasset.
415 1424 602 1466 Eosdem
647 1425 948 1466 ammiracione
990 1429 1209 1480 stupentes
1250 1423 1604 1479 imperium<que>

151 1483 428 1525 deliramento
471 1487 802 1524 consentaneum
848 1483 1139 1524 existimantes
1181 1483 1234 1525 ad
1268 1482 1601 1537 obsequendum,

151 1555 318 1596 penam,
352 1541 394 1582 ni
425 1542 685 1596 paruissent,
734 1542 1037 1594 comminatus,
1079 1541 1270 1582 adduxit.
1333 1541 1422 1593 Ita,
1465 1542 1603 1582 adhuc

153 1604 330 1655 experte
372 1599 509 1640 morbi
551 1613 749 1654 corpore,
790 1599 937 1640 mortis
979 1599 1279 1641 certitudinem
1318 1600 1602 1654 presumebat.

152 1657 319 1699 Deinde
359 1657 488 1699 citato
530 1659 639 1712 equo
672 1658 713 1697 in
747 1670 967 1698 occursum
1011 1658 1285 1713 exequiarum
1330 1657 1603 1707 contendens⁷

152 1729 245 1756 cum
292 1714 345 1756 ad
388 1730 540 1757 nemus
585 1715 694 1756 forte
742 1715 1059 1771 Topshc'gicum
1106 1716 1392 1771 peruenisset,
1438 1715 1603 1757 duabus

82 1788 97 1813 ¹.
150 1773 255 1814 mire
285 1774 554 1829 proceritatis
587 1773 809 1814 arboribus
841 1788 965 1816 secus
998 1775 1077 1815 iter
1112 1775 1362 1829 conspectis„
1395 1779 1602 1829 utranque

154 1831 311 1886 precidi
344 1831 471 1887 inque
507 1846 627 1873 usum
661 1832 757 1872 lecti
789 1832 977 1873 funebris
1010 1832 1144 1887 aptari
1177 1832 1374 1887 precepit.
1430 1831 1494 1872 Illi
1525 1832 1602 1873 sibi

152 1890 304 1944 regalis
335 1889 478 1930 feretri
513 1891 873 1931 construccionem
906 1891 1064 1945 precipi
1108 1891 1210 1943 rati,
1253 1890 1471 1945 imperium
1507 1904 1604 1931 exe-

153 1953 352 2002 quuntur.
394 1946 673 2001 Compactum
697 1948 849 1989 deinde
871 1948 1117 1989 uehiculum
1140 1949 1429 2004 prestantibus
1451 1948 1604 1990 robore

153 2006 271 2060 equis
303 2007 537 2060 imponunt.
600 2005 791 2062 Cumque
832 2006 1049 2061 pontifex,
1093 2007 1242 2048 siluam
1274 2011 1604 2072 preteigressus,

152 2063 314 2118 regium
346 2064 388 2104 in
420 2064 559 2105 uicino
591 2063 716 2106 funus
748 2064 899 2106 adesse
933 2069 1219 2119 cognosceiffet
1251 2066 1442 2120 aurigam
1470 2065 1605 2106 consi-

153 2126 264 2162 stere
297 2122 430 2172 iussit,
462 2136 510 2163 ac
542 2123 733 2176 protinus
765 2123 900 2163 ueluti
932 2123 1163 2164 laxamenti
1195 2123 1337 2178 gracia
1363 2123 1604 2176 amiculum,

153 2179 266 2234 quod
300 2179 500 2233 habebat,
534 2181 670 2224 exuit
705 2181 825 2236 eique
858 2180 971 2221 humi
1005 2194 1194 2235 expanso
1228 2195 1272 2222 se
1303 2181 1439 2236 ipsum
1471 2182 1604 2236 preci-

152 2238 284 2293 pitem
327 2238 566 2293 superiecit.
624 2238 819 2304 Deinde,
862 2239 1011 2280 erectis
1044 2253 1227 2295 superne
1268 2239 1439 2296 pilmis,
1480 2240 1601 2294 siquo

153 2309 292 2337 rerum
325 2296 490 2337 auctori
522 2296 704 2338 seruicio
737 2297 980 2352 placuisset
1013 2298 1144 2338 uitam
1177 2311 1201 2338 a
1232 2312 1275 2339 se
1308 2298 1417 2338 finiri
1439 2298 1601 2363 petiuit,

153 2352 264 2395 Sane
298 2354 458 2408 absque
490 2355 575 2395 ulla
606 2354 683 2396 fati
718 2355 987 2397 cunctacione
1034 2356 1216 2397 amicum
1259 2360 1395 2396 morte
1436 2356 1598 2410 insequi

153 2425 277 2466 quam
324 2412 413 2453 uita
453 2412 648 2454 deserere
690 2413 947 2468 preoptauit.
1010 2412 1104 2454 Hec
1133 2413 1260 2466 fatus,
1294 2413 1424 2455 ueluti
1456 2413 1495 2453 in
1529 2414 1601 2455 do-

153 2469 329 2511 mestico
381 2470 537 2510 lectulo
592 2470 862 2525 acquiescens
914 2471 1189 2526 extinguitur.
1264 2471 1300 2512 O
1352 2472 1600 2513 immensam

155 2528 442 2581 concordiam,
486 2542 568 2582 que
611 2526 849 2583 superlstite
881 2529 1029 2583 spiritu
1060 2529 1278 2574 iocundior
1308 2529 1401 2570 fuit.
1464 2528 1602 2576 Quem

154 2585 300 2626 famuli
342 2586 511 2640 lon-gam
548 2586 599 2627 ad
633 2585 800 2628 modum
844 2586 1023 2627 cubandi
1067 2601 1226 2629 moram
1270 2586 1408 2642 egisse
1450 2588 1602 2639 mirati,

153 2657 247 2685 cum
310 2643 590 2700 nequicquam
655 2644 815 2699 erigere
867 2645 1085 2686 iacentem·
1125 2645 1310 2697 uellent,
1365 2645 1601 2687 exanimem

1660 1217 1685 1242 p.
1707 1208 1756 1235 567

1657 2548 1684 2573 p.
1704 2539 1754 2566 568
