1884 3126
40 896 73 923 10

38 1187 72 1214 15

33 1475 72 1503 20

32 1765 70 1793 25

36 2114 73 2141 30

36 2405 72 2432 35

688 255 737 260 —
800 230 865 276 VI
926 260 979 266 —
1473 238 1548 279 191

109 358 316 401 hortatur.
379 357 476 408 Quo
507 358 600 401 uiso
633 358 946 410 Starcatherus,
976 361 1047 416 qui
1078 366 1252 418 propter
1281 362 1392 405 fores
1425 363 1550 418 pilleo

107 422 235 473 caput
267 417 524 459 obscurante
556 416 827 464 consederat,
859 418 940 459 iam
971 423 1136 462 tantum
1169 419 1370 462 hauserat
1399 421 1472 475 ire,
1506 427 1551 463 ut

106 474 283 517 ulterius
329 475 568 518 cohibende
615 489 765 517 manus
812 476 1050 532 inpaciens,
1103 477 1294 534 deposito
1342 479 1550 521 uelamine

107 533 304 574 dextram
336 533 630 589 distringendo
662 533 851 576 iniiceret
882 535 1007 576 ferro,
1068 534 1177 577 Tum
1207 535 1348 590 faber,
1395 537 1464 592 qui
1495 537 1552 579 nil

106 592 184 633 nisi
217 591 425 634 lasciuum
456 597 656 638 nouerat,
687 593 915 647 improuiso
945 594 1151 635 fluctuans
1183 597 1321 647 metu,
1362 595 1433 636 ubi
1465 609 1549 637 rem

106 649 160 690 ad
189 663 339 691 manus
370 651 621 705 peruenisse
654 651 872 706 cognouit,
906 651 1070 693 abiecta
1101 651 1356 694 defensionis
1388 667 1477 707 spe,
1509 654 1549 694 in

105 708 207 763 fuga
251 709 421 750 unicum
463 708 726 751 necessitatis
770 709 1000 764 presidium
1044 709 1337 766 circunspexit.
1398 710 1550 767 Itaque

106 772 190 809 tam
233 766 417 819 foribus,
459 781 639 822 quarum
682 767 820 809 hostis
862 767 1022 809 aditum
1063 769 1289 822 tuebatur,
1331 782 1550 824 erumpere

106 824 285 867 arduum
329 829 442 878 erat,
486 839 611 881 quam
654 826 765 866 intra
807 831 985 880 penates
1031 840 1322 881 percussorem
1368 827 1548 881 opperiri

104 897 250 938 graue.
311 882 503 925 Tandem
535 883 763 925 obstrictus
796 884 1048 926 necessitate
1088 885 1253 926 animus
1296 884 1420 926 finem
1453 899 1549 926 cun-

105 941 284 983 ctacioni
315 941 482 997 posuit,
523 942 794 997 censuitque,
835 946 951 984 certo
985 947 1115 998 atque
1148 942 1332 984 euidenti
1361 943 1547 998 periculo

105 999 376 1056 appetibilius
409 1014 503 1042 esse
546 999 794 1050 discrimen,
833 1001 899 1041 cui
942 1001 1015 1042 uel
1055 1000 1220 1042 modica
1263 1000 1409 1042 salutis
1452 1015 1547 1056 spes

103 1058 276 1099 subesse
308 1062 493 1113 poterat.
556 1058 722 1114 Fugam
763 1071 947 1114 quoque,
981 1072 1223 1114 quanquam
1254 1058 1427 1113 periculi
1458 1059 1547 1099 affi-

103 1116 233 1158 nitate
278 1116 560 1172 prearduam,
606 1121 776 1170 tamen,
822 1117 920 1172 quia
965 1117 1153 1158 ministra
1200 1117 1290 1172 opis
1337 1117 1546 1171 salutique

104 1174 276 1230 propior
309 1174 558 1228 uidebatur,
592 1175 795 1230 appeciit,
828 1189 1012 1228 moram,
1046 1189 1128 1230 que
1160 1180 1364 1230 tanquam
1395 1189 1546 1230 expers

103 1232 278 1274 subsidii
325 1234 480 1274 malum
534 1233 877 1288 ineuitabilisque
925 1234 1086 1275 iacture
1132 1247 1267 1288 capax
1313 1233 1548 1285 uidebatur,

103 1291 315 1333 abiiciens.
378 1291 459 1333 Sed
495 1291 592 1333 dum
634 1291 761 1333 limen
803 1297 1005 1347 occupat,
1048 1305 1072 1332 a
1101 1290 1344 1345 presidente
1385 1290 1547 1332 foribus

103 1363 203 1391 sene
236 1349 396 1391 medias
429 1363 549 1392 cesus
580 1354 712 1403 nates,
744 1349 864 1405 lapso
897 1349 1118 1391 seminecis
1150 1348 1329 1403 uestigio
1354 1348 1545 1391 concidit.

104 1407 270 1463 Quippe
294 1421 517 1462 percussor
539 1421 800 1463 magnopere
831 1407 1068 1449 cauendum
1100 1407 1293 1460 duxerat,
1324 1421 1376 1448 ne
1409 1407 1547 1448 claris-

104 1466 230 1508 simas
263 1480 412 1507 manus
445 1466 674 1522 turpissimi
707 1466 914 1507 ciniflonis
955 1465 1088 1507 exicio
1122 1464 1433 1517 commodaret,
1474 1465 1547 1506 im-

102 1523 221 1580 probi
256 1525 409 1566 amoris
433 1524 758 1581 ⁴faoesgrauimx
789 1524 1020 1578 ignominia
1052 1537 1174 1578 quam
1208 1527 1342 1564 morte
1374 1523 1546 1563 mulcta-

101 1587 165 1623 tas
213 1582 473 1625 existimans.
548 1583 617 1625 Ita
663 1596 688 1623 a
736 1581 988 1639 quibusdam
1040 1581 1306 1623 calamitosus
1358 1581 1544 1622 extincto

102 1640 294 1696 punicior
319 1640 598 1682 existimatur.
641 1641 734 1689 Quo
768 1640 962 1682 effectum
990 1644 1067 1690 est,
1100 1644 1146 1680 ut
1168 1639 1308 1695 puella
1329 1643 1548 1694 parentum

102 1698 251 1740 officiis
297 1698 464 1741 defecta
506 1699 830 1741 eruditissimam
862 1698 1046 1740 moribus
1076 1697 1271 1739 feminam
1305 1701 1459 1752 ageret,
1488 1696 1548 1738 in-

102 1770 183 1811 que
217 1762 352 1799 semet
392 1758 526 1813 ipsam
570 1757 688 1813 quasi
731 1757 870 1798 seduli
902 1757 1054 1798 tutoris
1088 1756 1269 1798 officium
1301 1752 1546 1809 exerllceret.

104 1814 297 1871 Cumque
329 1815 630 1858 Starcatherus
672 1816 1004 1871 circunspectam
1037 1814 1223 1869 undique
1255 1812 1453 1854 familiam
1485 1827 1548 1853 re-

106 1874 213 1915 centi
243 1876 248 1925 Ι
276 1874 455 1928 hospitis
486 1874 648 1916 iactura
675 1874 906 1915 indoluisse
940 1876 1235 1927 cognosceret,
1276 1871 1546 1926 ignominiam

102 1932 234 1972 saucii
266 1932 477 1975 inueccius
520 1932 870 1988 exaggerandam
909 1931 1091 1983 curauit,
1133 1929 1458 1984 insultandoque
1490 1929 1546 1970 sic

103 1990 239 2044 cepit:

161 2105 288 2147 Vnde
320 2109 466 2162 stupet
495 2106 707 2148 taciturna
739 2105 920 2147 domus?
983 2104 1076 2153 Que
1111 2118 1237 2146 causa
1268 2103 1454 2146 dolorem

162 2164 371 2218 Integrat,
403 2169 477 2205 aut
509 2165 581 2206 ubi
610 2178 722 2206 nunc
752 2164 930 2206 uxorius
960 2162 1029 2205 ille
1062 2162 1251 2218 quiescit,

160 2221 311 2276 Nuper
341 2221 397 2262 ob
429 2222 647 2277 indignum
678 2222 791 2264 ferro
824 2222 1050 2264 mulctatus
1081 2220 1302 2262 amorem?

160 2278 377 2335 Numquid
410 2280 549 2322 adhuc
581 2280 737 2323 fastum
769 2281 1003 2334 luxumque
1035 2283 1226 2338 reseruat
1256 2278 1445 2329 inertem,

159 2338 248 2379 Aut
281 2341 398 2379 tenet
429 2338 642 2394 inceptum
676 2339 893 2394 primaque
925 2337 1098 2379 libidine
1129 2336 1293 2378 feruet?

160 2395 370 2437 Extrahat
402 2396 574 2439 alternis
606 2410 773 2439 mecum
806 2395 1068 2437 sermonibus
1100 2394 1261 2446 horam,

161 2453 507 2510 Hesternumque
539 2455 681 2496 odium
714 2454 855 2496 uerbis
887 2458 1115 2509 componat
1145 2452 1302 2493 amicis.

160 2512 314 2553 Lecior
348 2516 538 2567 emergat
569 2512 711 2565 facies,
742 2527 821 2554 neo
850 2512 1027 2568 plangor
1059 2512 1099 2551 in
1133 2509 1210 2552 ede

162 2569 382 2618 Personet,
414 2575 487 2611 aut
516 2577 676 2613 mestos
707 2571 817 2612 sinat
849 2570 1145 2625 obtorpescere
1177 2566 1330 2608 uultus.

163 2627 280 2671 Scire
312 2627 471 2680 uolens,
504 2629 594 2685 quis
626 2629 816 2684 uirgineo
847 2628 1048 2683 flagraret
1080 2639 1237 2675 amore,

1602 1764 1692 1798 (108)

1602 1880 1700 1914 p.287
