1884 3126
641 255 694 259 —
754 230 893 272 XIIII
954 254 1004 259 —-
1462 231 1541 272 501

98 359 287 412 dicebat3
329 359 456 400 saeris
493 358 698 414 siquidem
742 359 907 413 legibus
946 362 1114 400 cautum
1147 372 1293 406 nosse,
1326 372 1378 399 ne
1410 357 1546 399 clerus

97 418 309 472 peculiare
355 416 539 472 eligendi
582 418 645 458 ius
691 417 824 472 regali
871 417 1047 472 imperio
1095 417 1327 458 obnoxium
1375 416 1544 458 habeat.

97 475 247 530 Itaque
279 476 540 530 presenciam
571 489 688 516 suam
721 474 832 515 haud
857 489 1068 530 quaquam
1100 474 1400 528 impedimento
1433 474 1545 515 futu-

98 547 208 583 ram,
250 547 332 588 quo
376 533 511 582 minus
554 532 804 574 electoribus
851 532 983 574 libera
1033 532 1327 585 suffragiorum
1372 532 1545 573 arbitria
1580 574 1586 581 ,

48 607 64 631 5
97 596 308 632 maneant.
370 590 488 632 Tunc
519 591 679 644 clerus,
719 590 961 644 religiosam
1003 591 1090 632 eius
1122 586 1342 647 iusssticiam
1372 590 1545 631 summis
1600 599 1698 632 1›·738

96 649 334 702 graciarum
368 648 606 690 accionibus
638 653 895 702 prosecutus,
919 648 1090 689 concilio
1113 649 1307 700 excessit,
1335 648 1545 690 delectum

97 707 297 748 curiosius
328 706 559 747 habiturus.
621 705 811 761 Cumque
844 710 928 747 tres
957 711 1144 761 spectate
1179 706 1383 761 opinionis
1415 707 1544 758 uiros,

97 764 246 819 quibus
286 768 459 819 quartus
502 764 554 805 ob
596 764 798 806 uirtutem
838 762 1028 807 Absalon
1060 764 1347 814 adiiciebatur,
1386 764 1545 805 circun-

95 822 350 876 spexissent,
390 826 436 862 ut
479 836 532 863 ex
573 836 717 863 eorum
760 836 935 863 numero
968 822 1207 876 potissimus
1247 826 1544 875 assumeretur,

27 898 62 923 ιο
94 879 395 921 Waldemarus
438 880 566 921 tacita
603 880 866 934 singulorum
908 879 1110 934 suffragia
1153 882 1195 921 in
1236 880 1359 921 unius
1400 879 1545 921 tabule

96 943 320 992 segregata
362 938 578 978 uolumina
624 939 771 979 referri
818 938 960 990 iussit,
1016 938 1282 980 sinceriorem
1326 938 1546 978 eleccionis

95 994 287 1036 habitum
318 1001 446 1040 ratus,
479 995 512 1036 si
543 996 868 1050 uniuscuiusque
901 995 1096 1037 uoluntas
1130 1000 1228 1038 ante
1261 1009 1388 1036 manu
1420 1009 1545 1050 quam

95 1053 240 1107 lingua
271 1053 531 1108 proderetur.
578 1052 830 1108 Euenitque,
849 1058 908 1105 ut,
943 1054 1132 1095 omnium
1164 1054 1319 1107 scripto
1351 1054 1392 1094 in
1415 1067 1545 1094 unam

95 1116 271 1152 coeunte
303 1111 574 1165 sentenciam,
606 1111 774 1153 honoris
806 1112 972 1153 culmen
994 1111 1200 1153 Absaloni
1232 1111 1542 1153 decerneretur.

29 1185 63 1211 15
97 1168 177 1216 Qui
223 1183 321 1210 mox
362 1169 535 1210 antistes
576 1173 763 1223 creatus,
805 1183 892 1210 non
933 1170 1068 1210 minus
1110 1171 1292 1225 piratam
1332 1183 1376 1210 se
1419 1183 1545 1223 quam

95 1226 337 1281 pontificem
378 1227 532 1281 gessit,
572 1227 693 1282 parui
734 1228 932 1269 estimans
975 1228 1086 1269 intus
1128 1228 1379 1282 religionem
1421 1227 1544 1278 tueri,

94 1285 128 1325 si
173 1284 277 1326 foris
322 1299 416 1326 eam
462 1285 690 1338 periclitari
737 1290 967 1340 pateretur.
1046 1284 1196 1340 Neque
1247 1285 1359 1326 enim
1410 1285 1545 1325 minus

94 1356 306 1383 sacrorum
351 1343 502 1383 attinet
542 1343 673 1384 cultui
715 1343 883 1398 publice
915 1343 1130 1398 religionis
1162 1343 1306 1384 hostes
1337 1342 1544 1397 repellere

95 1414 222 1455 quam
264 1400 589 1442 cerimoniarum
631 1402 761 1442 tutele
803 1415 967 1443 uacare.
1028 1401 1203 1456 Itaque,
1236 1400 1545 1456 pontificalibus

25 1475 61 1500 ρο
94 1457 213 1499 tectis
245 1459 402 1503 maiore
434 1472 488 1499 ex
520 1463 640 1512 parte
663 1459 749 1501 solo
771 1459 947 1514 equatis,
975 1473 1061 1514 quo
1084 1460 1266 1514 patriam
1287 1458 1544 1499 firmioribus

93 1516 274 1557 uallaret
314 1516 523 1567 excubiis,
568 1517 821 1558 maritimam
863 1517 1027 1558 assidue
1060 1518 1288 1558 stacionem
1319 1530 1542 1571 peragens,

94 1573 369 1615 habitacionis
412 1588 533 1615 usum
564 1574 776 1616 interdum
809 1589 833 1616 a
865 1575 980 1616 siluis
1024 1575 1327 1629 frondibusque
1360 1574 1545 1614 mutuari

93 1631 266 1673 solebat.
315 1631 443 1681 Cuius
475 1637 564 1678 tam
584 1632 751 1674 humilis
783 1633 943 1674 mansio
966 1634 1186 1674 conuulsos
1209 1633 1345 1687 patrie
1368 1635 1544 1687 penates

94 1690 242 1730 erexit.
289 1689 547 1744 Eloquencie
578 1704 742 1745 quoque
774 1691 862 1732 eius
892 1691 1075 1746 presidia
1109 1690 1404 1748 Sialandenses
1435 1690 1544 1730 salu-

23 1764 59 1790 25
92 1748 198 1788 taria
238 1753 471 1790 senserunt.
541 1747 654 1788 Nam
695 1748 944 1790 domesticas
985 1749 1228 1800 conciones,
1269 1748 1319 1789 ad
1367 1748 1452 1788 uim
1501 1751 1543 1788 et

93 1805 231 1845 rixam
273 1819 404 1859 usque
448 1805 675 1859 litigiosas,
723 1806 1014 1848 moderacione
1061 1821 1136 1848 sua
1182 1806 1236 1847 ad
1282 1805 1542 1861 pacaciorem

94 1863 285 1904 habitum
307 1863 518 1917 perduxit.
560 1863 780 1919 Tantaque
802 1865 998 1906 facundie
1030 1865 1119 1906 eius
1141 1868 1390 1905 ornamenta
1413 1863 1543 1913 fuere,

92 1926 138 1961 ut
170 1935 239 1961 eos
261 1925 394 1962 semet
427 1921 670 1963 stoliditatis
702 1923 904 1963 damnare
928 1927 1110 1977 cogeret,
1143 1923 1211 1977 qui
1244 1936 1341 1962 eum
1365 1922 1544 1962 inertem

93 1979 387 2034 elinguemque
429 1979 706 2021 crediderant.
776 1979 866 2022 Nec
906 1981 1024 2036 pensi
1067 1980 1188 2021 duxit
1234 1979 1403 2020 duratos
1443 1979 1543 2032 gelu

25 2050 61 2077 30
91 2038 238 2078 fluctus
279 2036 478 2091 hybernis
517 2037 678 2079 sulcare
720 2039 915 2093 nauigiis,
940 2037 954 2091 ΙΙ
977 2053 1029 2080 ne
1068 2038 1203 2079 ullum
1246 2038 1344 2078 anni
1374 2041 1541 2091 tempus
1597 2044 1690 2078 (282)

93 2094 348 2136 salutaribus
379 2099 550 2136 uacaret
581 2095 781 2147 excubiis,
814 2101 888 2137 aut
908 2097 1083 2151 insignis
1116 2096 1205 2137 eius
1236 2109 1339 2149 erga
1362 2095 1543 2150 patriam

93 2153 229 2207 pietas
250 2152 490 2193 necessitati
512 2152 660 2195 cedere
682 2154 907 2196 uideretur.
950 2154 1100 2209 Itaque
1132 2168 1216 2194 non
1248 2153 1384 2194 minus
1406 2152 1542 2207 patrie

96 2214 314 2264 parentem
346 2224 473 2264 quam
502 2210 743 2264 pontificem
765 2212 866 2266 egit,
898 2212 1053 2253 milicie
1075 2216 1117 2253 et
1139 2211 1353 2265 religionis
1384 2211 1540 2251 sociato

95 2268 260 2322 fulgore
303 2268 560 2322 conspicuus.
630 2268 775 2310 Prima
814 2270 896 2321 illi,
936 2270 1070 2324 pridie
1115 2283 1240 2324 quam
1272 2266 1542 2309 Palmassrum
1562 2275 1749 2304 GXLVHlb

27 2340 63 2367 35
94 2326 264 2367 solenne
296 2325 486 2376 instaret,
520 2326 632 2381 apud
664 2326 930 2368 Borlundam
960 2328 1100 2368 uicum
1122 2327 1346 2368 aduersum
1368 2325 1540 2367 Solauos

95 2383 335 2437 congressio
389 2383 541 2424 extitit.
621 2383 832 2425 Nunciata
875 2399 1057 2440 namque
1103 2399 1244 2427 eorum
1292 2383 1543 2438 irrupcione,

95 2441 292 2482 clientela
313 2440 523 2482 duntaxat
545 2455 634 2495 sua,
659 2456 739 2496 que
769 2442 915 2484 decem
936 2448 978 2484 et
1000 2447 1091 2484 octo
1114 2442 1295 2483 militum
1325 2455 1543 2482 numerum

96 2499 323 2553 explebat,
367 2498 615 2551 instructus,
647 2499 870 2541 aduersum
901 2506 1080 2556 quatuor
1120 2504 1162 2541 et
1191 2498 1343 2553 uiginti
1372 2498 1543 2539 nauium

97 2556 238 2611 copias
269 2561 315 2596 ut
346 2556 602 2610 periculoso,
634 2557 695 2598 ita
725 2557 841 2599 felici
872 2558 1107 2600 certamine>
1132 2557 1361 2598 dimicauit.
1422 2555 1543 2598 Com-

29 2627 65 2655 40
97 2614 284 2671 pluribus
328 2613 534 2669 siquidem
574 2614 752 2658 aduerse
792 2616 924 2672 partis
967 2616 1154 2677 equitum
1194 2614 1320 2669 fusis,
1349 2616 1353 2664 Ι
1380 2613 1543 2670 pedites
1598 2631 1627 2662 p.
1647 2622 1697 2654 739
