1884 3126
103 920 139 947 10

100 1217 136 1243 15

99 1507 136 1535 ‘20

98 2090 135 2117 30

99 2382 135 2409 35

102 2671 139 2700 40

726 280 778 285 —
842 252 954 295 XIII
1017 281 1070 285 —
1549 255 1632 296 437

174 383 439 426 familiaritas
480 383 574 426 fuit.
638 382 807 439 Quippe
841 386 882 424 et
914 383 1136 438 repentina
1179 382 1319 425 fratris
1360 382 1554 425 desercio
1589 386 1633 426 et

174 441 424 484 subitaneus
456 441 676 497 transfuge
707 441 937 484 notabatur
968 441 1192 483 aduentus.

314 500 485 542 Interea
532 499 752 550 Sueones,
806 499 920 555 quod
967 499 1173 555 Magnum
1220 499 1463 541 domesticis
1509 499 1632 542 bellis

176 562 434 613 occupatum
466 558 705 613 audierant,
736 558 998 601 Suerconem
1030 559 1257 614 quendam,
1288 557 1491 600 mediocri
1522 558 1633 599 inter

174 617 367 659 Sueones
399 617 493 659 loco
526 620 687 669 natum,
719 630 866 671 regem
898 617 1182 669 constituunt,
1229 631 1314 658 non
1356 616 1471 672 quod
1511 616 1633 658 illum

174 680 398 730 tantopere
443 675 694 730 diligerent,
735 675 811 717 sed
845 676 943 730 quia
976 675 1142 716 externi
1184 675 1366 717 hominis
1406 675 1631 730 imperium

173 738 433 786 recusarent,
466 734 651 776 ceruices
685 733 928 789 indigenam
962 733 1072 775 ferre
1104 733 1252 775 solitas
1284 734 1511 788 peregrino
1535 732 1633 775 duci

173 792 421 834 submittere
463 792 756 835 formidantes.
818 792 904 834 Hic
948 791 1106 834 Suerco
1139 791 1371 833 Vlwildam
1417 791 1632 844 Noricam,

172 865 298 906 quani
323 850 528 892 Nicolaus
559 851 602 892 in
633 850 962 902 matrimonium,
996 854 1190 893 emortua
1223 850 1481 904 Margareta,
1514 864 1632 893 rece-

172 914 305 964 perat,
338 910 555 950 amatoriis
587 909 721 965 primo
752 908 1045 965 legacionibus
1077 908 1371 962 sollicitatam,
1405 922 1505 950 mox
1537 908 1630 950 uiro

174 967 318 1008 furtim
359 967 619 1009 abstractam
663 967 717 1008 ad
761 982 884 1009 suum
931 982 1066 1022 usque
1113 967 1367 1009 connubium
1413 966 1630 1022 perduxit.

174 1025 304 1067 Cuius
337 1027 451 1068 coitu
485 1040 562 1081 pro
597 1026 790 1081 coniugio
822 1041 939 1079 usus,
971 1025 1180 1068 Karolum
1203 1039 1257 1067 ex
1281 1040 1344 1077 ea,
1378 1026 1450 1080 qui
1471 1030 1512 1067 et
1534 1029 1632 1080 post

172 1085 311 1139 ipsum
344 1085 388 1125 in
420 1084 568 1125 Suetia
599 1084 829 1139 regnabat,
873 1085 1075 1140 suscepit.
1137 1084 1222 1126 Per
1254 1084 1403 1126 eadem
1436 1088 1629 1139 tempora

173 1143 258 1184 diui
287 1142 452 1184 Kanuti
483 1143 581 1194 filia,
615 1142 867 1198 iampridem
899 1144 987 1197 regi
1011 1142 1266 1185 Noricorum
1299 1142 1521 1198 desponsa,
1552 1156 1629 1198 per

170 1202 335 1256 legatos
367 1201 420 1242 ab
453 1215 502 1243 eo
536 1202 577 1242 in
613 1201 808 1243 Daniam
831 1202 981 1243 missos
1015 1206 1199 1257 nuptura
1232 1201 1469 1243 deducitur.

308 1259 499 1301 Peractis
530 1259 745 1326 hybernis,
777 1259 993 1311 Nicolaus,
1029 1260 1237 1301 diutinam
1269 1258 1502 1302 deficientis
1535 1273 1561 1301 a
1582 1273 1628 1300 se

169 1318 293 1374 regni
326 1318 470 1359 ulcisci
502 1319 680 1373 cupiens
722 1318 937 1370 iniuriam,
983 1319 1131 1360 crebra
1164 1317 1397 1360 Iuticarum
1438 1317 1629 1373 parcium

170 1376 305 1418 classe
352 1375 615 1418 Sialandiam
655 1377 833 1432 appulit.
895 1377 936 1419 A
980 1391 1062 1432 quo
1106 1376 1256 1418 Ericus
1298 1375 1414 1432 apud
1447 1374 1628 1417 Weram

170 1439 343 1489 pontem
375 1435 626 1490 grauissimo
659 1435 793 1490 prelio
827 1439 1068 1490 superatus,
1104 1449 1197 1476 cum
1230 1448 1376 1488 uxore,
1414 1434 1628 1490 quondam

167 1493 385 1547 Noruagie
412 1493 573 1547 regina,
607 1494 779 1549 filioque
800 1494 982 1549 paruulo
1007 1493 1219 1546 Suenone,
1252 1506 1378 1549 quem
1401 1508 1456 1535 ex
1477 1492 1628 1548 pellice

170 1557 483 1607 procreauerat,
516 1549 855 1607 necessituldinis
886 1552 1041 1594 fiducia
1073 1551 1278 1607 Magnum
1312 1551 1486 1607 petiuit,
1519 1552 1629 1593 eius-

173 1624 255 1665 que
278 1609 625 1653 humanissimam
647 1610 782 1665 primo
807 1609 1154 1679 hospitalitatem,
1188 1625 1291 1652 mox
1321 1609 1467 1651 dolum
1498 1614 1626 1666 atque

169 1667 381 1710 fallaciam
414 1673 619 1723 expertus
651 1672 728 1711 est.

294 1726 480 1768 Interea
520 1725 747 1777 Nicolaus,
790 1726 996 1776 Haraldi,
1040 1726 1373 1769 Teutonicorum
1419 1727 1626 1783 supplicia

97 1800 113 1826 2
169 1784 408 1839 exigentis,
449 1785 644 1840 precibus
684 1785 933 1836 inclinatus,
973 1785 1257 1841 Roskyldiam
1296 1785 1469 1841 irrupit,
1515 1800 1625 1829 com-

167 1843 487 1898 prehensosque
511 1844 552 1884 in
574 1844 679 1884 urbe
702 1842 941 1886 Germanos
964 1843 1196 1886 incentoris
1219 1843 1394 1886 arbitrio
1418 1844 1625 1886 mulctan-

168 1901 245 1942 dos
279 1900 447 1943 dimisit.
511 1901 628 1950 Quos
660 1901 901 1955 Haraldus,
942 1906 1030 1943 tum
1064 1902 1162 1958 quia
1194 1906 1502 1944 tormentorum
1537 1903 1626 1957 opi-

167 1959 282 2011 fices,
315 1964 401 2001 tum
436 1960 534 2015 quia
567 1960 620 2001 de
652 1959 759 2001 falsa
794 1973 895 2001 nece
925 1974 1001 2001 sua
1034 1960 1266 2015 gloriantes
1308 1961 1517 2015 audierat,
1551 1975 1625 2003 ex-

168 2023 304 2060 trema
329 2019 494 2060 narium
515 2023 636 2074 parte
657 2019 835 2073 precisa,
869 2018 1082 2061 deformes
1108 2018 1305 2071 reddidit,
1337 2023 1626 2075 percontatus,

168 2090 221 2117 an
244 2075 465 2118 Haraldus
488 2091 635 2118 eorum
656 2077 783 2118 fuerit
815 2077 963 2118 iaculis
994 2077 1258 2120 interfectus.
1301 2077 1422 2119 Tunc
1453 2078 1626 2133 quidam

169 2148 221 2176 ex
256 2134 340 2185 his,
381 2135 640 2190 applicatum
675 2136 735 2177 ori
767 2149 844 2177 suo
879 2136 1061 2176 cultrum
1093 2136 1323 2190 aspiciens,
1365 2136 1625 2192 parcendum

168 2193 274 2246 sibi,
323 2193 435 2248 quod
480 2193 633 2236 doctus
682 2198 815 2243 essct,
862 2193 1364 2246 asse1uit.Ha1-aldus,
1410 2195 1624 2236 hominem

167 2251 387 2293 literarum
409 2251 590 2306 peritum
615 2252 876 2303 existimans,
898 2257 1100 2294 reuocato
1123 2253 1285 2306 lictore,
1307 2253 1361 2294 ad
1385 2251 1625 2309 ep[ist]ulas

150 2308 434 2365 -perductum,
466 2310 580 2365 ipsas
612 2309 681 2365 (ut
704 2310 793 2351 fieri
820 2309 1002 2363 assolet)
1035 2311 1272 2353 solennium
1303 2312 1625 2367 nuncupacione

168 2368 398 2409 uerborum
431 2367 630 2410 dedicare
662 2368 866 2423 precepit.
913 2367 992 2410 Cui
1025 2370 1233 2424 captiuus,
1265 2369 1416 2411 suendi
1449 2383 1506 2421 se,
1538 2383 1623 2411 non

170 2425 362 2468 sacrandi
385 2425 671 2481 professorem
697 2425 927 2481 respondit
970 2426 1200 2479 Haraldus,
1223 2427 1406 2469 hominis
1429 2428 1624 2470 acumine

170 2483 434 2537 delectatus,
481 2483 776 2538 impunitatem
818 2485 978 2526 astucie
1017 2485 1187 2536 tribuit,
1230 2486 1447 2541 iramque,
1496 2500 1622 2542 quam

171 2541 375 2597 deceptus
409 2541 645 2593 abiecerat,
680 2546 892 2583 correctus
925 2547 1141 2599 repetere
1151 2543 1443 2596 erubescebat,
1474 2558 1528 2586 ne
1561 2558 1624 2586 er-

170 2614 312 2642 rorem
346 2600 556 2655 supplicio
590 2599 818 2641 emendare
848 2599 1081 2643 uideretur.

309 2658 395 2701 Per
429 2657 579 2702 eadem
604 2661 798 2715 tempora
820 2657 1049 2715 Haraldus,
1072 2659 1415 2717 Hybernicarum
1437 2658 1626 2715 parcium

1690 1276 1785 1313 (245)

1683 1568 1711 1593 p.
1730 1558 1782 1586 652
