1884 3126
668 241 724 249 —
784 217 923 262 XIIII
983 242 1036 249 —-
1496 222 1577 264 605

128 345 352 400 agentibus
384 345 559 401 periculi
589 346 683 400 fuit,
726 347 840 403 quod
883 351 1004 389 tanta
1034 348 1218 390 telorum
1261 349 1325 390 uis
1356 349 1399 390 in
1431 348 1578 392 hostes

131 404 320 459 undique
351 404 676 459 congerebatur,
709 413 757 446 ut
787 406 839 446 ab
871 406 921 447 iis
953 420 1038 447 non
1071 407 1151 448 nisi
1181 408 1435 449 remociores
1467 408 1578 450 cerni

129 462 362 518 impetique
383 466 572 518 possent
615 461 710 510 Quo
734 464 892 518 euenit,
923 468 970 504 ut
991 464 1170 506 audacia
1191 465 1419 518 salutem,
1409 467 1580 521 ignauia

131 520 352 562 discrimen
386 520 580 574 afferret,
614 521 883 577 tucioresque
914 523 1207 589 propinquitas
1239 537 1365 579 quam
1396 525 1578 567 remocio

78 591 95 618 5
125 582 348 635 prestaret.
421 577 456 619 E
497 579 711 621 contrario
757 579 978 620 Danorum
1019 581 1144 622 armis
1186 595 1269 622 non
1311 582 1447 638 magis
1487 597 1580 639 pro-

61 887 98 915 10

60 1177 97 1205 15

60 1467 99 1495 20

61 1758 100 1785 25

63 2049 101 2076 30

66 2339 102 2367 35

67 2628 104 2656 40

130 641 387 693 pugnatores
419 637 498 692 ipsi
530 650 656 691 quam
688 638 814 679 ceteri
857 637 968 679 intra
998 639 1145 680 urbem
1183 640 1406 695 populares
1439 642 1579 698 oppri-

130 695 365 749 mebantur,
383 695 556 751 ancipiti
570 695 684 737 iactu
702 696 805 737 ualli
822 700 1026 752 consepta
1041 697 1440 740 transcendentibus
1471 699 1579 742 telis.

131 753 260 795 Nulla
289 768 356 795 res
389 753 547 809 oppido
589 753 723 808 magis
758 753 984 796 aduersum
1019 756 1362 821 oppugnancium
1394 757 1581 799 multitu-

132 812 275 853 dinem
314 826 442 867 quam
484 811 759 853 defensorum
798 813 989 867 paucitas
1033 813 1189 866 nocuit,
1223 818 1368 869 utpote
1399 829 1579 870 quorum

130 870 305 912 bellicus
339 870 457 912 labor
479 870 756 912 successionis
779 871 982 911 auxilium
1014 885 1099 913 non
1124 871 1318 914 habebat.
1360 873 1581 916 Prefectus

129 928 244 969 urbis
291 926 687 984 Wa<r>thyszlauus
737 933 846 981 erat,
896 929 967 985 qui
1011 934 1054 971 et
1100 930 1190 985 ipse
1235 930 1491 985 Bugiszlauo
1539 936 1582 974 et

132 986 358 1028 Kazimaro
406 987 610 1042 sanguine
654 987 880 1042 contiguus
912 987 1161 1030 habebatur.
1224 987 1364 1030 Huius
1404 990 1581 1042 animus,

130 1044 232 1087 nihil
273 1058 382 1100 pene
414 1058 508 1086 cum
549 1045 705 1086 ciuium
744 1045 924 1100 ingeniis
973 1059 1196 1087 commune
1241 1048 1426 1100 sortituS,
1458 1052 1578 1090 tanto

133 1102 429 1158 amplificande
470 1103 800 1158 exornandeque
840 1104 1058 1159 religionis
1100 1103 1240 1145 studio
1281 1105 1503 1160 flagrabat,
1533 1110 1580 1147 ut

112 1161 320 1203 'Sclauico
363 1162 572 1217 sanguine
623 1161 781 1204 editum
823 1162 1096 1217 barbarisque
1140 1162 1325 1204 moribus
1372 1163 1578 1206 imbutum

131 1233 338 1274 negares3
380 1219 614 1275 siquidem,
659 1223 705 1261 ut
746 1221 927 1276 patriam
960 1221 1251 1276 supersticioni
1293 1221 1482 1263 deditam
1527 1223 1580 1264 ab

131 1291 273 1319 errore
296 1279 311 1331 Η
334 1278 474 1319 cultus
506 1286 751 1330 reuocaret,
784 1279 1113 1345 exemplumque
1145 1278 1183 1320 ei
1214 1280 1459 1334 corrigenda
1490 1295 1576 1323 cre-

130 1335 319 1377 dulitatis
351 1341 623 1392 pioponer,et
656 1335 917 1378 monachalis
951 1338 1037 1379 uite
1072 1337 1171 1379 uiris
1203 1351 1226 1379 e
1247 1337 1387 1379 Dania
1418 1338 1579 1393 adcitis,

129 1394 171 1436 in
204 1393 429 1435 latifundio
452 1409 527 1436 suo
552 1395 699 1436 cellam
723 1396 948 1448 exstruxit,
980 1408 1159 1450 eamque
1181 1396 1323 1437 multis
1346 1400 1389 1438 et
1418 1397 1580 1452 magnis

131 1452 350 1508 stipendiis
394 1453 690 1519 locupletauit.
765 1452 847 1501 Qui
891 1467 1005 1499 cum
1048 1453 1216 1495 lassatis
1258 1468 1403 1509 pugna
1445 1455 1579 1507 sociis,

134 1511 292 1565 urlbem
325 1511 515 1576 capcioni
536 1512 819 1567 propinquam
842 1512 1216 1562 animaduerteret,
1250 1512 1435 1554 hostium
1467 1514 1578 1555 seui-

132 1571 239 1611 ciam
282 1570 465 1620 ueritus,
507 1569 724 1611 offerende
765 1569 998 1611 dedicionis
1038 1571 1181 1625 gracia
1223 1584 1370 1625 pacem
1414 1571 1581 1626 petiuit,

132 1631 393 1682 acceptaque
439 1627 548 1680 fide,
592 1627 786 1684 protinus
819 1642 842 1669 a
874 1629 1046 1684 pauoris
1090 1629 1356 1670 consortibus
1388 1629 1577 1670 funiculo

132 1685 388 1739 submissus,
420 1686 539 1738 regia
582 1691 719 1727 castra
749 1691 895 1741 petere
927 1700 1010 1727 non
1053 1686 1279 1728 dubitauit
1343 1686 1438 1735 Quo
1472 1687 1577 1741 uiso,

130 1743 352 1785 Danorum
395 1744 581 1800 populus
623 1743 864 1799 languidius
906 1758 1092 1800 pugnam
1134 1744 1347 1798 exercuit,
1381 1746 1578 1811 periculis

132 1802 215 1843 suis
262 1802 352 1856 regi
396 1803 618 1857 pecuniam
663 1802 767 1857 emi,
815 1817 946 1858 seque
996 1803 1087 1845 eius
1131 1802 1362 1858 cupiditate
1403 1803 1580 1845 uictoria

131 1860 288 1916 pariter
321 1874 368 1902 ac
400 1860 532 1916 preda
562 1860 750 1902 fraudari
794 1866 1061 1916 conquestus
1134 1860 1229 1909 Quo
1273 1875 1349 1903 rex
1392 1861 1580 1903 animad-

135 1932 282 1971 uerso,
338 1917 546 1960 demende
605 1923 706 1961 note
761 1919 978 1974 cupidine,
1023 1918 1170 1961 urbem
1218 1933 1327 1974 equo
1374 1919 1578 1961 circuiens

134 1977 286 2017 milites
327 1976 380 2016 ad
420 1976 701 2019 insistendum
744 1977 904 2018 hortari
948 1978 1070 2033 cepit.
1144 1977 1399 2032 Postquam,
1443 1978 1577 2019 multo

132 2035 277 2075 labore
311 2034 437 2087 edito,
469 2049 633 2077 cassam
666 2049 716 2077 ac
745 2035 959 2076 difficilem
984 2034 1374 2091 oppugnaci0*nem
1397 2035 1579 2091 aspexit,

133 2107 331 2134 reuersus
352 2092 394 2133 in
417 2098 567 2147 castra,
594 2093 939 2149 Wartyszlauum
971 2094 1166 2134 admittit.
1219 2093 1350 2135 Cuius
1383 2094 1578 2148 precibus

134 2155 274 2192 motus
309 2149 489 2192 dedendi
513 2157 770 2207 potestatem
795 2151 1017 2206 oppidanis
1039 2151 1227 2203 indulsit,
1261 2150 1579 2207 pecuniamque,

135 2214 337 2265 quantam
371 2222 471 2264 egre
502 2211 700 2252 uniuersa
726 2209 895 2251 Sclauia
926 2210 1151 2251 exsoluere
1183 2215 1340 2264 posset,
1375 2222 1469 2250 cum
1503 2210 1577 2250 ob-

135 2266 294 2308 sidibus
335 2272 498 2322 pactuS,
543 2269 712 2322 statuit,
755 2271 802 2309 ut
845 2267 992 2309 urbem
1039 2267 1363 2322 WVartyszlauus
1395 2281 1420 2308 a
1462 2281 1506 2308 se
1537 2267 1579 2308 in

133 2325 384 2367 beneficium
428 2330 665 2382 receptam,
713 2330 915 2380 tanquam
955 2326 1116 2380 regium
1150 2339 1327 2379 munus,
1360 2325 1577 2366 consorcio

136 2383 330 2425 Sclauice
374 2383 676 2426 dominacionis
720 2384 916 2439 eriperet.
982 2383 1142 2438 Igitur,
1174 2383 1385 2424 reuocatis
1422 2383 1474 2423 ab
1507 2396 1581 2437 op-

135 2441 404 2497 pugnaeione
426 2442 640 2493 militibus,
664 2456 801 2496 neque
826 2442 917 2496 capi
944 2441 1089 2483 urbem
1113 2454 1249 2495 neque
1271 2441 1393 2496 diripi
1416 2454 1579 2496 passus,

136 2500 302 2554 signum
335 2513 459 2541 suum
499 2500 829 2556 propugnaculis
869 2499 985 2554 affigi
1017 2499 1228 2555 precepit,
1262 2503 1433 2554 recepte
1465 2498 1578 2539 dedi-

138 2558 268 2598 cionis
307 2557 459 2599 indicia
500 2559 778 2613 prebiturum.
848 2556 941 2598 Illic
984 2571 1154 2599 cernere
1195 2560 1285 2598 erat
1325 2556 1486 2598 uallum
1527 2557 1578 2597 ab

135 2616 218 2657 imo
240 2616 281 2656 in
304 2629 515 2658 summum
537 2617 594 2657 ita
618 2615 783 2670 sagittis
807 2614 992 2668 undique
1015 2616 1238 2665 consitum,
1273 2617 1317 2655 ut
1343 2614 1580 2656 harundine

1639 1287 1733 1322 (338)

1632 1522 1730 1554 p.868

1599 2047 1783 2077 cnxxvh
