1884 3126
271 223 352 265 132
860 247 912 252 --
973 222 1014 264 v
1078 249 1126 254 -

270 349 530 392 occultandis
580 348 707 390 rebus
757 352 961 404 angustos
1016 349 1191 391 nauium
1241 350 1420 405 angulos
1473 365 1578 394 esse.
1638 351 1718 404 Illi,

269 407 481 449 cadauere
512 420 720 462 nusquam
751 411 933 463 reperto,
966 408 1202 464 suspicione
1233 409 1274 450 in
1306 408 1412 450 alios
1444 410 1592 462 relata,
1624 424 1718 451 reos

268 466 400 522 prede
434 466 637 507 innocuos
669 465 859 508 arbitrati
893 471 1003 509 sunt.
1065 466 1177 508 Dum
1211 466 1327 508 nulla
1358 467 1505 521 rapine
1539 468 1720 521 uestigia

269 524 530 579 patuissent,
570 524 677 565 alios
713 524 791 565 sibi
827 524 1023 565 nocuisse
1065 528 1070 573 1
1111 527 1332 580 putantes,
1371 526 1563 567 sontibus
1601 525 1718 578 igno-

221 596 236 621 5
271 586 438 623 uerunt.
484 581 647 630 Quibus
672 582 1012 637 enmigantibus,
1035 581 1184 624 Ericus
1207 583 1364 624 elatum
1391 583 1512 625 undis
1537 583 1720 625 cadauer

270 640 452 695 excepit.

407 697 578 739 Interea
599 699 763 740 Frotho
789 698 1014 740 Oddonem
1037 711 1132 739 cuni
1163 697 1248 739 suis
1281 698 1530 740 occubuisse
1564 713 1720 754 cogno-

269 757 357 797 scit.
421 755 603 810 Quippe,
635 757 829 811 ignorato
862 755 1060 797 facinoris
1098 759 1295 805 auctore,
1335 756 1524 798 famosus
1557 757 1719 799 cladem

268 828 411 855 rumor
436 819 673 870 exceperat.
718 814 850 856 Erant
872 818 1027 866 tamen,
1061 814 1130 870 qui
1162 828 1207 855 se
1238 819 1360 856 terna
1389 815 1486 856 uela
1507 815 1718 857 littoribus

203 885 236 911 ιο
265 872 528 928 appellencia
577 872 811 927 eademque
864 886 1029 913 rursum
1071 873 1112 913 in
1154 872 1334 914 Boream
1375 872 1581 914 abeuncia
1621 887 1718 915 con-

267 931 458 986 spexisse
497 935 730 973 narrarent.
791 930 899 971 Tum
939 929 1087 972 Ericus
1128 935 1320 984 portum,
1364 945 1388 971 a
1431 945 1514 986 quo
1558 931 1716 973 Frotho

266 1003 351 1030 non
377 989 506 1043 longe
539 989 851 1039 diuersabatur,
883 988 1072 1042 accessit,
1103 988 1331 1043 statimque
1355 993 1402 1030 ut
1424 1004 1446 1030 e
1470 990 1566 1030 naui
1592 989 1718 1031 uesti-

267 1047 383 1101 gium
416 1048 593 1100 extulit,
637 1045 855 1101 inopinato
889 1060 989 1087 casu
1032 1050 1276 1101 correptus,
1320 1046 1530 1087 ruibundo
1566 1052 1717 1089 terram

269 1118 449 1160 corpore
479 1105 645 1160 petiuit.
687 1104 766 1145 Ille
798 1103 875 1145 sibi
907 1105 949 1145 in
981 1105 1103 1159 lapsu
1133 1103 1319 1145 faustum
1351 1105 1560 1146 ominatus
1592 1119 1718 1147 euen-

201 1174 234 1202 15
266 1168 369 1216 tum,
401 1162 515 1204 tenui
547 1162 767 1218 principio
800 1162 994 1204 meliores
1026 1162 1314 1217 augurabatur
1335 1163 1474 1204 exitus
1496 1162 1716 1206 affuturos.

269 1220 396 1262 Cuius
429 1234 522 1262 cum
554 1220 670 1277 Grep
704 1225 963 1277 compertum
997 1220 1216 1261 habuisset
1246 1220 1496 1272 aduentum,
1539 1219 1721 1263 festinus*

266 1278 320 1320 ad
362 1293 478 1320 mare
521 1279 764 1326 contendit}
807 1290 930 1334 quem
976 1278 1124 1320 ceteris
1167 1277 1432 1320 diserciorem
1479 1286 1715 1334 acceperat,

267 1337 572 1391 exquisitorum
613 1337 843 1378 uerborum
892 1336 1085 1378 acumine
1118 1340 1370 1379 tentaturus,
1435 1336 1600 1393 Quippe
1632 1351 1715 1379 non

267 1400 352 1436 tam
399 1396 626 1450 prestantis
677 1408 802 1450 quam
833 1395 1023 1451 procacis
1055 1393 1272 1445 facundie,
1303 1394 1511 1450 peruicaci
1543 1400 1715 1436 cunctos

199 1464 235 1491 ‘20
266 1467 458 1494 sermone
486 1453 697 1495 uincebat.
739 1452 875 1507 Igitur
908 1466 932 1493 a
963 1452 1154 1494 conuicio
1186 1452 1367 1507 litigium
1399 1467 1531 1507 orsus⁷
1563 1453 1715 1495 talibus

267 1510 436 1553 Ericum
469 1510 589 1552 dictis
621 1511 879 1566 aggreditur.

681 1615 797 1671 Grep
810 1630 818 1657 :

267 1719 421 1773 Stulte,
453 1721 546 1776 quis
580 1721 658 1762 es?
692 1718 792 1776 quid
824 1719 949 1761 inane
970 1720 1106 1776 petis?
1138 1720 1215 1771 dic,
1247 1721 1362 1764 unde
1382 1721 1475 1770 iter,
1507 1726 1580 1763 aut
1602 1721 1712 1776 quo?

382 1782 473 1826 Quc
507 1779 607 1820 uia?
640 1778 753 1834 quod
787 1777 1004 1820 studium?
1037 1778 1129 1833 quis
1160 1780 1311 1833 pater?
1343 1779 1457 1822 unde
1489 1777 1656 1834 genus?

201 1836 237 1862 ‘2⁵
270 1837 503 1892 l'recipuus
538 1838 660 1891 uigor
685 1837 749 1890 iis,
781 1849 1014 1890 regumque
1046 1836 1304 1878 domesticus
1336 1843 1399 1879 est
1431 1838 1505 1890 lar,

383 1895 463 1943 Qui
496 1895 687 1950 proprias
719 1908 950 1949 numquam
983 1893 1208 1935 deseruere
1241 1894 1401 1937 domos.

266 1952 530 2008 Acceptatur
563 1953 675 1994 enim
705 1951 863 2008 pauci8‚
896 1951 1006 2006 quod
1039 1952 1244 2006 pessimus
1279 1952 1388 2006 edit;

384 2010 515 2052 Inuisi
548 2024 643 2052 raro
676 2009 790 2051 facta
822 2009 992 2065 placere
1025 2009 1175 2051 solent.

680 2112 829 2155 Ericus
842 2127 851 2154 ε

199 2206 235 2232 30
267 2206 416 2261 Regno
450 2206 573 2247 michi
604 2210 725 2260 pater
757 2210 831 2260 est,
865 2206 1034 2248 habitus
1066 2205 1264 2248 facundia
1295 2208 1453 2263 lingue,

385 2263 463 2305 Cui
495 2265 628 2305 solum
661 2265 795 2306 uirtus
826 2277 994 2319 semper
1024 2268 1166 2306 amata
1195 2264 1288 2308 fuit.

268 2322 428 2378 Optaui
460 2335 607 2378 sapere
640 2327 829 2373 tantum3
862 2322 1101 2363 discrimina
1131 2335 1294 2364 morum

381 2379 596 2431 Lustraui‚
627 2380 791 2420 uarium
822 2393 899 2435 per
929 2380 1025 2421 loca
1057 2383 1204 2421 nactus
1236 2381 1327 2423 iter.

267 2438 316 2479 In
347 2437 474 2479 rebus
506 2451 624 2478 mens
656 2437 785 2478 stulta
815 2436 986 2479 modum
1018 2436 1282 2492 deprendere
1314 2439 1459 2492 nescit,

198 2495 234 2522 3⁵
381 2494 534 2550 Turpis
566 2500 608 2536 et
640 2494 819 2538 affectus
850 2494 1130 2537 immoderata
1161 2495 1238 2537 sui.

266 2554 499 2595 Remorum
532 2553 682 2594 ductus
714 2553 907 2595 uelorum
940 2553 1124 2594 uincitur
1157 2566 1248 2595 usu.

381 2609 554 2665 Equora
584 2614 738 2652 uentus
770 2611 871 2665 agit,
901 2610 1063 2652 tristior
1092 2624 1196 2652 aura
1227 2610 1377 2653 solum.

1776 542 1802 566 p.
1824 534 1873 559 198

1783 1167 1856 1203 (74)

1761 1630 1837 1659 xm

1768 1893 1793 1916 p,
1817 1884 1866 1909 199
