1884 3126
268 881 301 908 10

266 1167 299 1194 15

262 1456 298 1482 20

260 1744 296 1770 25

259 2036 296 2064 30

259 2325 295 2352 35

340 227 423 269 450
875 248 923 254 ——
985 222 1124 265 XIIII
1188 245 1236 252 —-

339 357 450 398 uires
482 353 698 409 superiore
728 351 860 407 prelio
895 351 1172 403 contudisset,
1206 349 1400 391 omnibus
1433 363 1655 404 corporum
1685 364 1776 392 mu-

338 413 532 454 nimentis
564 410 675 465 apud
707 409 915 450 Lundiam
946 409 1123 462 relictis,
1156 408 1256 449 alias
1288 407 1476 449 locorum
1512 412 1554 449 et
1585 413 1700 449 metu
1734 411 1776 449 et

338 471 460 512 armis
495 482 653 509 uacuus
685 467 974 521 proficiscitur.
1037 466 1132 514 Quo
1165 470 1364 520 accepto,
1408 479 1507 518 rex,
1546 466 1773 507 contractis

337 527 522 581 undique
562 525 739 578 leuibus,
773 530 814 566 et
846 539 926 579 que
957 524 1043 565 fors
1077 523 1304 575 obtulerat,
1347 523 1549 577 nauigiis„
1583 528 1709 565 noctu
1752 538 1773 565 e

338 583 549 625 Sialandia
595 583 758 623 traiecit
790 583 1044 633 exercitum,
1087 581 1229 622 amicis
1262 594 1284 621 e
1316 580 1467 621 scania
1507 581 1774 635 nauigacioni

335 655 410 682 sue
441 641 616 681 ductum
640 640 803 680 ominus
827 640 1103 680 scintillarum
1126 638 1311 679 silicibus
1333 651 1604 680 excussarum
1637 639 1774 693 splen-

335 699 436 739 dore
476 697 762 752 prebentibus.
833 697 1099 738 Fortissimos
1143 700 1327 750 quatuor
1372 695 1577 738 Olauiane
1625 696 1774 737 milicie

334 757 448 796 uiros
481 756 595 796 domi
626 756 880 810 interceptos
913 755 1031 809 aquis
1072 753 1312 795 obruendos
1354 755 1531 796 curauit.
1599 754 1772 795 Adulte-

334 814 468 854 rinum
514 813 754 867 pontificem
798 827 821 852 a
864 814 955 853 ueri
996 811 1230 854 sacerdocii
1279 812 1548 852 sacramentis
1597 816 1772 854 exutum

332 870 557 925 suspendio
591 871 741 911 finiuit.
804 870 934 910 Arma
966 870 1117 910 deinde
1149 869 1344 918 hostium,
1376 873 1539 923 gratam
1571 870 1772 911 militibus

332 928 520 982 predam,
544 929 781 983 occupauit.
816 928 896 968 His
919 927 1099 982 denique
1123 940 1237 977 usus,
1261 926 1444 968 Olauum
1467 927 1580 982 apud
1604 927 1771 969 Glums-

332 992 427 1040 torp
467 986 604 1026 uicum
647 991 839 1026 conserto
884 986 1017 1039 prelio
1062 984 1291 1039 superauit.
1364 984 1447 1032 Qui
1486 985 1528 1025 in
1574 984 1771 1027 Gothiam

333 1043 600 1097 confugiens,
648 1043 878 1084 interiectis
930 1043 1100 1093 diebus,
1145 1055 1219 1097 per
1264 1041 1531 1095 Blekingiam
1584 1043 1772 1095 reuertit,

331 1102 516 1156 itemque
557 1101 612 1141 ab
651 1101 774 1142 Erico
821 1101 1018 1154 fugatus,
1066 1113 1159 1140 cum
1205 1099 1258 1140 ad
1301 1101 1513 1141 moncium
1556 1101 1770 1154 angustias

329 1159 612 1213 peruenisset,
661 1173 806 1199 eorum
850 1158 1035 1213 presidio
1081 1158 1214 1198 fretus
1260 1157 1455 1212 proxime
1500 1159 1769 1213 insequentes

331 1216 501 1258 deleuit.
563 1216 734 1257 Partem
767 1230 934 1271 quoque
969 1215 1180 1256 exercitus
1213 1215 1255 1256 in
1275 1213 1501 1269 <h>ostium
1533 1219 1653 1270 terga
1684 1221 1768 1258 tra-

329 1274 448 1324 iecit,
493 1287 640 1329 eaque>
672 1288 798 1314 manu
840 1286 971 1328 prope
1004 1273 1178 1313 modum
1207 1274 1212 1321 1
1239 1272 1487 1315 Lundenses
1521 1274 1766 1329 absumpsit.

331 1332 465 1386 Super
498 1332 573 1372 hec
605 1333 743 1372 omnia
774 1331 918 1386 fugam
942 1331 1135 1385 capessit.
1196 1329 1377 1383 Deinde,
1408 1331 1540 1373 ueluti
1570 1332 1695 1373 rebus
1726 1333 1767 1373 in

330 1389 482 1430 Scania
514 1403 659 1443 parum
701 1389 879 1430 feliciter
911 1388 1287 1443 proucnientibus,
1328 1389 1483 1429 bellum
1525 1389 1566 1430 in
1585 1385 1588 1388 ⁴
1609 1390 1768 1431 Sialan-

329 1446 440 1486 diam
470 1446 682 1500 transfert,
715 1446 927 1488 fortunam
958 1447 1051 1488 loco
1087 1450 1247 1487 mutare
1280 1446 1468 1501 cupiens.
1517 1446 1601 1487 Vbi
1633 1448 1685 1488 ab
1707 1449 1768 1489 in-

331 1504 455 1558 colis,
499 1504 692 1560 Rykonis
735 1504 905 1545 ductum
937 1504 1112 1555 secutis,
1151 1503 1265 1559 apud
1297 1503 1556 1558 Bythingam
1602 1519 1768 1547 amnem

329 1562 439 1603 bello
486 1564 647 1615 uictus,
694 1562 736 1602 in
782 1562 1054 1603 Hallandiam
1103 1562 1301 1602 excurrit.
1371 1562 1439 1602 Ex
1480 1576 1562 1617 qua
1601 1577 1767 1604 rursum

329 1619 581 1661 sialandiam
614 1624 789 1675 petens,
822 1634 916 1661 cuni
960 1634 1014 1660 ex
1045 1620 1282 1673 agrestibus
1323 1620 1555 1661 antistitem
1598 1622 1641 1661 in
1671 1622 1765 1663 uico

327 1677 526 1719 Ramlosa
558 1691 719 1718 moram
752 1677 909 1719 habere
931 1683 1220 1731 cognosceret,
1252 1682 1379 1719 noctu
1412 1678 1563 1719 tacitus
1594 1679 1634 1719 in
1668 1680 1766 1721 uici-

327 1736 396 1775 nia
427 1736 591 1777 mansit.
653 1736 719 1776 De
753 1736 870 1776 cuius
905 1735 1097 1776 cubiculo
1122 1736 1276 1777 cercior
1307 1749 1380 1790 per
1402 1736 1653 1777 matutinum
1678 1738 1766 1778 eius

328 1793 508 1834 officium
554 1793 709 1846 factus,
758 1794 865 1834 ostio
912 1793 1087 1834 militem
1132 1792 1278 1834 inuehi
1328 1793 1456 1835 iubet.
1530 1793 1596 1834 Ad
1650 1795 1765 1836 cuius

327 1851 555 1892 tuicionem
598 1855 894 1906 procurrentes
941 1851 1188 1892 cubicularii
1232 1851 1273 1891 in
1306 1850 1449 1893 limine
1490 1851 1764 1894 trucidantur.

328 1909 517 1951 Antistes
559 1908 671 1964 ipse,
713 1914 904 1950 extreme
938 1909 1198 1950 necessitatis
1239 1909 1436 1963 periculis
1470 1909 1690 1951 obsessum
1722 1926 1766 1953 se

329 1966 490 2020 uidens,
521 1968 724 2021 religione
756 1967 881 2008 saluti
912 1967 1163 2021 postposita,
1197 1967 1405 2008 ceruicem
1427 1972 1545 2009 scuto
1577 1969 1765 2022 subiecit,

328 2024 530 2079 adituque
574 2025 737 2065 hostem
779 2025 931 2079 insigni
962 2038 1105 2080 pugna
1135 2023 1361 2079 prohibuit,
1395 2025 1555 2066 clericis
1586 2026 1764 2079 interim,

329 2083 400 2136 qui
433 2087 475 2123 et
507 2083 780 2137 epistolarum
813 2083 900 2124 eius
924 2089 966 2124 et
989 2082 1103 2123 anuli
1125 2096 1267 2123 curam
1289 2082 1517 2134 habebant,
1541 2084 1763 2125 conuulsas

327 2154 436 2194 pene
474 2140 621 2181 ianuas
663 2140 836 2182 admoto
875 2140 1147 2195 puluinorum
1193 2138 1385 2181 cumuloss
1422 2141 1884 2195 reprimentibuscxx}

328 2197 465 2252 Igitur
497 2198 619 2240 edem
654 2197 836 2250 Olauus,
870 2199 967 2253 quia
997 2199 1124 2239 armis
1155 2211 1240 2238 non
1271 2201 1461 2252 poterat,
1493 2199 1670 2240 flammis
1702 2205 1763 2240 at-

327 2255 530 2297 tentabat.
582 2255 641 2296 At
672 2256 881 2310 pontifeX,
914 2270 1014 2297 ense
1046 2269 1173 2311 quam
1203 2255 1290 2310 igni
1313 2256 1501 2297 consumi
1532 2257 1761 2312 speciosius

327 2318 461 2366 ratus,
507 2313 755 2355 conserendi
802 2327 895 2354 cum
937 2313 1075 2355 Olauo
1122 2313 1326 2354 sermonis
1366 2327 1512 2366 pacem
1545 2314 1762 2369 efflagitat,

330 2370 594 2426 benignaque
618 2372 706 2413 eius
727 2371 1002 2426 promissione
1019 2372 1223 2423 firmatus,
1246 2375 1413 2412 exserto
1435 2371 1592 2413 foribus
1611 2373 1762 2428 capite,

329 2429 572 2471 trucidatur.
633 2429 766 2484 Igitur
798 2428 973 2481 Olauus,
1006 2429 1215 2471 ulcionem
1243 2428 1464 2484 parricidio
1498 2436 1761 2483 consecutus,

330 2485 480 2539 cupide
511 2487 554 2526 in
584 2487 698 2528 littus
732 2487 939 2540 decurrit,
982 2492 1113 2542 utque
1154 2487 1325 2540 nauigia
1361 2488 1514 2528 tacitus
1560 2488 1760 2542 deseruit,

330 2542 388 2582 ita
428 2544 616 2585 concitus
666 2545 817 2587 eadem
858 2544 1079 2600 repetiuit,
1121 2549 1219 2586 ante
1259 2545 1363 2599 fuga
1402 2551 1443 2586 et
1482 2546 1761 2600 nauigacione

261 2610 298 2639 40
328 2612 441 2653 usus,
465 2609 597 2656 ‘quam
629 2617 704 2644 rex
735 2603 938 2644 nuncium
969 2602 1091 2657 facti,
1136 2603 1205 2658 qui
1237 2606 1338 2644 tunc
1370 2601 1410 2642 in
1442 2603 1595 2644 uicinia
1623 2617 1760 2645 mora-
