<?xml version="1.0" encoding="UTF-8"?>
<!DOCTYPE html PUBLIC "-//W3C//DTD XHTML 1.0 Transitional//EN"
    "http://www.w3.org/TR/xhtml1/DTD/xhtml1-transitional.dtd">
<html xmlns="http://www.w3.org/1999/xhtml" xml:lang="en" lang="en">
 <head>
  <title>
</title>
<meta http-equiv="Content-Type" content="text/html;charset=utf-8" />
  <meta name='ocr-system' content='tesseract 3.04.00' />
  <meta name='ocr-capabilities' content='ocr_page ocr_carea ocr_par ocr_line ocrx_word'/>
</head>
<body>
  <div class='ocr_page' id='page_1' title='image "./saxonisgrammatic00saxouoft_0333.png"; bbox 0 0 1884 3126; ppageno 0'>
   <div class='ocr_carea' id='block_1_1' title="bbox 7 861 44 905">
    <p class='ocr_par' dir='ltr' id='par_1_1' title="bbox 7 861 44 905">
     <span class='ocr_line' id='line_1_1' title="bbox 7 861 44 905; baseline 0 0"><span class='ocrx_word' id='word_1_1' title='bbox 7 861 44 905; x_wconf 71' lang='lat'>1,0</span> 
     </span>
    </p>
   </div>
   <div class='ocr_carea' id='block_1_2' title="bbox 7 1150 44 1177">
    <p class='ocr_par' dir='ltr' id='par_1_2' title="bbox 7 1150 44 1177">
     <span class='ocr_line' id='line_1_2' title="bbox 7 1150 44 1177; baseline -0.027 0"><span class='ocrx_word' id='word_1_2' title='bbox 7 1150 44 1177; x_wconf 84' lang='lat'>15</span> 
     </span>
    </p>
   </div>
   <div class='ocr_carea' id='block_1_3' title="bbox 6 1437 43 1464">
    <p class='ocr_par' dir='ltr' id='par_1_3' title="bbox 6 1437 43 1464">
     <span class='ocr_line' id='line_1_3' title="bbox 6 1437 43 1464; baseline 0 0"><span class='ocrx_word' id='word_1_3' title='bbox 6 1437 43 1464; x_wconf 77' lang='lat'>‘20</span> 
     </span>
    </p>
   </div>
   <div class='ocr_carea' id='block_1_4' title="bbox 5 1725 42 1753">
    <p class='ocr_par' dir='ltr' id='par_1_4' title="bbox 5 1725 42 1753">
     <span class='ocr_line' id='line_1_4' title="bbox 5 1725 42 1753; baseline 0.027 -1"><span class='ocrx_word' id='word_1_4' title='bbox 5 1725 42 1753; x_wconf 83' lang='lat'>25</span> 
     </span>
    </p>
   </div>
   <div class='ocr_carea' id='block_1_5' title="bbox 5 2014 42 2042">
    <p class='ocr_par' dir='ltr' id='par_1_5' title="bbox 5 2014 42 2042">
     <span class='ocr_line' id='line_1_5' title="bbox 5 2014 42 2042; baseline 0 0"><span class='ocrx_word' id='word_1_5' title='bbox 5 2014 42 2042; x_wconf 88' lang='lat'>30</span> 
     </span>
    </p>
   </div>
   <div class='ocr_carea' id='block_1_6' title="bbox 3 2303 39 2330">
    <p class='ocr_par' dir='ltr' id='par_1_6' title="bbox 3 2303 39 2330">
     <span class='ocr_line' id='line_1_6' title="bbox 3 2303 39 2330; baseline 0 0"><span class='ocrx_word' id='word_1_6' title='bbox 3 2303 39 2330; x_wconf 82' lang='lat'>35</span> 
     </span>
    </p>
   </div>
   <div class='ocr_carea' id='block_1_7' title="bbox 3 2591 42 2620">
    <p class='ocr_par' dir='ltr' id='par_1_7' title="bbox 3 2591 42 2620">
     <span class='ocr_line' id='line_1_7' title="bbox 3 2591 42 2620; baseline 0.026 -1"><span class='ocrx_word' id='word_1_7' title='bbox 3 2591 42 2620; x_wconf 78' lang='lat'>40</span> 
     </span>
    </p>
   </div>
   <div class='ocr_carea' id='block_1_8' title="bbox 636 190 1518 241">
    <p class='ocr_par' dir='ltr' id='par_1_8' title="bbox 636 190 1518 241">
     <span class='ocr_line' id='line_1_8' title="bbox 636 190 1518 241; baseline 0.001 -8"><span class='ocrx_word' id='word_1_8' title='bbox 636 216 685 223; x_wconf 77' lang='lat'>-</span> <span class='ocrx_word' id='word_1_9' title='bbox 749 190 837 233; x_wconf 89' lang='lat' dir='ltr'>VII</span> <span class='ocrx_word' id='word_1_10' title='bbox 903 216 954 223; x_wconf 84' lang='lat'>—-</span> <span class='ocrx_word' id='word_1_11' title='bbox 1437 197 1518 241; x_wconf 85' lang='lat'>239</span> 
     </span>
    </p>
   </div>
   <div class='ocr_carea' id='block_1_9' title="bbox 71 318 1520 2635">
    <p class='ocr_par' dir='ltr' id='par_1_9' title="bbox 73 318 1520 1998">
     <span class='ocr_line' id='line_1_9' title="bbox 79 318 1520 381; baseline 0.006 -20"><span class='ocrx_word' id='word_1_12' title='bbox 79 318 264 373; x_wconf 86' lang='lat' dir='ltr'>territus,</span> <span class='ocrx_word' id='word_1_13' title='bbox 299 331 395 360; x_wconf 92' lang='lat' dir='ltr'>cum</span> <span class='ocrx_word' id='word_1_14' title='bbox 426 318 555 361; x_wconf 79' lang='lat' dir='ltr'>tercia</span> <span class='ocrx_word' id='word_1_15' title='bbox 585 319 764 373; x_wconf 86' lang='lat' dir='ltr'>agminis</span> <span class='ocrx_word' id='word_1_16' title='bbox 794 324 914 375; x_wconf 87' lang='lat' dir='ltr'>parte</span> <span class='ocrx_word' id='word_1_17' title='bbox 935 321 976 362; x_wconf 93' lang='lat' dir='ltr'>in</span> <span class='ocrx_word' id='word_1_18' title='bbox 999 320 1175 378; x_wconf 87' lang='lat' dir='ltr'>Herwig</span> <span class='ocrx_word' id='word_1_19' title='bbox 1195 323 1370 367; x_wconf 84' lang='lat' dir='ltr'>classem</span> <span class='ocrx_word' id='word_1_20' title='bbox 1400 339 1520 381; x_wconf 89' lang='lat' dir='ltr'>repe-</span> 
     </span>
     <span class='ocr_line' id='line_1_10' title="bbox 78 375 1517 438; baseline 0.004 -19"><span class='ocrx_word' id='word_1_21' title='bbox 78 382 183 425; x_wconf 82' lang='lat' dir='ltr'>tens,</span> <span class='ocrx_word' id='word_1_22' title='bbox 214 375 425 418; x_wconf 89' lang='lat' dir='ltr'>maritimo</span> <span class='ocrx_word' id='word_1_23' title='bbox 457 375 537 418; x_wconf 83' lang='lat' dir='ltr'>sibi</span> <span class='ocrx_word' id='word_1_24' title='bbox 568 375 755 418; x_wconf 81' lang='lat' dir='ltr'>discessu</span> <span class='ocrx_word' id='word_1_25' title='bbox 790 379 1015 420; x_wconf 87' lang='lat' dir='ltr'>consuluit.</span> <span class='ocrx_word' id='word_1_26' title='bbox 1059 379 1187 423; x_wconf 82' lang='lat' dir='ltr'>Cuius</span> <span class='ocrx_word' id='word_1_27' title='bbox 1211 382 1374 438; x_wconf 83' lang='lat' dir='ltr'>collega</span> <span class='ocrx_word' id='word_1_28' title='bbox 1395 383 1517 425; x_wconf 90' lang='lat' dir='ltr'>Haco</span> 
     </span>
     <span class='ocr_line' id='line_1_11' title="bbox 77 433 1518 496; baseline 0.004 -20"><span class='ocrx_word' id='word_1_29' title='bbox 77 435 332 490; x_wconf 83' lang='lat' dir='ltr'>cognomine</span> <span class='ocrx_word' id='word_1_30' title='bbox 353 433 604 485; x_wconf 84' lang='lat' dir='ltr'>Fastuosus,</span> <span class='ocrx_word' id='word_1_31' title='bbox 635 435 730 489; x_wconf 91' lang='lat' dir='ltr'>plus</span> <span class='ocrx_word' id='word_1_32' title='bbox 753 434 904 478; x_wconf 90' lang='lat' dir='ltr'>fiducie</span> <span class='ocrx_word' id='word_1_33' title='bbox 926 436 966 477; x_wconf 92' lang='lat' dir='ltr'>in</span> <span class='ocrx_word' id='word_1_34' title='bbox 989 439 1148 480; x_wconf 80' lang='lat' dir='ltr'>recenti</span> <span class='ocrx_word' id='word_1_35' title='bbox 1169 440 1359 495; x_wconf 91' lang='lat' dir='ltr'>uictoria,</span> <span class='ocrx_word' id='word_1_36' title='bbox 1391 455 1518 496; x_wconf 89' lang='lat' dir='ltr'>quam</span> 
     </span>
     <span class='ocr_line' id='line_1_12' title="bbox 77 490 1516 550; baseline 0.004 -16"><span class='ocrx_word' id='word_1_37' title='bbox 77 497 214 535; x_wconf 91' lang='lat' dir='ltr'>metus</span> <span class='ocrx_word' id='word_1_38' title='bbox 235 493 277 533; x_wconf 91' lang='lat' dir='ltr'>in</span> <span class='ocrx_word' id='word_1_39' title='bbox 295 490 484 534; x_wconf 90' lang='lat' dir='ltr'>Haconis</span> <span class='ocrx_word' id='word_1_40' title='bbox 506 492 704 534; x_wconf 83' lang='lat' dir='ltr'>absencia</span> <span class='ocrx_word' id='word_1_41' title='bbox 725 493 1015 547; x_wconf 88' lang='lat' dir='ltr'>reponendum</span> <span class='ocrx_word' id='word_1_42' title='bbox 1038 495 1293 550; x_wconf 81' lang='lat' dir='ltr'>existimans,</span> <span class='ocrx_word' id='word_1_43' title='bbox 1318 504 1516 541; x_wconf 87' lang='lat' dir='ltr'>mortem-</span> 
     </span>
     <span class='ocr_line' id='line_1_13' title="bbox 76 549 1514 612; baseline 0.006 -21"><span class='ocrx_word' id='word_1_44' title='bbox 76 565 157 606; x_wconf 86' lang='lat' dir='ltr'>que</span> <span class='ocrx_word' id='word_1_45' title='bbox 187 550 288 605; x_wconf 83' lang='lat' dir='ltr'>fuge</span> <span class='ocrx_word' id='word_1_46' title='bbox 319 549 550 606; x_wconf 81' lang='lat' dir='ltr'>preferens,</span> <span class='ocrx_word' id='word_1_47' title='bbox 583 549 799 591; x_wconf 88' lang='lat' dir='ltr'>residuum</span> <span class='ocrx_word' id='word_1_48' title='bbox 831 551 1048 593; x_wconf 87' lang='lat' dir='ltr'>tutabatur</span> <span class='ocrx_word' id='word_1_49' title='bbox 1079 555 1324 597; x_wconf 82' lang='lat' dir='ltr'>exercitum.</span> <span class='ocrx_word' id='word_1_50' title='bbox 1365 556 1514 612; x_wconf 87' lang='lat' dir='ltr'>Itaque</span> 
     </span>
     <span class='ocr_line' id='line_1_14' title="bbox 74 607 1516 665; baseline 0.003 -14"><span class='ocrx_word' id='word_1_51' title='bbox 74 608 260 651; x_wconf 87' lang='lat' dir='ltr'>reductis</span> <span class='ocrx_word' id='word_1_52' title='bbox 281 607 497 665; x_wconf 86' lang='lat' dir='ltr'>paulisper</span> <span class='ocrx_word' id='word_1_53' title='bbox 519 608 678 660; x_wconf 89' lang='lat' dir='ltr'>castris,</span> <span class='ocrx_word' id='word_1_54' title='bbox 709 608 822 663; x_wconf 85' lang='lat' dir='ltr'>apud</span> <span class='ocrx_word' id='word_1_55' title='bbox 855 609 999 651; x_wconf 90' lang='lat' dir='ltr'>uillam</span> <span class='ocrx_word' id='word_1_56' title='bbox 1019 609 1296 654; x_wconf 80' lang='lat' dir='ltr'>Axelstadam</span> <span class='ocrx_word' id='word_1_57' title='bbox 1318 615 1516 656; x_wconf 88' lang='lat' dir='ltr'>naualem</span> 
     </span>
     <span class='ocr_line' id='line_1_15' title="bbox 76 666 1515 721; baseline 0.004 -14"><span class='ocrx_word' id='word_1_58' title='bbox 76 666 224 708; x_wconf 82' lang='lat' dir='ltr'>diutile</span> <span class='ocrx_word' id='word_1_59' title='bbox 256 667 514 721; x_wconf 81' lang='lat' dir='ltr'>prestolatus</span> <span class='ocrx_word' id='word_1_60' title='bbox 547 678 783 716; x_wconf 82' lang='lat' dir='ltr'>occursum,</span> <span class='ocrx_word' id='word_1_61' title='bbox 816 667 1084 709; x_wconf 89' lang='lat' dir='ltr'>ueniencium</span> <span class='ocrx_word' id='word_1_62' title='bbox 1118 670 1275 711; x_wconf 87' lang='lat' dir='ltr'>tardius</span> <span class='ocrx_word' id='word_1_63' title='bbox 1307 672 1515 713; x_wconf 90' lang='lat' dir='ltr'>sociorum</span> 
     </span>
     <span class='ocr_line' id='line_1_16' title="bbox 76 722 1515 784; baseline 0.003 -18"><span class='ocrx_word' id='word_1_64' title='bbox 76 722 304 779; x_wconf 82' lang='lat' dir='ltr'>segniciem</span> <span class='ocrx_word' id='word_1_65' title='bbox 337 724 601 766; x_wconf 82' lang='lat' dir='ltr'>causabatur.</span> <span class='ocrx_word' id='word_1_66' title='bbox 645 723 845 765; x_wconf 81' lang='lat' dir='ltr'>Nondum</span> <span class='ocrx_word' id='word_1_67' title='bbox 869 725 979 767; x_wconf 88' lang='lat' dir='ltr'>enim</span> <span class='ocrx_word' id='word_1_68' title='bbox 1001 725 1055 766; x_wconf 88' lang='lat' dir='ltr'>ad</span> <span class='ocrx_word' id='word_1_69' title='bbox 1077 726 1327 769; x_wconf 87' lang='lat' dir='ltr'>destinatum</span> <span class='ocrx_word' id='word_1_70' title='bbox 1350 733 1515 784; x_wconf 88' lang='lat' dir='ltr'>portum</span> 
     </span>
     <span class='ocr_line' id='line_1_17' title="bbox 74 782 1514 840; baseline 0.003 -16"><span class='ocrx_word' id='word_1_71' title='bbox 74 782 260 824; x_wconf 87' lang='lat' dir='ltr'>immissa</span> <span class='ocrx_word' id='word_1_72' title='bbox 291 782 404 824; x_wconf 90' lang='lat' dir='ltr'>amni</span> <span class='ocrx_word' id='word_1_73' title='bbox 435 782 577 824; x_wconf 85' lang='lat' dir='ltr'>classis</span> <span class='ocrx_word' id='word_1_74' title='bbox 609 782 843 838; x_wconf 85' lang='lat' dir='ltr'>appulerat.</span> <span class='ocrx_word' id='word_1_75' title='bbox 886 782 1007 824; x_wconf 89' lang='lat' dir='ltr'>Adeo</span> <span class='ocrx_word' id='word_1_76' title='bbox 1040 789 1182 826; x_wconf 86' lang='lat' dir='ltr'>autem</span> <span class='ocrx_word' id='word_1_77' title='bbox 1210 784 1345 840; x_wconf 81' lang='lat' dir='ltr'>Sigari</span> <span class='ocrx_word' id='word_1_78' title='bbox 1376 787 1514 829; x_wconf 85' lang='lat' dir='ltr'>clades</span> 
     </span>
     <span class='ocr_line' id='line_1_18' title="bbox 74 839 1515 897; baseline 0.002 -15"><span class='ocrx_word' id='word_1_79' title='bbox 74 839 333 896; x_wconf 82' lang='lat' dir='ltr'>Syualdique</span> <span class='ocrx_word' id='word_1_80' title='bbox 356 839 510 882; x_wconf 87' lang='lat' dir='ltr'>caritas</span> <span class='ocrx_word' id='word_1_81' title='bbox 541 841 803 895; x_wconf 87' lang='lat' dir='ltr'>promiscuos</span> <span class='ocrx_word' id='word_1_82' title='bbox 835 840 969 895; x_wconf 89' lang='lat' dir='ltr'>plebis</span> <span class='ocrx_word' id='word_1_83' title='bbox 1000 842 1161 884; x_wconf 90' lang='lat' dir='ltr'>animos</span> <span class='ocrx_word' id='word_1_84' title='bbox 1192 843 1437 897; x_wconf 84' lang='lat' dir='ltr'>incitabant,</span> <span class='ocrx_word' id='word_1_85' title='bbox 1468 849 1515 886; x_wconf 93' lang='lat' dir='ltr'>ut</span> 
     </span>
     <span class='ocr_line' id='line_1_19' title="bbox 75 897 1514 954; baseline 0.003 -14"><span class='ocrx_word' id='word_1_86' title='bbox 75 903 257 953; x_wconf 90' lang='lat' dir='ltr'>uterque</span> <span class='ocrx_word' id='word_1_87' title='bbox 289 912 334 940; x_wconf 92' lang='lat' dir='ltr'>se</span> <span class='ocrx_word' id='word_1_88' title='bbox 366 898 476 940; x_wconf 90' lang='lat' dir='ltr'>bello</span> <span class='ocrx_word' id='word_1_89' title='bbox 508 912 638 940; x_wconf 82' lang='lat' dir='ltr'>sexus</span> <span class='ocrx_word' id='word_1_90' title='bbox 668 897 945 954; x_wconf 79' lang='lat' dir='ltr'>impenderet,</span> <span class='ocrx_word' id='word_1_91' title='bbox 976 912 1053 941; x_wconf 84' lang='lat' dir='ltr'>nec</span> <span class='ocrx_word' id='word_1_92' title='bbox 1085 904 1294 942; x_wconf 91' lang='lat' dir='ltr'>certamen</span> <span class='ocrx_word' id='word_1_93' title='bbox 1323 901 1514 945; x_wconf 84' lang='lat' dir='ltr'>crederes</span> 
     </span>
     <span class='ocr_line' id='line_1_20' title="bbox 75 955 1515 1013; baseline 0.003 -16"><span class='ocrx_word' id='word_1_94' title='bbox 75 956 265 998; x_wconf 84' lang='lat' dir='ltr'>femineis</span> <span class='ocrx_word' id='word_1_95' title='bbox 298 956 484 998; x_wconf 88' lang='lat' dir='ltr'>caruisse</span> <span class='ocrx_word' id='word_1_96' title='bbox 514 955 721 1011; x_wconf 86' lang='lat' dir='ltr'>presidiis.</span> <span class='ocrx_word' id='word_1_97' title='bbox 796 956 978 999; x_wconf 88' lang='lat' dir='ltr'>Postera</span> <span class='ocrx_word' id='word_1_98' title='bbox 1008 958 1101 998; x_wconf 89' lang='lat' dir='ltr'>luce</span> <span class='ocrx_word' id='word_1_99' title='bbox 1134 957 1254 999; x_wconf 89' lang='lat' dir='ltr'>Haco</span> <span class='ocrx_word' id='word_1_100' title='bbox 1288 959 1515 1013; x_wconf 80' lang='lat' dir='ltr'>Syualdus-</span> 
     </span>
     <span class='ocr_line' id='line_1_21' title="bbox 76 1013 1515 1071; baseline 0.002 -16"><span class='ocrx_word' id='word_1_101' title='bbox 76 1028 159 1069; x_wconf 92' lang='lat' dir='ltr'>que</span> <span class='ocrx_word' id='word_1_102' title='bbox 200 1014 437 1069; x_wconf 86' lang='lat' dir='ltr'>congressi,</span> <span class='ocrx_word' id='word_1_103' title='bbox 479 1013 654 1055; x_wconf 90' lang='lat' dir='ltr'>biduum</span> <span class='ocrx_word' id='word_1_104' title='bbox 698 1017 923 1056; x_wconf 79' lang='lat' dir='ltr'>extraxere</span> <span class='ocrx_word' id='word_1_105' title='bbox 965 1028 1119 1070; x_wconf 88' lang='lat' dir='ltr'>pugna.</span> <span class='ocrx_word' id='word_1_106' title='bbox 1179 1016 1229 1057; x_wconf 88' lang='lat' dir='ltr'>In</span> <span class='ocrx_word' id='word_1_107' title='bbox 1271 1030 1353 1071; x_wconf 88' lang='lat' dir='ltr'>qua</span> <span class='ocrx_word' id='word_1_108' title='bbox 1391 1017 1515 1058; x_wconf 86' lang='lat' dir='ltr'>rebus</span> 
     </span>
     <span class='ocr_line' id='line_1_22' title="bbox 76 1069 1516 1128; baseline 0.003 -16"><span class='ocrx_word' id='word_1_109' title='bbox 76 1069 347 1127; x_wconf 84' lang='lat' dir='ltr'>at1·ocis{sime</span> <span class='ocrx_word' id='word_1_110' title='bbox 380 1072 626 1126; x_wconf 86' lang='lat' dir='ltr'>decertatis,</span> <span class='ocrx_word' id='word_1_111' title='bbox 669 1076 848 1127; x_wconf 90' lang='lat' dir='ltr'>utroque</span> <span class='ocrx_word' id='word_1_112' title='bbox 880 1071 987 1113; x_wconf 88' lang='lat' dir='ltr'>duce</span> <span class='ocrx_word' id='word_1_113' title='bbox 1026 1077 1263 1128; x_wconf 89' lang='lat' dir='ltr'>prostrato,</span> <span class='ocrx_word' id='word_1_114' title='bbox 1303 1074 1516 1116; x_wconf 86' lang='lat' dir='ltr'>Danorum</span> 
     </span>
     <span class='ocr_line' id='line_1_23' title="bbox 77 1129 1516 1186; baseline 0.003 -15"><span class='ocrx_word' id='word_1_115' title='bbox 77 1130 275 1185; x_wconf 90' lang='lat' dir='ltr'>reliquias</span> <span class='ocrx_word' id='word_1_116' title='bbox 306 1129 484 1171; x_wconf 90' lang='lat' dir='ltr'>uictoria</span> <span class='ocrx_word' id='word_1_117' title='bbox 516 1130 747 1172; x_wconf 88' lang='lat' dir='ltr'>decorauit.</span> <span class='ocrx_word' id='word_1_118' title='bbox 808 1130 942 1172; x_wconf 86' lang='lat' dir='ltr'>Nocte</span> <span class='ocrx_word' id='word_1_119' title='bbox 985 1144 1087 1172; x_wconf 90' lang='lat' dir='ltr'>uero</span> <span class='ocrx_word' id='word_1_120' title='bbox 1119 1132 1297 1186; x_wconf 90' lang='lat' dir='ltr'>prelium</span> <span class='ocrx_word' id='word_1_121' title='bbox 1327 1132 1516 1175; x_wconf 84' lang='lat' dir='ltr'>insecuta</span> 
     </span>
     <span class='ocr_line' id='line_1_24' title="bbox 77 1187 1516 1243; baseline 0.001 -14"><span class='ocrx_word' id='word_1_122' title='bbox 77 1187 131 1229; x_wconf 89' lang='lat' dir='ltr'>ad</span> <span class='ocrx_word' id='word_1_123' title='bbox 172 1188 389 1230; x_wconf 88' lang='lat' dir='ltr'>constituti</span> <span class='ocrx_word' id='word_1_124' title='bbox 429 1193 578 1243; x_wconf 89' lang='lat' dir='ltr'>portus</span> <span class='ocrx_word' id='word_1_125' title='bbox 623 1189 940 1243; x_wconf 85' lang='lat' dir='ltr'>receptaculum</span> <span class='ocrx_word' id='word_1_126' title='bbox 987 1189 1129 1230; x_wconf 88' lang='lat' dir='ltr'>classis</span> <span class='ocrx_word' id='word_1_127' title='bbox 1170 1189 1322 1231; x_wconf 81' lang='lat' dir='ltr'>Susam</span> <span class='ocrx_word' id='word_1_128' title='bbox 1367 1191 1516 1232; x_wconf 86' lang='lat' dir='ltr'>rimata</span> 
     </span>
     <span class='ocr_line' id='line_1_25' title="bbox 74 1245 1516 1302; baseline 0.002 -16"><span class='ocrx_word' id='word_1_129' title='bbox 74 1247 281 1301; x_wconf 87' lang='lat' dir='ltr'>peruenit.</span> <span class='ocrx_word' id='word_1_130' title='bbox 336 1245 465 1288; x_wconf 83' lang='lat' dir='ltr'>Cuius</span> <span class='ocrx_word' id='word_1_131' title='bbox 499 1246 681 1301; x_wconf 86' lang='lat' dir='ltr'>alueum,</span> <span class='ocrx_word' id='word_1_132' title='bbox 714 1246 928 1301; x_wconf 90' lang='lat' dir='ltr'>quondam</span> <span class='ocrx_word' id='word_1_133' title='bbox 958 1246 1139 1301; x_wconf 85' lang='lat' dir='ltr'>remigiis</span> <span class='ocrx_word' id='word_1_134' title='bbox 1171 1247 1376 1302; x_wconf 87' lang='lat' dir='ltr'>peruium,</span> <span class='ocrx_word' id='word_1_135' title='bbox 1406 1262 1516 1289; x_wconf 89' lang='lat' dir='ltr'>nunc</span> 
     </span>
     <span class='ocr_line' id='line_1_26' title="bbox 74 1303 1516 1359; baseline 0.002 -15"><span class='ocrx_word' id='word_1_136' title='bbox 74 1303 344 1348; x_wconf 86' lang='lat' dir='ltr'>solidioribus</span> <span class='ocrx_word' id='word_1_137' title='bbox 376 1304 595 1345; x_wconf 87' lang='lat' dir='ltr'>elementis</span> <span class='ocrx_word' id='word_1_138' title='bbox 629 1308 872 1346; x_wconf 90' lang='lat' dir='ltr'>concretum</span> <span class='ocrx_word' id='word_1_139' title='bbox 903 1305 1095 1359; x_wconf 84' lang='lat' dir='ltr'>angustie</span> <span class='ocrx_word' id='word_1_140' title='bbox 1124 1305 1326 1358; x_wconf 91' lang='lat' dir='ltr'>limitant,</span> <span class='ocrx_word' id='word_1_141' title='bbox 1368 1309 1415 1346; x_wconf 89' lang='lat' dir='ltr'>ut</span> <span class='ocrx_word' id='word_1_142' title='bbox 1446 1321 1516 1348; x_wconf 89' lang='lat' dir='ltr'>ue-</span> 
     </span>
     <span class='ocr_line' id='line_1_27' title="bbox 73 1361 1515 1417; baseline 0.001 -15"><span class='ocrx_word' id='word_1_143' title='bbox 73 1365 190 1403; x_wconf 86' lang='lat' dir='ltr'>tante</span> <span class='ocrx_word' id='word_1_144' title='bbox 230 1362 545 1404; x_wconf 88' lang='lat' dir='ltr'>constriccionis</span> <span class='ocrx_word' id='word_1_145' title='bbox 586 1361 746 1404; x_wconf 87' lang='lat' dir='ltr'>inercia</span> <span class='ocrx_word' id='word_1_146' title='bbox 786 1376 903 1403; x_wconf 89' lang='lat' dir='ltr'>rarus</span> <span class='ocrx_word' id='word_1_147' title='bbox 946 1362 1150 1417; x_wconf 84' lang='lat' dir='ltr'>puppium</span> <span class='ocrx_word' id='word_1_148' title='bbox 1182 1362 1426 1404; x_wconf 85' lang='lat' dir='ltr'>admittatur</span> <span class='ocrx_word' id='word_1_149' title='bbox 1455 1364 1515 1404; x_wconf 91' lang='lat' dir='ltr'>in-</span> 
     </span>
     <span class='ocr_line' id='line_1_28' title="bbox 74 1420 1513 1476; baseline 0.001 -16"><span class='ocrx_word' id='word_1_150' title='bbox 74 1434 259 1474; x_wconf 61' lang='lat' dir='ltr'>gressus„</span> <span class='ocrx_word' id='word_1_151' title='bbox 320 1420 521 1473; x_wconf 90' lang='lat' dir='ltr'>Diluculo</span> <span class='ocrx_word' id='word_1_152' title='bbox 567 1424 717 1473; x_wconf 88' lang='lat' dir='ltr'>naute,</span> <span class='ocrx_word' id='word_1_153' title='bbox 764 1420 976 1461; x_wconf 89' lang='lat' dir='ltr'>sociorum</span> <span class='ocrx_word' id='word_1_154' title='bbox 1023 1420 1230 1462; x_wconf 88' lang='lat' dir='ltr'>cadauera</span> <span class='ocrx_word' id='word_1_155' title='bbox 1272 1421 1513 1476; x_wconf 85' lang='lat' dir='ltr'>conspicati,</span> 
     </span>
     <span class='ocr_line' id='line_1_29' title="bbox 75 1477 1513 1533; baseline 0.001 -15"><span class='ocrx_word' id='word_1_156' title='bbox 75 1477 300 1519; x_wconf 87' lang='lat' dir='ltr'>funerandi</span> <span class='ocrx_word' id='word_1_157' title='bbox 340 1478 457 1520; x_wconf 88' lang='lat' dir='ltr'>ducis</span> <span class='ocrx_word' id='word_1_158' title='bbox 498 1478 662 1533; x_wconf 89' lang='lat' dir='ltr'>gracia,</span> <span class='ocrx_word' id='word_1_159' title='bbox 708 1479 860 1520; x_wconf 90' lang='lat' dir='ltr'>collem</span> <span class='ocrx_word' id='word_1_160' title='bbox 892 1481 1080 1533; x_wconf 87' lang='lat' dir='ltr'>spectate</span> <span class='ocrx_word' id='word_1_161' title='bbox 1113 1478 1409 1532; x_wconf 86' lang='lat' dir='ltr'>magnitudinis</span> <span class='ocrx_word' id='word_1_162' title='bbox 1442 1494 1513 1521; x_wconf 79' lang='lat' dir='ltr'>ex-</span> 
     </span>
     <span class='ocr_line' id='line_1_30' title="bbox 75 1535 1513 1592; baseline 0.001 -16"><span class='ocrx_word' id='word_1_163' title='bbox 75 1540 236 1590; x_wconf 91' lang='lat' dir='ltr'>truunt,</span> <span class='ocrx_word' id='word_1_164' title='bbox 260 1550 385 1592; x_wconf 90' lang='lat' dir='ltr'>quem</span> <span class='ocrx_word' id='word_1_165' title='bbox 406 1551 543 1592; x_wconf 89' lang='lat' dir='ltr'>usque</span> <span class='ocrx_word' id='word_1_166' title='bbox 565 1551 675 1578; x_wconf 91' lang='lat' dir='ltr'>nunc</span> <span class='ocrx_word' id='word_1_167' title='bbox 699 1536 895 1591; x_wconf 90' lang='lat' dir='ltr'>opinione</span> <span class='ocrx_word' id='word_1_168' title='bbox 918 1535 1125 1577; x_wconf 85' lang='lat' dir='ltr'>celebrem</span> <span class='ocrx_word' id='word_1_169' title='bbox 1142 1535 1326 1577; x_wconf 90' lang='lat' dir='ltr'>Haconis</span> <span class='ocrx_word' id='word_1_170' title='bbox 1344 1535 1513 1577; x_wconf 88' lang='lat' dir='ltr'>bustum</span> 
     </span>
     <span class='ocr_line' id='line_1_31' title="bbox 75 1593 1512 1649; baseline 0 -15"><span class='ocrx_word' id='word_1_171' title='bbox 75 1593 189 1634; x_wconf 86' lang='lat' dir='ltr'>fama</span> <span class='ocrx_word' id='word_1_172' title='bbox 229 1594 538 1649; x_wconf 51' lang='lat' dir='ltr'>coquominat„</span> <span class='ocrx_word' id='word_1_173' title='bbox 575 1594 767 1643; x_wconf 87' lang='lat' dir='ltr'>Quorum</span> <span class='ocrx_word' id='word_1_174' title='bbox 803 1593 1114 1635; x_wconf 87' lang='lat' dir='ltr'>multitudinem</span> <span class='ocrx_word' id='word_1_175' title='bbox 1145 1593 1378 1647; x_wconf 88' lang='lat' dir='ltr'>Borcarus,</span> <span class='ocrx_word' id='word_1_176' title='bbox 1419 1608 1512 1634; x_wconf 91' lang='lat' dir='ltr'>cum</span> 
     </span>
     <span class='ocr_line' id='line_1_32' title="bbox 76 1650 1513 1708; baseline -0.001 -15"><span class='ocrx_word' id='word_1_177' title='bbox 76 1651 252 1694; x_wconf 81' lang='lat' dir='ltr'>Scanico</span> <span class='ocrx_word' id='word_1_178' title='bbox 286 1659 462 1707; x_wconf 85' lang='lat' dir='ltr'>repente</span> <span class='ocrx_word' id='word_1_179' title='bbox 496 1653 688 1708; x_wconf 86' lang='lat' dir='ltr'>equitatu</span> <span class='ocrx_word' id='word_1_180' title='bbox 721 1652 961 1702; x_wconf 82' lang='lat' dir='ltr'>adueniens,</span> <span class='ocrx_word' id='word_1_181' title='bbox 994 1651 1084 1692; x_wconf 90' lang='lat' dir='ltr'>neci</span> <span class='ocrx_word' id='word_1_182' title='bbox 1114 1651 1330 1707; x_wconf 88' lang='lat' dir='ltr'>implicuit.</span> <span class='ocrx_word' id='word_1_183' title='bbox 1405 1650 1513 1692; x_wconf 82' lang='lat' dir='ltr'>Con-</span> 
     </span>
     <span class='ocr_line' id='line_1_33' title="bbox 75 1708 1512 1765; baseline -0.001 -14"><span class='ocrx_word' id='word_1_184' title='bbox 75 1714 243 1765; x_wconf 89' lang='lat' dir='ltr'>sumpto</span> <span class='ocrx_word' id='word_1_185' title='bbox 290 1709 433 1764; x_wconf 88' lang='lat' dir='ltr'>hoste,</span> <span class='ocrx_word' id='word_1_186' title='bbox 468 1724 623 1752; x_wconf 83' lang='lat' dir='ltr'>uacuas</span> <span class='ocrx_word' id='word_1_187' title='bbox 666 1710 843 1765; x_wconf 89' lang='lat' dir='ltr'>remigio</span> <span class='ocrx_word' id='word_1_188' title='bbox 885 1712 995 1750; x_wconf 85' lang='lat' dir='ltr'>rates</span> <span class='ocrx_word' id='word_1_189' title='bbox 1034 1709 1260 1760; x_wconf 86' lang='lat' dir='ltr'>instruens,</span> <span class='ocrx_word' id='word_1_190' title='bbox 1298 1708 1512 1750; x_wconf 85' lang='lat' dir='ltr'>Hamuudi</span> 
     </span>
     <span class='ocr_line' id='line_1_34' title="bbox 74 1766 1512 1824; baseline -0.001 -16"><span class='ocrx_word' id='word_1_191' title='bbox 74 1767 205 1809; x_wconf 90' lang='lat' dir='ltr'>filium</span> <span class='ocrx_word' id='word_1_192' title='bbox 249 1768 401 1810; x_wconf 88' lang='lat' dir='ltr'>anhela</span> <span class='ocrx_word' id='word_1_193' title='bbox 443 1782 624 1824; x_wconf 89' lang='lat' dir='ltr'>preceps</span> <span class='ocrx_word' id='word_1_194' title='bbox 669 1769 886 1810; x_wconf 85' lang='lat' dir='ltr'>celeritate</span> <span class='ocrx_word' id='word_1_195' title='bbox 917 1767 1195 1823; x_wconf 87' lang='lat' dir='ltr'>persequitur.</span> <span class='ocrx_word' id='word_1_196' title='bbox 1256 1766 1382 1808; x_wconf 81' lang='lat' dir='ltr'>Cuius</span> <span class='ocrx_word' id='word_1_197' title='bbox 1415 1780 1512 1807; x_wconf 90' lang='lat' dir='ltr'>con-</span> 
     </span>
     <span class='ocr_line' id='line_1_35' title="bbox 74 1824 1510 1881; baseline -0.001 -14"><span class='ocrx_word' id='word_1_198' title='bbox 74 1840 222 1881; x_wconf 87' lang='lat' dir='ltr'>gressu</span> <span class='ocrx_word' id='word_1_199' title='bbox 255 1826 424 1879; x_wconf 77' lang='lat' dir='ltr'>habito,</span> <span class='ocrx_word' id='word_1_200' title='bbox 468 1827 646 1881; x_wconf 88' lang='lat' dir='ltr'>contigit</span> <span class='ocrx_word' id='word_1_201' title='bbox 677 1826 920 1879; x_wconf 88' lang='lat' dir='ltr'>Haconem,</span> <span class='ocrx_word' id='word_1_202' title='bbox 968 1825 1094 1866; x_wconf 89' lang='lat' dir='ltr'>rebus</span> <span class='ocrx_word' id='word_1_203' title='bbox 1125 1824 1343 1866; x_wconf 90' lang='lat' dir='ltr'>infeliciter</span> <span class='ocrx_word' id='word_1_204' title='bbox 1372 1825 1510 1879; x_wconf 84' lang='lat' dir='ltr'>gestis,</span> 
     </span>
     <span class='ocr_line' id='line_1_36' title="bbox 74 1882 1511 1940; baseline -0.002 -15"><span class='ocrx_word' id='word_1_205' title='bbox 74 1887 190 1926; x_wconf 89' lang='lat' dir='ltr'>metu</span> <span class='ocrx_word' id='word_1_206' title='bbox 235 1884 482 1940; x_wconf 88' lang='lat' dir='ltr'>precipitem</span> <span class='ocrx_word' id='word_1_207' title='bbox 526 1885 570 1926; x_wconf 89' lang='lat' dir='ltr'>in</span> <span class='ocrx_word' id='word_1_208' title='bbox 617 1884 890 1926; x_wconf 82' lang='lat' dir='ltr'>Scotthorum</span> <span class='ocrx_word' id='word_1_209' title='bbox 940 1883 1116 1938; x_wconf 84' lang='lat' dir='ltr'>patriam</span> <span class='ocrx_word' id='word_1_210' title='bbox 1167 1883 1296 1925; x_wconf 91' lang='lat' dir='ltr'>ternis</span> <span class='ocrx_word' id='word_1_211' title='bbox 1342 1882 1511 1923; x_wconf 86' lang='lat' dir='ltr'>euolare</span> 
     </span>
     <span class='ocr_line' id='line_1_37' title="bbox 73 1941 1113 1998; baseline -0.002 -15"><span class='ocrx_word' id='word_1_212' title='bbox 73 1942 268 1998; x_wconf 88' lang='lat' dir='ltr'>nauigiis.</span> <span class='ocrx_word' id='word_1_213' title='bbox 327 1941 412 1984; x_wconf 89' lang='lat' dir='ltr'>Vbi</span> <span class='ocrx_word' id='word_1_214' title='bbox 444 1943 623 1985; x_wconf 89' lang='lat' dir='ltr'>decurso</span> <span class='ocrx_word' id='word_1_215' title='bbox 655 1943 828 1984; x_wconf 90' lang='lat' dir='ltr'>biennio</span> <span class='ocrx_word' id='word_1_216' title='bbox 860 1941 1113 1995; x_wconf 85' lang='lat' dir='ltr'>defungitur.</span> 
     </span>
    </p>

    <p class='ocr_par' dir='ltr' id='par_1_10' title="bbox 71 1997 1509 2635">
     <span class='ocr_line' id='line_1_38' title="bbox 211 1997 1509 2055; baseline -0.003 -13"><span class='ocrx_word' id='word_1_217' title='bbox 211 1999 330 2042; x_wconf 88' lang='lat' dir='ltr'>Talia</span> <span class='ocrx_word' id='word_1_218' title='bbox 359 2014 500 2043; x_wconf 88' lang='lat' dir='ltr'>rerum</span> <span class='ocrx_word' id='word_1_219' title='bbox 523 2001 817 2055; x_wconf 86' lang='lat' dir='ltr'>bellorumque</span> <span class='ocrx_word' id='word_1_220' title='bbox 840 1999 1074 2040; x_wconf 86' lang='lat' dir='ltr'>discrimina</span> <span class='ocrx_word' id='word_1_221' title='bbox 1095 1997 1199 2040; x_wconf 91' lang='lat' dir='ltr'>adeo</span> <span class='ocrx_word' id='word_1_222' title='bbox 1221 1997 1377 2052; x_wconf 85' lang='lat' dir='ltr'>regiam</span> <span class='ocrx_word' id='word_1_223' title='bbox 1399 1997 1509 2052; x_wconf 86' lang='lat' dir='ltr'>apud</span> 
     </span>
     <span class='ocr_line' id='line_1_39' title="bbox 75 2055 1508 2113; baseline -0.003 -14"><span class='ocrx_word' id='word_1_224' title='bbox 75 2057 223 2101; x_wconf 90' lang='lat' dir='ltr'>Danos</span> <span class='ocrx_word' id='word_1_225' title='bbox 254 2062 424 2113; x_wconf 87' lang='lat' dir='ltr'>gentem</span> <span class='ocrx_word' id='word_1_226' title='bbox 466 2057 774 2111; x_wconf 84' lang='lat' dir='ltr'>exhauserant,</span> <span class='ocrx_word' id='word_1_227' title='bbox 815 2063 862 2099; x_wconf 93' lang='lat' dir='ltr'>ut</span> <span class='ocrx_word' id='word_1_228' title='bbox 894 2057 1000 2098; x_wconf 86' lang='lat' dir='ltr'>hanc</span> <span class='ocrx_word' id='word_1_229' title='bbox 1031 2056 1084 2097; x_wconf 91' lang='lat' dir='ltr'>ad</span> <span class='ocrx_word' id='word_1_230' title='bbox 1116 2057 1247 2097; x_wconf 91' lang='lat' dir='ltr'>solam</span> <span class='ocrx_word' id='word_1_231' title='bbox 1278 2055 1508 2107; x_wconf 83' lang='lat' dir='ltr'>G-uritham,</span> 
     </span>
     <span class='ocr_line' id='line_1_40' title="bbox 75 2114 1509 2171; baseline -0.002 -15"><span class='ocrx_word' id='word_1_232' title='bbox 75 2116 160 2157; x_wconf 93' lang='lat' dir='ltr'>Alfi</span> <span class='ocrx_word' id='word_1_233' title='bbox 190 2116 341 2170; x_wconf 87' lang='lat' dir='ltr'>filiam,</span> <span class='ocrx_word' id='word_1_234' title='bbox 383 2116 521 2171; x_wconf 85' lang='lat' dir='ltr'>Sigari</span> <span class='ocrx_word' id='word_1_235' title='bbox 552 2130 653 2157; x_wconf 88' lang='lat' dir='ltr'>uero</span> <span class='ocrx_word' id='word_1_236' title='bbox 687 2120 878 2171; x_wconf 90' lang='lat' dir='ltr'>neptem,</span> <span class='ocrx_word' id='word_1_237' title='bbox 920 2114 1133 2156; x_wconf 88' lang='lat' dir='ltr'>redactam</span> <span class='ocrx_word' id='word_1_238' title='bbox 1166 2127 1257 2155; x_wconf 88' lang='lat' dir='ltr'>esse</span> <span class='ocrx_word' id='word_1_239' title='bbox 1287 2117 1509 2154; x_wconf 85' lang='lat' dir='ltr'>constaret.</span> 
     </span>
     <span class='ocr_line' id='line_1_41' title="bbox 75 2170 1509 2228; baseline -0.003 -12"><span class='ocrx_word' id='word_1_240' title='bbox 75 2174 157 2222; x_wconf 80' lang='lat' dir='ltr'>Qui</span> <span class='ocrx_word' id='word_1_241' title='bbox 179 2188 272 2216; x_wconf 90' lang='lat' dir='ltr'>cum</span> <span class='ocrx_word' id='word_1_242' title='bbox 295 2189 340 2216; x_wconf 90' lang='lat' dir='ltr'>se</span> <span class='ocrx_word' id='word_1_243' title='bbox 365 2178 565 2216; x_wconf 82' lang='lat' dir='ltr'>consuete</span> <span class='ocrx_word' id='word_1_244' title='bbox 586 2174 818 2215; x_wconf 87' lang='lat' dir='ltr'>nobilitatis</span> <span class='ocrx_word' id='word_1_245' title='bbox 850 2173 1052 2228; x_wconf 87' lang='lat' dir='ltr'>regimine</span> <span class='ocrx_word' id='word_1_246' title='bbox 1084 2170 1271 2213; x_wconf 86' lang='lat' dir='ltr'>defectos</span> <span class='ocrx_word' id='word_1_247' title='bbox 1303 2171 1509 2222; x_wconf 87' lang='lat' dir='ltr'>uiderent,</span> 
     </span>
     <span class='ocr_line' id='line_1_42' title="bbox 74 2227 1509 2288; baseline -0.003 -16"><span class='ocrx_word' id='word_1_248' title='bbox 74 2245 250 2287; x_wconf 84' lang='lat' dir='ltr'>regnum</span> <span class='ocrx_word' id='word_1_249' title='bbox 282 2232 559 2288; x_wconf 90' lang='lat' dir='ltr'>popularibus</span> <span class='ocrx_word' id='word_1_250' title='bbox 591 2232 781 2284; x_wconf 87' lang='lat' dir='ltr'>tradunt,</span> <span class='ocrx_word' id='word_1_251' title='bbox 815 2231 1050 2285; x_wconf 86' lang='lat' dir='ltr'>creatisque</span> <span class='ocrx_word' id='word_1_252' title='bbox 1082 2243 1136 2270; x_wconf 81' lang='lat' dir='ltr'>ex</span> <span class='ocrx_word' id='word_1_253' title='bbox 1166 2228 1287 2284; x_wconf 91' lang='lat' dir='ltr'>plebe</span> <span class='ocrx_word' id='word_1_254' title='bbox 1317 2227 1509 2283; x_wconf 87' lang='lat' dir='ltr'>principi-</span> 
     </span>
     <span class='ocr_line' id='line_1_43' title="bbox 71 2286 1507 2344; baseline -0.003 -14"><span class='ocrx_word' id='word_1_255' title='bbox 71 2289 164 2344; x_wconf 92' lang='lat' dir='ltr'>bus,</span> <span class='ocrx_word' id='word_1_256' title='bbox 199 2289 395 2332; x_wconf 87' lang='lat' dir='ltr'>Ostmaro</span> <span class='ocrx_word' id='word_1_257' title='bbox 429 2290 600 2343; x_wconf 80' lang='lat' dir='ltr'>Scanie,</span> <span class='ocrx_word' id='word_1_258' title='bbox 644 2289 879 2343; x_wconf 84' lang='lat' dir='ltr'>Hundingo</span> <span class='ocrx_word' id='word_1_259' title='bbox 914 2286 1125 2329; x_wconf 80' lang='lat' dir='ltr'>Sialandie</span> <span class='ocrx_word' id='word_1_260' title='bbox 1164 2286 1507 2342; x_wconf 88' lang='lat' dir='ltr'>procuracionem</span> 
     </span>
     <span class='ocr_line' id='line_1_44' title="bbox 73 2344 1506 2402; baseline -0.003 -15"><span class='ocrx_word' id='word_1_261' title='bbox 73 2347 327 2402; x_wconf 76' lang='lat' dir='ltr'>attribuunt,</span> <span class='ocrx_word' id='word_1_262' title='bbox 359 2349 401 2390; x_wconf 91' lang='lat' dir='ltr'>in</span> <span class='ocrx_word' id='word_1_263' title='bbox 424 2347 650 2390; x_wconf 88' lang='lat' dir='ltr'>Hauonem</span> <span class='ocrx_word' id='word_1_264' title='bbox 671 2348 819 2389; x_wconf 84' lang='lat' dir='ltr'>Fionie</span> <span class='ocrx_word' id='word_1_265' title='bbox 842 2346 1073 2388; x_wconf 89' lang='lat' dir='ltr'>dominium</span> <span class='ocrx_word' id='word_1_266' title='bbox 1106 2344 1347 2397; x_wconf 80' lang='lat' dir='ltr'>conferunt3</span> <span class='ocrx_word' id='word_1_267' title='bbox 1378 2356 1506 2397; x_wconf 89' lang='lat' dir='ltr'>penes</span> 
     </span>
     <span class='ocr_line' id='line_1_45' title="bbox 72 2402 1505 2462; baseline -0.004 -16"><span class='ocrx_word' id='word_1_268' title='bbox 72 2405 273 2447; x_wconf 88' lang='lat' dir='ltr'>Roricum</span> <span class='ocrx_word' id='word_1_269' title='bbox 300 2411 426 2462; x_wconf 91' lang='lat' dir='ltr'>atque</span> <span class='ocrx_word' id='word_1_270' title='bbox 451 2406 657 2447; x_wconf 87' lang='lat' dir='ltr'>Haterum</span> <span class='ocrx_word' id='word_1_271' title='bbox 681 2405 792 2447; x_wconf 91' lang='lat' dir='ltr'>Iutie</span> <span class='ocrx_word' id='word_1_272' title='bbox 819 2405 823 2456; x_wconf 82' lang='grc' dir='ltr'>Ι</span> <span class='ocrx_word' id='word_1_273' title='bbox 853 2417 1056 2445; x_wconf 85' lang='lat' dir='ltr'>summam</span> <span class='ocrx_word' id='word_1_274' title='bbox 1089 2402 1267 2443; x_wconf 85' lang='lat' dir='ltr'>discreta</span> <span class='ocrx_word' id='word_1_275' title='bbox 1298 2404 1505 2456; x_wconf 81' lang='lat' dir='ltr'>potestate</span> 
     </span>
     <span class='ocr_line' id='line_1_46' title="bbox 73 2459 1505 2518; baseline -0.004 -14"><span class='ocrx_word' id='word_1_276' title='bbox 73 2464 346 2507; x_wconf 88' lang='lat' dir='ltr'>constituunt.</span> <span class='ocrx_word' id='word_1_277' title='bbox 394 2464 540 2513; x_wconf 78' lang='lat' dir='ltr'>Quare</span> <span class='ocrx_word' id='word_1_278' title='bbox 570 2478 621 2505; x_wconf 91' lang='lat' dir='ltr'>ne</span> <span class='ocrx_word' id='word_1_279' title='bbox 652 2464 797 2516; x_wconf 87' lang='lat' dir='ltr'>lateat,</span> <span class='ocrx_word' id='word_1_280' title='bbox 832 2477 914 2518; x_wconf 89' lang='lat' dir='ltr'>quo</span> <span class='ocrx_word' id='word_1_281' title='bbox 947 2475 1094 2516; x_wconf 83' lang='lat' dir='ltr'>regum</span> <span class='ocrx_word' id='word_1_282' title='bbox 1124 2459 1347 2514; x_wconf 86' lang='lat' dir='ltr'>posteritas</span> <span class='ocrx_word' id='word_1_283' title='bbox 1369 2462 1505 2499; x_wconf 86' lang='lat' dir='ltr'>satore</span> 
     </span>
     <span class='ocr_line' id='line_1_47' title="bbox 72 2517 1505 2577; baseline -0.006 -15"><span class='ocrx_word' id='word_1_284' title='bbox 72 2523 350 2576; x_wconf 87' lang='lat' dir='ltr'>succreuerit,</span> <span class='ocrx_word' id='word_1_285' title='bbox 393 2525 620 2564; x_wconf 88' lang='lat' dir='ltr'>occurrunt</span> <span class='ocrx_word' id='word_1_286' title='bbox 660 2520 839 2577; x_wconf 88' lang='lat' dir='ltr'>quedam</span> <span class='ocrx_word' id='word_1_287' title='bbox 886 2520 1122 2563; x_wconf 89' lang='lat' dir='ltr'>necessario</span> <span class='ocrx_word' id='word_1_288' title='bbox 1165 2517 1376 2572; x_wconf 90' lang='lat' dir='ltr'>paulisper</span> <span class='ocrx_word' id='word_1_289' title='bbox 1413 2528 1505 2570; x_wconf 90' lang='lat' dir='ltr'>pcr-</span> 
     </span>
     <span class='ocr_line' id='line_1_48' title="bbox 72 2572 1505 2635; baseline -0.004 -16"><span class='ocrx_word' id='word_1_290' title='bbox 72 2579 317 2635; x_wconf 85' lang='lat' dir='ltr'>stringenda</span> <span class='ocrx_word' id='word_1_291' title='bbox 357 2579 563 2635; x_wconf 85' lang='lat' dir='ltr'>digressu.</span> <span class='ocrx_word' id='word_1_292' title='bbox 626 2579 787 2621; x_wconf 85' lang='lat' dir='ltr'>Ferunt</span> <span class='ocrx_word' id='word_1_293' title='bbox 826 2577 1096 2619; x_wconf 90' lang='lat' dir='ltr'>fortissimum</span> <span class='ocrx_word' id='word_1_294' title='bbox 1128 2575 1359 2616; x_wconf 74' lang='lat' dir='ltr'>Suetonum</span> <span class='ocrx_word' id='word_1_295' title='bbox 1390 2572 1505 2614; x_wconf 82' lang='lat' dir='ltr'>Gun-</span> 
     </span>
    </p>
   </div>
   <div class='ocr_carea' id='block_1_10' title="bbox 1571 1087 1669 1119">
    <p class='ocr_par' dir='ltr' id='par_1_11' title="bbox 1571 1087 1669 1119">
     <span class='ocr_line' id='line_1_49' title="bbox 1571 1087 1669 1119; baseline 0.01 -7"><span class='ocrx_word' id='word_1_296' title='bbox 1571 1095 1598 1119; x_wconf 85' lang='lat' dir='ltr'>p.</span> <span class='ocrx_word' id='word_1_297' title='bbox 1620 1087 1669 1114; x_wconf 72' lang='grc' dir='ltr'>3ῇο</span> 
     </span>
    </p>
   </div>
   <div class='ocr_carea' id='block_1_11' title="bbox 1559 2419 1659 2453">
    <p class='ocr_par' dir='ltr' id='par_1_12' title="bbox 1559 2419 1659 2453">
     <span class='ocr_line' id='line_1_50' title="bbox 1559 2419 1659 2453; baseline -0.02 -6"><span class='ocrx_word' id='word_1_298' title='bbox 1559 2428 1587 2453; x_wconf 77' lang='grc' dir='ltr'>ρ.</span> <span class='ocrx_word' id='word_1_299' title='bbox 1611 2419 1659 2446; x_wconf 74' lang='grc'>351</span> 
     </span>
    </p>
   </div>
  </div>
 </body>
</html>
