1884 3126
251 882 285 910 10

249 1169 283 1197 15

245 1457 283 1484 20

247 1745 284 1772 25

248 2033 285 2061 30

249 2319 286 2347 35

250 2621 286 2649 40

314 233 397 273 438
863 247 916 253 ——
975 222 1092 264 XIII
1151 247 1206 252 —-

317 357 540 407 oriundus,
582 353 926 396 florentissimum
969 350 1190 405 Noruagie
1231 353 1388 391 statum
1432 348 1566 390 ueluti
1595 348 1755 389 fulmen

315 414 484 470 aliquod
516 427 565 453 ac
598 414 827 465 tempestas
859 410 1049 451 incussit.
1113 408 1196 456 Qui
1228 421 1322 448 cum
1364 422 1408 448 se
1439 406 1621 461 Magno,
1660 405 1755 461 Hy-

314 473 460 514 bernie
493 470 765 524 populatore,
797 472 1065 522 procreatum
1098 470 1327 517 astrueret,
1369 464 1643 506 affirmacioni
1682 477 1757 505 sue

316 529 440 571 fidem
485 527 612 567 diuini
657 526 862 567 examinis
905 530 1154 579 argumento
1195 528 1389 579 prestare
1426 523 1585 574 iussus,
1631 535 1757 577 super

321 585 545 627 candentes
577 584 753 625 laminas
796 582 965 624 nudatis
997 582 1152 637 plantis
1195 581 1313 634 (nam
1351 580 1392 620 id
1425 581 1476 621 ab
1511 593 1560 621 οο
1594 579 1758 635 experi-

318 646 505 684 mentum
551 640 824 696 poscebatui)
863 640 1060 685 incessit:
1102 638 1355 693 hisdemque
1393 637 1508 679 nulla
1552 652 1607 678 ex
1638 641 1758 692 parte

318 699 678 754 corlupcioribus,
723 698 960 754 complures
994 689 1352 751 Noruagiensium
1394 695 1554 751 liquido
1602 695 1757 736 incolu-

315 758 472 799 mitatis
505 757 707 798 11111001110
741 755 794 797 ad
827 755 1079 797 asseicionis
1111 768 1186 796 sue
1216 754 1513 795 credulitatem
1544 753 1756 808 perduxit.

315 815 383 856 Ex
415 815 532 856 cuius
564 814 724 869 gremio
758 814 893 855 omnis
924 812 1265 867 Noiuagicorum
1296 812 1506 853 bellorum
1548 813 1640 853 lues
1672 825 1757 852 ma-

315 874 444 915 nauit.
505 873 676 914 Interea
719 871 920 913 Nicolaus
961 885 1036 926 per
1075 869 1246 912 insidias
1289 870 1473 911 emulum
1519 870 1756 925 opprimere

316 937 522 980 statuens,
544 928 761 985 Maglnum
778 929 976 970 Noricum
996 930 1037 970 in
1063 930 1151 970 eius
1169 942 1314 969 necem
1332 928 1538 970 mercedis
1555 927 1756 984 paccione

315 989 529 1032 sollicitat.
591 989 683 1042 Ille,
715 988 821 1029 lucri
851 988 1114 1029 irritamento
1138 987 1305 1028 latrone
1327 987 1758 1041 corrupciorbhostis-

315 1061 398 1102 que
430 1062 485 1088 ex
516 1047 684 1101 hospite
717 1046 911 1097 effectus,
954 1045 1217 1100 impensioris
1250 1045 1443 1100 obsequii
1485 1044 1759 1090 simulacione

315 1102 513 1158 cur<i>am
545 1104 702 1146 Erici*
734 1104 1001 1146 exactissima
1051 1103 1282 1144 satellitum
1326 1102 1518 1144 custodia
1566 1103 1758 1156 uallauit,

315 1163 546 1218 officiisque
578 1162 787 1203 fallaciam
811 1162 930 1203 texit.
974 1161 1137 1217 Erycus
1161 1175 1276 1214 uero,
1308 1174 1384 1216 per
1414 1161 1616 1215 reginam,
1640 1161 1757 1202 cuius

316 1224 492 1275 patruus
526 1225 631 1274 erat,
663 1219 835 1261 insidias
860 1220 1063 1275 obsequio
1086 1219 1263 1261 subesse
1286 1219 1449 1272 doctus,
1476 1219 1632 1267 amicis,
1656 1233 1758 1274 quos

316 1280 358 1319 in
389 1278 596 1319 Lalandia
634 1278 843 1324 habebat,
889 1279 1151 1333 propositum
1193 1277 1303 1332 regis
1336 1291 1429 1318 cum
1460 1277 1636 1319 remedii
1667 1291 1758 1331 pre-

318 1336 488 1378 cacione
531 1336 771 1378 denunciat.
843 1335 933 1377 Nec
975 1336 1115 1390 segnis
1155 1334 1494 1377 Lalandensibus
1536 1335 1588 1376 ad
1621 1335 1758 1390 opitu-

315 1393 489 1435 landum
521 1395 685 1436 animus
717 1394 809 1435 fuit.
870 1394 970 1435 Solo
1003 1394 1158 1449 quippe
1189 1393 1359 1448 nauigio
1391 1392 1655 1448 Noruagiam
1684 1407 1757 1449 pe-

315 1455 468 1502 tentes,
501 1453 664 1494 occulto
708 1452 861 1493 nuncio
908 1451 1140 1494 aduentum
1173 1466 1295 1493 suum
1328 1450 1466 1507 Eryco
1507 1451 1758 1505 significant.

318 1509 400 1557 Qui
433 1509 547 1564 quod
579 1510 896 1564 Noruagienses
928 1524 1136 1551 summam
1168 1510 1210 1550 in
1242 1510 1429 1564 pocionis
1469 1509 1758 1564 magnitudine

316 1567 584 1622 uoluptatem
631 1568 790 1610 habere
841 1572 1037 1619 nouerat,
1089 1568 1341 1623 applicatam
1394 1567 1472 1609 sibi
1523 1566 1760 1609 custodiam

316 1625 569 1667 temulencia
591 1625 890 1667 ludificandam
912 1626 1104 1681 putabat.
1152 1626 1290 1680 Igitur
1319 1625 1569 1680 stipatorum
1602 1625 1760 1666 sobrie-

317 1687 446 1724 tatem
477 1684 649 1739 crapule
690 1684 997 1725 delectamento
1043 1683 1241 1736 adorsuS,
1283 1683 1519 1724 instaurata
1551 1687 1759 1725 comessa-

317 1742 463 1786 cione,
495 1742 651 1783 crebris
707 1742 904 1783 custodes
950 1742 1114 1797 poculis
1166 1742 1417 1783 attentabat.
1500 1741 1663 1790 Quibus
1714 1746 1759 1781 ut

316 1799 485 1840 bibendi
519 1800 790 1855 cupiditatem
823 1804 1013 1854 augeret,
1046 1800 1352 1841 irritamentum
1386 1799 1602 1840 ebrietatis
1625 1800 1761 1840 aleam

318 1857 466 1913 cyphis
507 1858 731 1900 interserit.
792 1858 842 1899 In
885 1872 964 1912 qua
995 1858 1131 1913 posito
1173 1872 1269 1899 cum
1302 1857 1553 1912 quibusdam
1583 1857 1760 1912 pignore

318 1914 563 1966 decertans,
598 1916 727 1956 eciam
759 1930 1008 1971 prosperum
1039 1919 1294 1957 tesserarum
1326 1916 1480 1957 iactum
1512 1915 1634 1956 inerti
1664 1915 1760 1956 lusu

319 1972 371 2013 de
408 1971 614 2014 industria
652 1974 1013 2029 prosequebatur
1061 1974 1120 2015 uti
1168 1973 1400 2015 collusores
1445 1973 1615 2014 fortuna
1654 1973 1761 2014 lucri

316 2030 480 2072 illectos
513 2030 566 2072 ad
599 2032 844 2073 lasciuiendi
882 2032 1158 2087 cupiditatem
1188 2030 1447 2086 ludendique
1486 2044 1760 2087 ’901301101οη-

318 2089 425 2130 010111
457 2089 663 2131 incitaret.
736 2090 984 2144 Postremo,
1026 2089 1202 2145 perinde
1243 2103 1293 2130 ac
1333 2089 1574 2144 prolixioris
1618 2089 1761 2143 uigilie

316 2146 427 2189 tedio
477 2146 703 2202 fatigatus,
754 2148 944 2189 cubitum
996 2148 1199 2193 excessit
1250 2147 1598 2202 sacerdotemque
1647 2147 1761 2188 exilii

316 2205 478 2246 socium
520 2206 612 2247 0100
652 2220 729 2261 pro
773 2221 817 2247 se
859 2209 1096 2247 curatorem
1135 2205 1316 2261 reliquit.
1380 2205 1459 2246 Ille
1499 2218 1586 2245 rem
1618 2205 1759 2247 sobrie

315 2266 625 2317 prosequutus,
675 2265 1006 2318 temperanciam
1059 2278 1201 2306 eorum
1251 2263 1538 2319 multiplicatis
1584 2263 1759 2317 poculis,

318 2322 692 2376 quantulacunque
714 2321 914 2371 restabat,
947 2322 1168 2371 subuertit,
1189 2321 1382 2376 interque
1407 2336 1520 2362 mero
1542 2335 1591 2362 ac
1613 2334 1760 2362 somno

319 2378 479 2433 sopitos
521 2378 706 2420 medium
745 2379 927 2421 cubandi
967 2381 1106 2422 locum
1149 2379 1308 2422 habuit.
1381 2379 1551 2420 Interea
1599 2379 1760 2432 Ericus,

316 2439 520 2491 perrupta
551 2435 775 2492 cubi<cu>li
805 2441 940 2493 parte,
972 2452 1065 2479 cum
1089 2437 1284 2479 clientela
1317 2451 1366 2477 ac
1388 2437 1569 2491 coniuge
1601 2436 1760 2478 furtiuo

317 2493 370 2534 ad
403 2508 516 2535 mare
549 2494 736 2538 discessu
777 2495 996 2550 peruenit,
1037 2499 1291 2561 repertaque
1331 2496 1373 2536 in
1411 2494 1548 2537 littore
1579 2494 1759 2548 nauigia,

318 2565 400 2605 quo
433 2552 568 2594 tucius
601 2553 747 2608 fugam
779 2557 972 2607 caperet,
1004 2554 1046 2594 in
1079 2553 1254 2595 sentinis
1284 2552 1544 2608 perforanda
1582 2552 1758 2594 curauit.

317 2608 410 2651 Hec
442 2612 641 2653 tractanti
662 2611 879 2664 succurrit,
910 2611 1087 2652 filiolum
1109 2611 1299 2668 hospicio
1332 2611 1608 2654 dormientem
1631 2610 1759 2653 fuisse

1797 1106 1884 1134 CXX
