1884 3126
262 888 298 915 10

261 1466 299 1493 20

264 2043 301 2069 30

263 2330 300 2357 35

265 2616 302 2643 40

332 226 385 269 98
888 249 941 256 -
1001 224 1095 268 IIII
1156 251 1210 258 -—

330 366 488 406 amens,
520 330 568 395 ut
597 351 811 408 Fengonis
855 352 1148 396 crudelitatem
1189 353 1551 396 Horwendilliane
1590 354 1774 411 preferat

330 411 511 467 pietati?
572 410 852 464 Mementote,
885 425 976 466 qua
1010 425 1086 453 uos
1118 410 1437 453 Horwendillus
1482 412 1772 455 beniuolencia

329 469 495 520 fouerit,
518 468 682 510 iusticia
715 469 902 521 coluerit,
936 469 1198 510 humanitate
1230 469 1440 511 dilexerit.
1486 470 1771 524 Memineritis,

332 528 576 581 ademptum
621 525 743 567 uobis
789 526 1053 568 mitissimum
1084 540 1243 582 regem,
1275 526 1551 569 iustissimum
1593 533 1771 583 patrem,

331 585 606 639 subrogatum
639 588 878 639 tyrannum,
911 584 1134 626 suffectum
1175 584 1439 640 parricidam,
1489 593 1636 640 erepta
1666 587 1770 639 iura,

331 642 619 690 contaminata
651 643 802 694 omnia,
832 642 1040 697 pollutam
1078 642 1253 697 flagiciis
1297 642 1490 697 patriam,
1529 642 1771 698 impositum

331 699 566 743 ceruicibus
597 699 758 754 iugum,
801 703 990 754 ereptum
1024 699 1228 741 libertatis
1267 699 1520 741 arbisstrium.
1567 700 1622 742 Et
1663 715 1773 742 nunc

331 758 394 799 his
425 757 542 810 finis,
589 771 683 798 cum
715 757 801 799 suis
833 762 1050 799 auctorem
1083 757 1325 799 criminibus
1358 757 1568 812 obrutum,
1601 772 1774 800 suorum

331 829 462 871 penas
494 815 700 856 scelerum
731 815 984 870 parricidam
1016 815 1268 870 pependisse
1302 816 1496 857 cernatis.
1561 816 1664 864 Quis
1696 830 1780 857 me-

1827 710 1884 738 XX

331 873 527 914 diocriter
558 873 743 928 prudens
766 871 993 927 spectalltor
1018 873 1270 915 beneficium
1293 873 1443 915 iniurie
1465 874 1557 915 loco
1575 874 1770 915 duxerit?
1791 883 1860 916 (55)

333 931 436 979 Quis
468 931 617 972 mentis
650 944 822 985 compos
844 931 1059 986 proprium
1092 930 1133 972 in
1166 934 1382 972 auctorem
1404 931 1541 972 scelus
1573 931 1772 973 recidisse

331 988 582 1030 condoleat?
645 988 748 1036 Quis
780 988 1059 1030 cruentissimi
1099 989 1256 1029 lictoris
1298 989 1459 1031 cladem
1492 989 1656 1042 defleat,
1699 993 1772 1030 aut

331 1046 605 1089 crudelissimi
635 1046 803 1101 tyranni
834 1046 991 1087 iustum
1023 1046 1278 1088 lamentetur
1309 1046 1558 1088 interitum?
1618 1048 1769 1089 Presto

331 1109 394 1146 est
424 1108 571 1146 auctor
602 1104 685 1155 rei,
728 1118 855 1158 quem
887 1104 1068 1145 cernitis.
1130 1103 1223 1158 Ego
1265 1103 1435 1158 quidem
1480 1108 1521 1146 et
1551 1109 1769 1159 parentem

280 1178 296 1204 5
330 1167 372 1205 et
403 1162 583 1217 patriam
627 1161 794 1203 ulcione
841 1166 1111 1216 prosecutum
1156 1175 1222 1203 me
1262 1161 1409 1203 fateor.
1482 1162 1613 1217 Opus,
1659 1162 1770 1218 quod

330 1220 482 1262 uestris
522 1219 680 1274 pariter
722 1219 915 1261 manibus
960 1219 1221 1273 debebatur,
1270 1219 1455 1261 exercui.
1528 1220 1651 1268 Quod
1694 1234 1771 1262 uos

330 1291 494 1319 mecum
518 1277 793 1318 communiter
816 1277 1089 1329 condecebat,
1121 1276 1236 1318 solus
1257 1276 1443 1331 impleui.
1490 1277 1627 1344 Adde,
1658 1277 1771 1333 quod

330 1336 538 1377 neminem
557 1339 641 1376 tam
663 1335 841 1390 preclari
873 1334 1070 1376 facinoris
1092 1335 1252 1376 socium
1275 1333 1418 1388 habui,
1441 1348 1517 1376 nec
1540 1336 1771 1391 cuiuspiam

331 1393 456 1435 michi
495 1407 633 1434 comes
666 1406 795 1447 opera
833 1392 925 1435 fuit.
988 1391 1242 1458 Quanquam
1283 1391 1397 1433 haud
1436 1393 1648 1446 ignorem,
1694 1408 1772 1436 uos

330 1451 427 1492 huic
459 1465 626 1492 manum
661 1450 833 1491 daturos
865 1450 1056 1516 negocio,
1090 1451 1121 1492 si
1154 1450 1372 1505 petissem,
1413 1463 1438 1491 a
1462 1451 1613 1505 quibus
1645 1451 1772 1493 fidem

330 1509 433 1575 regi,
482 1508 820 1550 beniuolenciam
851 1508 1029 1563 principi
1077 1512 1289 1550 seruatam
1332 1522 1413 1550 non
1457 1507 1615 1550 dubito.
1689 1509 1773 1550 Sed

330 1568 419 1608 sine
450 1571 592 1608 uestro
625 1566 864 1607 discrimine
885 1565 1069 1608 nefarios
1101 1565 1240 1621 puniri
1270 1566 1441 1620 placuit.
1490 1565 1640 1622 Neque
1662 1567 1771 1608 enim

330 1624 489 1666 alienos
532 1624 729 1665 humeros
775 1623 890 1665 oneri
930 1623 1214 1666 subiiciendos
1245 1623 1460 1678 putabam,
1502 1625 1567 1664 cui
1609 1628 1770 1666 susten-

330 1681 460 1723 tando
492 1682 687 1738 proprios
720 1681 971 1723 suffecturos
994 1681 1230 1724 credebam.
1278 1681 1517 1724 Incineraui
1551 1695 1631 1737 ego
1654 1682 1771 1734 alios,

283 1756 295 1781 .-
331 1740 467 1781 solum
498 1739 712 1806 Fengonis
753 1744 950 1780 truncum
984 1739 1138 1782 uestris
1179 1739 1370 1780 manibus
1405 1736 1768 1806 conlcremandum

332 1798 505 1853 reliqui,
541 1802 583 1838 in
615 1812 698 1853 quo
733 1797 881 1839 saltem
915 1798 1038 1839 iuste
1054 1797 1230 1838 ulcionis
1273 1796 1511 1852 cupidinem
1553 1798 1768 1838 exsaciarc

333 1855 517 1910 possitis.
553 1855 799 1897 Concurrite
822 1855 995 1906 alacres,
1017 1855 1202 1896 extruite
1223 1868 1388 1909 rogum,
1414 1854 1578 1896 exurite
1599 1855 1772 1910 impium

334 1927 501 1968 corpus,
534 1913 759 1968 decoquite
790 1912 992 1954 scelestos
1024 1919 1152 1965 artus,
1191 1912 1375 1968 spargite
1413 1912 1565 1954 noxios
1600 1913 1771 1964 cineres,

331 1970 513 2012 ‘disiicite
544 1971 727 2013 immites
759 1970 950 2022 fauillas3
984 1984 1068 2011 non
1090 1984 1209 2024 urna,
1241 1984 1324 2011 non
1347 1971 1535 2012 tumulus
1566 1970 1772 2012 nefandas

332 2028 489 2070 ossium
506 2029 704 2084 reliquias
722 2027 903 2070 claudat.
928 2026 1100 2069 Nullum
1121 2027 1329 2083 parricidii
1345 2027 1571 2083 uestigium
1589 2033 1771 2081 maneat,

332 2086 473 2127 nullus
520 2086 812 2127 contaminatis
860 2085 1033 2127 artubus
1079 2086 1188 2127 intra
1230 2085 1409 2139 patriam
1451 2086 1570 2127 locus
1604 2085 1771 2139 existat,

332 2144 449 2185 nulla
481 2145 724 2198 contagium
755 2143 908 2185 uicinia
940 2143 1182 2196 contrahat;
1214 2156 1298 2184 non
1329 2157 1470 2194 mare,
1511 2156 1594 2184 non
1637 2144 1771 2186 solum

334 2201 521 2243 damnati
553 2202 772 2243 cadaueris
814 2201 1000 2255 hospicio
1033 2201 1263 2256 polluatur.
1315 2200 1466 2242 Cetera
1499 2215 1578 2255 ego
1610 2201 1772 2255 prebui,

332 2259 373 2300 id
406 2259 544 2301 solum
566 2259 687 2301 uobis
720 2259 887 2314 pietatis
910 2258 1094 2300 officium
1125 2258 1315 2300 relictum
1339 2263 1417 2300 est.
1468 2258 1549 2300 His
1583 2258 1773 2314 exequiis

331 2316 653 2372 prosequendus
685 2320 904 2372 tyrannus,
937 2316 1014 2357 hac
1031 2330 1188 2371 pompa
1218 2315 1423 2371 parricide
1457 2315 1584 2357 funus
1617 2316 1772 2357 ducen-

333 2375 445 2416 dum.
513 2374 602 2417 Sed
631 2388 769 2429 neque
803 2374 892 2415 eius
924 2375 1108 2426 cineres,
1155 2375 1224 2429 qui
1255 2374 1432 2428 patriam
1462 2373 1678 2416 libertate'
1698 2388 1773 2415 nu-

332 2431 522 2485 dauerit,
562 2447 587 2474 a
617 2432 753 2487 patria
785 2432 867 2486 tegi
901 2432 1114 2473 conuenit.
1177 2432 1380 2473 Preterca
1411 2430 1512 2486 quid
1555 2445 1668 2472 meas
1708 2445 1772 2473 re-

333 2490 505 2531 uoluum
524 2489 746 2532 erumnas?
770 2489 1033 2531 calamitates
1054 2489 1325 2531 recenseam?
1348 2492 1539 2530 retexam
1556 2488 1772 2533 miserias?

333 2561 436 2602 quas
467 2548 548 2603 ipsi
578 2561 646 2589 me
677 2547 842 2602 plenius
867 2547 1018 2589 nostis,
1059 2546 1154 2600 Ego
1179 2560 1203 2588 a
1224 2547 1374 2588 uitrico
1397 2546 1450 2588 ad
1472 2551 1650 2588 mortem
1672 2560 1772 2601 que-

333 2605 447 2657 situs,
461 2600 630 2646 amatre
646 2608 924 2660 contemptus,
939 2605 990 2645 ab
1008 2604 1149 2645 amicis
1166 2608 1410 2659 consputus,
1429 2617 1560 2645 annos
1577 2603 1774 2645 flebiliter

1811 1776 1817 1784 .
1838 1757 1884 1782 15ss
