1884 3126
133 900 169 927 10

135 1188 170 1215 15

132 1479 169 1506 20

133 2061 169 2087 30

784 253 834 259 --
895 227 964 271 XI
1025 253 1070 259 -
1573 231 1657 272 373

204 359 535 402 conuersacione
583 357 826 414 probabiles
877 358 1168 401 contrahebat.
1234 358 1285 400 In
1331 358 1482 414 quibus
1526 371 1656 414 quan·

203 432 329 473 quam
360 417 585 459 scienciam
619 422 921 462 ueneraretur,
967 432 1132 458 morum
1164 421 1305 459 tamen
1348 417 1552 459 curiosius
1586 416 1657 458 ha-

202 476 335 517 bitum
388 476 653 524 intuebatur,
708 475 926 529 indignum
979 483 1117 527 ratus,
1178 476 1395 517 literarum
1453 476 1657 517 suauitati

201 549 411 575 summum
463 533 764 574 familiaritatis
817 534 1080 575 consorcium
1131 534 1271 575 tribui.
1331 534 1474 575 ·Adeo
1526 533 1657 589 igitur

200 592 435 634 honestatis
497 592 685 633 scholam
748 591 965 633 literarum
1028 591 1279 633 rudimentis
1340 591 1656 647 preponderare

202 650 427 703 credebat,
469 654 516 690 ut
546 651 588 691 in
622 649 787 704 agendo
822 650 1070 691 clericorum
1105 649 1274 692 delectu
1307 651 1477 692 uirtutis
1507 650 1656 706 pocius

203 723 327 764 quam
361 708 540 750 sciencie
573 709 785 750 elementa
807 714 1018 762 pensaret,
1047 709 1264 763 lateraque
1298 723 1374 749 sua
1404 708 1497 749 fidis
1530 722 1656 763 quam

202 767 337 808 doctis
367 766 580 822 obsequiis
613 766 776 808 uallare
808 766 963 808 mallet.
1027 765 1267 808 Suenonem
1302 780 1484 822 quoque,
1509 766 1523 819 ΙΙ
1551 766 1656 808 Nor-

203 827 353 880 uagice
385 825 568 880 regionis
591 825 744 878 uirum,
778 825 938 866 cunctis
970 825 1139 867 uirtutis
1172 825 1364 880 partibus
1391 839 1439 866 ac
1472 825 1657 866 numeris

200 884 592 935 instructissimum,
635 882 709 925 sed
750 897 897 937 parum
929 884 1038 924 iusti
1075 884 1232 924 noticia
1263 883 1482 926 literarum
1525 883 1657 924 moni-

202 947 346 983 menta
380 943 664 997 complexum,
697 942 737 982 in
771 942 834 982 ius
866 941 1164 983 familiaritatis
1197 941 1431 983 adciuerat.
1485 941 1570 983 Hic
1602 956 1656 982 ex

202 1000 442 1056 prefectura
473 1000 525 1041 ad
550 1000 841 1041 sacerdocium
871 1000 1118 1050 translatus,
1151 1000 1324 1041 tametsi
1355 1000 1506 1041 Latine
1539 1000 1656 1041 uocis

201 1060 382 1114 penuria
413 1063 690 1114 premeretur,
724 1058 944 1100 domestici
977 1058 1180 1099 sermonis
1213 1058 1362 1113 opibus
1393 1058 1654 1099 abundabat.

204 1118 341 1166 Quem
373 1118 503 1158 ceteri
536 1116 715 1171 ingeniis
748 1117 832 1157 suis
855 1117 906 1158 ob
930 1117 1145 1169 uirtutem,
1178 1130 1261 1171 qua
1293 1117 1392 1171 ipsis
1424 1117 1655 1171 prestabat,

203 1190 226 1216 a
242 1189 343 1229 rege
366 1175 542 1230 preferri
567 1175 774 1228 uidentes,
797 1174 1056 1230 perridicula
1080 1174 1293 1229 impericie
1316 1174 1653 1229 exprobrat-ione

201 1233 433 1275 scurriliter
486 1232 771 1274 cauillandum
823 1233 1050 1275 duxerunt.
1101 1252 1102 1255 ¹
1150 1233 1258 1275 Rem
1313 1234 1422 1274 enim
1469 1233 1655 1273 diuinam

201 1296 349 1333 acturo
384 1291 546 1333 derisus
579 1291 719 1345 gracia
753 1291 948 1332 affectum
983 1291 1110 1332 litura
1144 1291 1335 1332 codicem
1367 1288 1654 1333 subiecerunt.

203 1350 285 1398 Qui
318 1364 412 1391 cum
445 1351 625 1391 salutem
660 1350 747 1404 regi
781 1350 892 1391 uotis
924 1349 1067 1390 libello
1111 1350 1322 1404 expressis
1367 1350 1531 1390 solenni
1561 1364 1655 1390 uer-

204 1409 351 1450 borum
375 1408 626 1464 precacione
649 1407 868 1449 debuisset
891 1421 1140 1463 exposcere,
1163 1409 1301 1463 ipsum
1322 1408 1466 1449 famuli
1485 1410 1655 1449 nomine

201 1467 514 1521 designaturus,
549 1466 703 1507 uiciata
736 1466 788 1507 ab
822 1466 970 1507 emulis
1003 1465 1183 1522 pagina,
1226 1467 1328 1507 muli
1361 1466 1655 1522 appellacione

202 1524 378 1566 fedauit.
431 1523 583 1579 Neque
617 1525 727 1566 enim
760 1524 886 1565 liture
920 1539 1108 1565 errorem
1148 1525 1426 1566 correccionis
1449 1523 1654 1565 beneficio

202 1583 407 1625 redimere
441 1589 634 1624 nouerat.
682 1582 817 1636 Igitur
854 1583 1157 1624 circunstantes
1189 1583 1361 1624 lectoris
1394 1582 1654 1637 impericiam

201 1640 440 1683 iocabundo
463 1641 782 1682 ‘cachinnorum
817 1641 1006 1682 anhelitu
1040 1642 1279 1694 prosecuti,
1312 1641 1537 1682 immodico
1582 1653 1655 1682 ora

202 1700 282 1740 risu
326 1699 572 1752 soluerunt,
619 1694 709 1754 i'pso
759 1712 928 1753 quoque
976 1700 1055 1740 ioci
1103 1700 1365 1740 irritamento
1414 1699 1564 1752 religio
1612 1698 1654 1738 in

153 1771 163 1776 ·
200 1758 426 1798 ludibrium
449 1757 565 1798 abiit.
615 1757 756 1798 Finita
777 1758 963 1807 accione,
986 1772 1064 1798 rex
1086 1756 1345 1812 a<d>motum
1369 1772 1440 1798 are
1462 1757 1652 1797 libellum

203 1816 473 1870 complexus,
516 1830 610 1856 cum
655 1821 696 1856 et
727 1815 864 1869 ipsum
899 1815 1044 1856 inuida
1074 1830 1199 1856 manu
1235 1821 1482 1871 corruptum
1514 1820 1556 1855 et
1586 1829 1652 1855 re-

202 1875 334 1915 centis
366 1873 492 1914 liture
523 1874 703 1926 uestigia
737 1887 906 1915 causam
941 1874 1100 1916 inerter
1134 1873 1225 1915 fuse
1251 1874 1511 1930 precacionis
1545 1872 1652 1928 aspi-

203 1936 337 1983 ceret,
393 1931 533 1972 inuide
578 1932 790 1973 societatis
841 1932 1004 1973 animos
1049 1931 1311 1984 detestatus,
1355 1931 1655 1973 insultancium

202 1989 394 2031 fraudem
428 1990 633 2044 coarguit,
665 1990 868 2045 ipsosque
901 1990 1218 2032 obtrectaeione
1253 1990 1494 2032 uiciosiores
1527 2003 1652 2044 quam

201 2048 446 2089 Suenonem
488 2048 655 2089 inscicia
699 2047 1041 2102 comprobabat.'
1088 2048 1283 2090 Eundem
1324 2062 1493 2104 quoque
1534 2047 1654 2088 breui

202 2107 443 2147 irrisoribus
466 2107 552 2147 suis
574 2106 834 2161 impericiam
870 2106 1227 2161 exprobraturum
1256 2106 1426 2149 adiecit.
1487 2105 1655 2147 Deinde

202 2164 389 2206 scholam
414 2178 510 2212 eun]
534 2168 680 2219 petere
704 2165 910 2216 hortatus,
943 2170 1157 2220 sumptum
1182 2179 1226 2206 se
1249 2165 1655 2206 amministraturum

202 2222 418 2278 promittit.
471 2221 621 2278 Neque
653 2222 732 2264 hac
764 2237 807 2264 re
840 2223 1064 2278 quicquam
1098 2223 1151 2264 de
1173 2229 1377 2265 consueta
1410 2224 1500 2264 eius
1534 2222 1652 2263 fami-

202 2278 408 2321 liari*tate
452 2281 684 2334 decerpsit,
727 2295 779 2322 ne
824 2280 982 2322 iuuidie
1026 2281 1296 2335 respondisse
1339 2281 1485 2335 pocius
1526 2293 1653 2335 quam

134 2352 170 2379 35
204 2339 416 2380 obstitisse
448 2338 677 2380 uideretur.
740 2339 963 2380 Profectus
999 2338 1140 2380 Sueno
1176 2339 1467 2388 efficacissime
1498 2338 1651 2379 libera-

196 2397 304 2439 lium
338 2396 495 2437 areium
526 2395 673 2438 studiis
706 2400 904 2451 operatus
938 2402 1014 2438 est.
1078 2397 1245 2453 Quippe
1277 2398 1521 2450 literarum,
1563 2396 1651 2451 qui-

204 2455 282 2496 bus
315 2468 463 2508 parum
494 2454 764 2505 inseruierat,
807 2454 1058 2497 documenta
1090 2470 1257 2497 sumere
1291 2455 1482 2510 cupiens,
1519 2453 1652 2508 perci-

204 2512 358 2568 piende
380 2526 523 2552 earum
546 2511 764 2566 discipline
787 2513 942 2566 gracia,
968 2513 1389 2564 omissadomestica,
1428 2511 1651 2566 peregrine

204 2570 345 2612 schole
377 2569 656 2611 erudiendum
688 2584 734 2611 se
769 2570 900 2621 dedit,
930 2571 1202 2626 animumque
1237 2570 1428 2612 doctrine
1468 2569 1651 2625 capacis-

137 2640 174 2668 40
205 2628 355 2670 simum
398 2627 623 2683 excolens,
666 2627 821 2670 Latino
868 2643 913 2671 se
959 2643 1157 2671 sermone
1203 2627 1443 2671 assuefecit.
1521 2626 1650 2670 Cuius

1729 767 1821 800 (209)

1710 1244 1738 1269 p.
1759 1236 1814 1262 560

1709 2293 1804 2322 CXIl·
