1884 3126
39 904 74 931 10

35 1194 71 1222 15

37 1485 73 1512 ‘20

35 1776 73 1803 25

38 2066 74 2093 30

39 2357 74 2383 35

40 2644 76 2672 40

682 260 728 266 —
792 236 855 280 VI
922 264 964 268 -
1464 241 1542 286 187

107 365 190 414 Qui
231 364 355 406 simul
398 365 626 406 aduersum
668 364 893 420 Curetum,
936 367 1207 420 Semborum,
1267 370 1544 425 Sangalorum

107 422 378 478 omniumque
412 427 628 479 postremo
653 423 933 466 Orientalium
967 427 1176 468 exercitus
1202 428 1381 481 preliati‚
1413 429 1546 470 claras

103 482 188 523 late
218 481 416 523 uictorias
449 481 633 524 edidere,
685 481 851 524 Eximie
884 483 1089 538 opinionis
1121 485 1343 539 gladiator,
1378 486 1546 528 nomine

103 539 339 594 Wisinnus,
370 540 484 596 apud
516 540 716 582 Ruseiam
746 554 906 595 rupem,
939 556 1021 596 que
1052 542 1219 584 Anafial
1251 543 1414 598 dicitur,
1446 545 1546 587 sede

102 603 144 640 et
176 598 393 640 mansione
427 598 695 653 complexus,
740 599 901 640 uicinas
933 600 1268 656 longinquasque
1309 603 1547 657 prouincias

105 657 217 698 omni
250 656 398 697 iniurie
428 670 585 712 genere
628 657 815 698 uexauit.
877 656 958 699 Hie
991 672 1160 701 omnem
1204 660 1383 701 telorum
1416 662 1545 706 aciem

102 715 154 756 ad
188 713 459 756 hebetudinis
500 715 689 757 habitum
722 716 812 757 solo
846 721 1076 771 conspectu
1115 716 1305 772 redigere
1347 717 1547 761 solebat&

105 773 393 822 Quamobrem
424 777 586 814 tantam
617 774 777 815 uiribus
810 774 897 815 eius
918 774 1137 816 audaciam
1160 776 1323 830 peperit
1354 777 1547 818 exclusus

103 832 326 873 uulnerum
373 835 530 879 metus,
576 836 622 872 ut
664 832 796 873 eciam
843 832 1069 874 illustrium
1116 833 1299 875 uirorum
1346 835 1545 889 coniuges

106 890 267 930 maritis
299 889 586 944 spectantibus
617 894 760 945 raptas
792 890 844 931 ad
876 896 1067 946 stuprum
1098 892 1374 946 pertraheret.
1422 891 1550 934 Cuius

106 947 275 989 sceleris
325 946 620 989 Stareatherus
680 963 846 990 rumore
899 949 1084 997 excitus,
1143 950 1316 991 tollendi
1372 951 1550 991 auctoris

104 1006 247 1060 gracia
274 1005 474 1047 Rusciain
506 1006 625 1061 petit.
687 1006 768 1055 Qui
800 1007 997 1061 quoniam
1030 1007 1134 1048 nihil
1165 1012 1412 1063 expugnatu
1444 1008 1551 1049 diffi-

104 1064 182 1106 cile
214 1063 375 1116 habuit,
410 1065 586 1118 petitum
609 1079 663 1106 ex
684 1066 995 1120 prouocacione
1013 1065 1253 1107 Wisinnum
1287 1066 1419 1107 eciam
1449 1066 1549 1107 artis

104 1136 177 1165 sue
193 1121 393 1164 beneficio
407 1123 631 1177 spoliatum
648 1123 868 1178 oppressit.
890 1122 1069 1165 Ferrum
1083 1124 1251 1179 quippe,
1267 1138 1317 1165 ne
1333 1124 1550 1179 prestigia-

106 1181 184 1222 tori
206 1180 476 1235 conspicuum
500 1181 625 1233 foret,
648 1182 764 1223 tenui
786 1181 839 1223 ad
862 1181 1030 1223 modum
1052 1182 1162 1237 pelle
1185 1183 1390 1235 contexit3
1415 1196 1549 1236 neque

106 1238 300 1280 Wisinuo
361 1243 434 1279 aut
493 1240 685 1294 prestigii
744 1240 878 1281 uirtus
941 1245 1014 1281 aut
1074 1240 1227 1281 uirium
1289 1239 1548 1293 magnitudo,

107 1311 188 1351 quo
222 1297 359 1338 minus
381 1295 650 1339 Starcathero
685 1298 865 1347 eederet,
897 1295 1067 1353 aulxilio
1099 1298 1190 1340 fuit.
1242 1297 1407 1339 Deinde
1438 1297 1550 1352 apud

105 1353 344 1396 Bizantium
391 1355 546 1397 inuicte
589 1356 798 1412 opinionis
846 1357 1091 1411 gigantem,
1140 1356 1330 1397 'sannam
1370 1355 1549 1408 nomine,

107 1413 291 1469 corporis
321 1413 482 1455 uiribus
501 1414 634 1455 fretus
666 1414 930 1456 colluctando
954 1414 1120 1463 deuicit,
1152 1415 1399 1469 ignotasque
1422 1418 1550 1454 terra-

106 1485 200 1513 rum
245 1475 388 1526 partes
435 1473 659 1528 proscripti
705 1473 827 1514 titulo
870 1477 1014 1528 petere
1060 1473 1213 1527 coegit.
1283 1471 1419 1526 Igitur
1456 1485 1549 1513 eum

107 1529 224 1571 nulla
255 1529 609 1583 fortune-seuieia
639 1532 750 1573 uires
781 1531 868 1573 eius
901 1530 1077 1572 uictoria
1107 1530 1304 1572 fraudare
1335 1529 1549 1584 potuisset,

108 1587 290 1629 Polonie
321 1592 462 1642 partes
499 1602 747 1643 aggressus,
789 1588 1016 1640 athletam,
1057 1602 1179 1643 quem
1220 1588 1351 1629 nostri
1382 1586 1549 1637 Wasee,

108 1644 321 1687 Teutones
351 1660 453 1688 uero
476 1646 642 1688 diuerso
664 1647 883 1688 literarum
905 1646 1116 1689 schemate
1136 1646 1300 1688 Wilzee
1320 1645 1548 1697 nominant,

109 1703 243 1745 duelli
275 1705 502 1746 certamine
534 1705 764 1760 superauit.

244 1762 414 1804 Interea
462 1762 652 1804 Saxones
695 1763 977 1805 defeccionem
1019 1762 1156 1804 moliri
1207 1761 1332 1816 idque
1368 1760 1550 1802 maxime

106 1820 149 1861 in
181 1820 320 1862 animo
351 1820 507 1863 habere
539 1827 755 1876 ceperunt,
788 1822 967 1877 qualiter
997 1821 1200 1862 inuictum
1232 1819 1342 1860 bello
1374 1817 1551 1859 Frotho-

106 1892 202 1919 nem
234 1882 375 1933 preter
414 1879 571 1934 publici
614 1880 829 1921 conflictus
870 1892 1030 1920 morem
1073 1878 1369 1933 opprimerent.
1431 1875 1551 1924 Quod

107 1936 264 1991 optime
296 1936 436 1979 duello
467 1938 699 1993 gerendum
732 1938 832 1989 rati,
876 1937 1068 1989 mittunt,
1101 1936 1170 1991 qui
1202 1949 1344 1990 regem
1375 1948 1427 1975 ex
1459 1947 1551 1988 pro-

107 1994 336 2036 uocacione
351 1995 618 2047 lacesserent,
641 1996 831 2044 seientes,
853 2009 949 2036 cum
972 1994 1193 2036 discrimen
1217 2007 1339 2034 omne
1356 1995 1552 2047 prompta

106 2066 270 2107 semper
303 2058 445 2094 mente
468 2054 705 2109 complecti,
738 2054 950 2108 animisque
983 2053 1071 2094 eius
1094 2050 1426 2105 magnitudinem
1447 2048 1552 2090 nulli

107 2123 277 2164 prorsus
310 2110 599 2163 exhortacioni
633 2126 856 2154 cessuram.
920 2111 1056 2159 Quem
1096 2114 1196 2151 tunc
1226 2108 1424 2164 temporis
1465 2121 1551 2147 ma-

106 2168 220 2209 xime
272 2168 548 2211 adoriendum
599 2171 831 2225 putabant,
892 2183 987 2210 eum
1038 2166 1375 2218 Stareatherum,
1438 2164 1552 2206 euius

107 2226 317 2281 plerisque
347 2226 621 2270 formidolosa
657 2228 790 2269 uirtus
833 2226 1054 2279 exstabat,
1099 2225 1367 2280 negociosum
1407 2222 1552 2264 abesse

107 2289 424 2338 cognoscerent.
486 2285 722 2328 Ounetante
753 2300 852 2327 uero
885 2284 1097 2326 Frothone
1128 2296 1254 2338 seque
1285 2296 1379 2323 cum
1410 2279 1553 2322 amicis

106 2355 233 2397 super
278 2342 416 2385 dando
470 2358 668 2399 responso
715 2344 1022 2386 collocuturum
1067 2342 1254 2390 dicente,
1311 2338 1553 2394 superuenit

108 2400 425 2453 Starcatherus‚
463 2401 642 2457 piratica
672 2402 758 2443 iam
799 2415 1037 2457 regressus3
1078 2400 1149 2455 qui
1178 2412 1230 2440 ex
1262 2397 1339 2439 hoe
1370 2396 1554 2437 maxime

108 2458 421 2513 prouocacionis
451 2459 642 2502 habitum
684 2459 979 2515 reprehendit,
1023 2457 1133 2513 quod
1173 2456 1352 2508 diceret,
1383 2452 1553 2507 regibus

108 2530 191 2557 non
222 2516 302 2558 nisi
333 2516 375 2558 in
407 2531 624 2572 compares
645 2532 764 2559 arma
789 2529 1036 2572 congruere,
1068 2514 1298 2568 eademque
1329 2511 1551 2553 aduersum

108 2574 338 2629 populares
367 2575 572 2630 capienda
608 2588 692 2618 non
733 2589 846 2629 esse3
892 2588 968 2630 per
998 2587 1042 2616 se
1073 2586 1195 2625 uero,
1237 2575 1438 2625 tanquam
1481 2567 1553 2609 ob-

107 2632 290 2674 scuriore
340 2632 434 2675 loeo
483 2637 655 2689 natum,
716 2647 904 2690 pugnam
954 2632 1114 2676 reccius
1164 2625 1554 2672 amministrandam

1609 786 1699 814 nvn,

1604 1316 1630 1340 p.
1651 1306 1700 1334 281
