1884 3126
39 905 75 932 10

43 1196 73 1223 15

34 1488 71 1515 20

34 1774 70 1801 25

648 266 700 270 —
761 239 900 282 XIIII
964 263 1013 270 --
1474 239 1553 279 491

108 368 252 409 orbem
286 367 505 423 capitibus,
528 365 684 408 nemini
704 366 988 408 remociorum
1010 366 1279 409 exaudienda
1303 365 1557 408 tractabant.

108 425 228 467 Tunc
259 424 472 479 Kanutu's,
504 425 681 481 perinde
713 439 763 466 ac
794 424 1042 466 insidiarum
1074 425 1278 481 prescius,
1310 424 1558 466 Waldema-

108 498 199 525 rum
234 483 412 525 brachiis
443 486 718 526 attrectatum
760 483 904 525 osculo
948 484 1113 538 petiuit.
1176 482 1357 525 Causam
1397 483 1559 525 blandi-

108 542 254 596 menti,
290 557 383 583 cum
415 543 585 584 minime
618 541 677 583 510
709 555 752 583 50
785 540 889 582 01105
911 556 1061 596 gerere
1096 542 1381 594 consueuerit,
1415 541 1468 583 ab
1494 556 1558 596 eo,

108 601 175 642 cui
222 601 417 642 osculum
463 601 642 654 tulerat,
694 600 1011 654 interrogatus,
1059 600 1308 655 suppressit.
1389 600 1559 642 Interea

109 658 263 709 Sueno,
296 659 451 700 relictis
482 659 525 700 in
557 658 636 700 edo
668 658 892 708 militibus,
924 671 999 713 per
1030 659 1240 714 posticum
1280 658 1322 699 in
1356 658 1558 700 conclaue

109 717 295 767 diuertit,
326 721 531 772 preeunte
561 731 694 772 puero
726 717 896 758 luminis
928 717 1091 770 gerulo.
1134 716 1239 758 Mox
1270 717 1311 758 in
1336 716 1558 759 Kanutum

110 779 152 816 et
194 775 516 817 WValdemarum
561 790 585 816 a
626 775 869 817 subornatis
915 774 1074 816 ferrum
1120 775 1398 830 distringitur.
1475 775 1558 817 Sed

108 832 411 875 Waldemarus
464 834 579 876 ocius
620 833 719 875 sede
772 833 975 887 exiliens,
1027 847 1198 875 manum
1251 833 1430 875 amiculo
1484 834 1559 875 ob—

106 892 298 934 uolutam
340 906 420 934 non
462 893 599 934 solun]
642 891 864 947 applicatis
905 891 1030 946 capiti
1071 906 1148 933 suo
1193 891 1346 946 gladiis
1389 892 1559 944 obiecit,

105 950 180 992 sed
225 951 357 991 eciam
400 950 660 993 Thetleuum
700 951 836 992 acrius
878 950 920 990 in
962 965 1007 992 se
1038 955 1235 992 ruentem
1267 951 1453 1006 pectoris
1484 951 1558 992 im-

106 1009 231 1063 pulsu
263 1009 380 1050 humi
411 1009 699 1075 precipitauit.
734 1008 840 1050 Cum
864 1021 944 1063 quo
966 1009 1123 1064 pariter
1157 1013 1197 1050 et
1219 1009 1310 1064 ipse
1330 1009 1558 1065 collapsus,

104 1067 245 1109 femur
290 1080 416 1122 quam
458 1067 707 1133 grauissime
750 1067 965 1109 sauciatus
1014 1071 1088 1109 est.
1159 1067 1216 1108 At
1262 1067 1335 1108 ubi
1375 1068 1557 1123 plinium

106 1125 285 1180 pedibus
319 1140 364 1166 se
398 1126 581 1181 excepit,
614 1126 775 1180 recepti
803 1125 990 1166 uulneris
1019 1128 1023 1173 Ι
1052 1126 1285 1176 immemor,
1318 1125 1432 1179 dum,
1465 1140 1558 1182 per-

106 1185 240 1238 ruptis
274 1183 539 1226 obstancium
570 1184 722 1238 globis,
754 1183 917 1226 foribus
950 1184 1137 1234 exiliret,
1171 1183 1343 1240 quidam
1377 1160 1556 1226 ob⁷scur0

104 1242 199 1284 loco
234 1242 399 1293 obuius,
431 1246 600 1297 arrepta
634 1243 789 1297 cinguli
819 1242 952 1297 ipsius
983 1242 1176 1297 pensilia,
1208 1246 1426 1284 retentare
1459 1257 1558 1284 eum

106 1305 306 1351 conatus,
350 1300 531 1355 abrupit.
603 1300 776 1343 Interea
816 1300 929 1351 aliis,
962 1314 1015 1355 ne
1046 1301 1181 1342 noctis
1221 1297 1364 1342 errore
1394 1301 1558 1343 facinus

104 1358 394 1414 impediretur,
427 1358 633 1401 fenestras
676 1360 986 1411 reserantibus,
1029 1358 1266 1401 Thetleuus
1298 1359 1426 1400 humo
1460 1360 1558 1401 resi-

103 1416 210 1458 liens
241 1416 477 1469 Kanutum,
521 1417 740 1459 dexteram
793 1418 934 1473 gladio
979 1417 1304 1468 obtendentem,
1351 1433 1375 1459 a
1420 1417 1557 1460 fronte

103 1475 303 1518 confodit.
365 1475 537 1530 Excipit
569 1476 859 1517 semianimem
884 1476 1087 1528 Absalon,
1112 1475 1434 1518 Waldemarum
1461 1491 1555 1519 esse

105 1538 243 1587 ratus,
289 1532 564 1600 fluidumlque
611 1547 761 1576 cruore
808 1538 936 1590 caput
981 1534 1178 1576 manibus
1219 1548 1268 1575 ao
1308 1535 1400 1577 511111
1444 1549 1556 1576 00111-

105 1592 273 1646 plexus,
305 1592 414 1633 inter
443 1592 560 1648 ipsos
585 1607 798 1635 armorum
830 1593 1031 1649 strepitus
1062 1593 1242 1635 salutem
1276 1607 1397 1634 suam
1430 1607 1555 1649 quam

104 1650 216 1705 regis
249 1664 392 1692 curam
423 1650 643 1705 negligere
673 1651 949 1707 pimeoptabat
990 1651 1179 1707 reliquiis
1212 1651 1383 1707 spiritus
1415 1651 1556 1693 adhuc

102 1709 145 1749 in
193 1709 280 1750 eius
327 1712 498 1763 pectore
539 1709 859 1765 palpitantibus.
892 1710 906 1761 {¹
936 1709 1130 1752 Tandem
1175 1709 1394 1751 Kanutum
1437 1725 1461 1751 a
1505 1725 1552 1752 50

102 1768 238 1809 teneri
270 1768 407 1809 cultus
438 1767 593 1809 indicio
627 1772 843 1822 expertus,
875 1769 1136 1823 permixtum
1167 1769 1320 1810 merori
1351 1768 1557 1823 gaudium

102 1825 265 1867 habuit.
324 1825 522 1879 Dobicus,
554 1827 620 1867 uir
649 1826 787 1881 prima
817 1826 1018 1880 audacia,
1061 1826 1162 1868 dum
1193 1827 1305 1881 regis
1336 1841 1483 1868 necem
1513 1827 1556 1869 in

103 1888 294 1925 auctores
319 1883 536 1926 uindicare
559 1888 746 1937 conatur,
769 1885 986 1927 occiditur.
1031 1884 1198 1940 Itaque,
1220 1885 1355 1926 noctis
1378 1885 1555 1926 obscuro

102 1942 317 1983 nerninem
348 1942 528 1984 discerni
559 1943 766 1997 paciente,
798 1943 841 1984 in
873 1957 962 1996 005,
994 1944 1066 1998 qui
1106 1943 1256 1984 ualuas
1287 1944 1459 1998 propius
1491 1957 1556 1985 ac-

103 2000 345 2053 cessissent,
391 2001 533 2042 stricto
564 2000 676 2042 ferro
719 2002 1023 2056 proruebatur,
1056 2002 1154 2057 quia
1186 2001 1458 2043 tenebrarum
1490 2016 1556 2043 ac-

32 2071 68 2098 30
99 2058 241 2110 005510,
264 2058 458 2100 hostesne
480 2072 535 2100 an
556 2059 865 2101 commilitones
892 2058 1127 2110 adessent,²³⁴
1144 2061 1354 2102 incertum
1380 2060 1552 2102 fecerat.

35 2358 70 2386 35

34 2651 71 2679 40

102 2115 240 2170 Igitur
283 2115 603 2168 Constantinus,
646 2119 717 2172 qui
759 2118 895 2172 primo
937 2118 1046 2160 inter
1092 2117 1253 2160 Kanuti
1300 2119 1554 2160 necessarios

102 2174 191 2215 loco
223 2174 374 2222 fuerat
417 2189 470 2218 ne
513 2176 630 2217 exitu
672 2176 991 2231 prohiberetur,
1036 2176 1319 2226 Absalonem,
1361 2177 1405 2218 in
1437 2177 1554 2218 cuius

101 2232 187 2273 iam
237 2233 400 2287 gremio
443 2230 751 2289 complexuque
804 2233 1002 2276 Kanutus
1047 2235 1242 2289 spiritum
1288 2235 1553 2289 deposuerat,

102 2289 157 2331 ad
187 2305 320 2332 unum
351 2291 551 2333 ostiorum
582 2292 807 2345 accedere,
851 2307 933 2347 quo
975 2293 1109 2334 tucior
1150 2293 1230 2334 sibi
1270 2293 1313 2334 in
1344 2294 1554 2348 reliquum

101 2361 327 2403 procursus
349 2355 531 2415 pat-eret,
564 2350 690 2391 tacite
712 2351 968 2405 postulabat,
1000 2355 1260 2406 parenteque
1283 2365 1346 2401 eo,
1367 2365 1554 2392 seorsum

102 2406 282 2461 elapsus,
316 2407 369 2448 ab
401 2408 464 2461 iis,
496 2409 567 2463 qui
597 2408 698 2449 foris
727 2408 1020 2462 uersabantur,
1053 2416 1256 2464 exceptus
1286 2410 1551 2464 opprimitur.

102 2463 292 2506 Absalon
323 2479 437 2519 uero,
469 2466 638 2521 propior
670 2466 759 2507 eius
790 2467 990 2520 peticioni
1021 2481 1148 2522 quam
1179 2481 1252 2508 sue
1283 2467 1431 2518 saluti,
1464 2466 1552 2508 Ka-

102 2522 192 2563 nuti
225 2537 400 2578 corpore
432 2528 676 2565 1euerenter
706 2528 861 2577 amoto,
895 2539 1066 2567 securus
1097 2525 1379 2580 periculorum
1415 2525 1459 2566 in
1490 2539 1554 2566 ar-

102 2584 238 2622 matos
269 2581 559 2635 progreditur,
603 2581 855 2637 crebrasque
887 2596 1033 2625 eorum
1072 2583 1428 2637 interrogaciones
1459 2597 1554 2625 con-

102 2638 285 2680 fessione
326 2640 390 2681 sui
428 2640 609 2682 nominis
648 2640 868 2684 absoluere
914 2641 1113 2698 dignatus
1153 2656 1233 2683 non
1267 2644 1343 2683 est.
1403 2641 1553 2697 Itaque

1612 1549 1638 1574 1).
1658 1540 1709 1567 725

1609 1712 1702 1748 (276)

1592 2056 1727 2086 cann
