1884 3126
221 198 304 241 318
559 209 562 211 ’
795 225 844 232 —-
910 200 983 246 IX,
1036 227 1088 234 --

221 328 354 370 eciam
385 341 432 368 se
462 326 598 382 ipsum
630 328 743 384 apud
774 328 997 383 Angliam,
1040 329 1124 370 iam
1153 328 1314 384 pridem
1350 326 1658 369 Christianismi

218 386 411 440 peritam,
444 385 686 427 solennibus
715 387 833 441 aquis
856 387 1182 428 humectandum
1207 385 1411 427 exhibuit.
1456 384 1657 426 Ceterum

219 443 427 497 priuatam
461 442 636 484 salutem
673 458 792 485 suam
830 444 871 485 in
911 445 1122 500 publicam
1166 444 1432 485 exhuberare
1472 443 1656 498 cupiens,

217 501 270 541 ab
313 500 525 555 Agapito,
578 501 648 556 qui
693 506 794 543 tunc
838 503 1019 544 ciuitatis
1059 502 1254 543 Romane
1300 501 1428 542 sacris
1474 506 1655 555 preerat,

169 566 184 591 5
215 559 397 599 Daniam
438 558 637 600 diuinitus
680 560 836 601 erudiri
880 560 1044 615 petiuit.
1107 559 1230 607 Quod
1277 565 1500 613 antequam
1545 559 1655 600 uotis

153 854 185 879 NJ

150 1142 183 1169 ὦ

144 1428 183 1456 20

144 1716 181 1749 25

142 2005 180 2033 30

145 2294 181 2321 35

142 2597 178 2624 40

218 621 543 671 exsequeretur,
590 617 840 672 absumptus
888 623 963 660 est.
1024 616 1134 659 Nam
1185 617 1284 658 fatis
1330 618 1414 657 suis
1462 616 1654 657 Romane

218 674 446 729 legacionis
478 675 738 728 precucurrit
769 674 1021 729 aduentum3
1053 675 1193 717 animo
1218 679 1330 716 certe
1353 687 1478 729 quam
1502 674 1654 716 effectu

217 733 431 786 superior,
479 736 726 788 tantumque
766 747 948 788 superne
990 732 1350 787 compensacionis
1393 732 1448 773 ob
1487 732 1654 787 pietatis

217 789 481 845 propositum
512 800 744 841 assecutus,
777 796 983 846 quantum
1015 792 1164 832 ceteris
1197 794 1410 845 prestatur
1439 803 1490 831 ex
1513 804 1652 845 opere.

356 847 495 888 Huius
526 849 636 890 filius
667 848 846 902 Gormo,
890 849 977 902 cui,
1020 849 1130 903 quod
1177 862 1229 889 ex
1262 847 1420 902 Anglia
1451 847 1653 889 oriundus

217 905 368 958 extitit,
403 905 570 958 Anglici
602 920 833 959 cognomen
864 906 1056 959 incessit,
1103 911 1222 960 patre
1254 906 1455 957 extincto,
1486 919 1654 960 promp-

216 963 327 1004 ciore
358 963 528 1005 fortuna
550 977 674 1019 quam
699 964 974 1017 diuturniore,
1007 964 1121 1017 apud
1145 963 1322 1004 insulam
1347 964 1503 1017 regiam
1527 963 1654 1019 adep-

216 1027 282 1062 tus
316 1027 379 1061 cst
409 1034 564 1062 arcem.
617 1022 729 1062 Dum
753 1022 863 1063 enim
884 1021 1066 1062 Daniam
1099 1020 1359 1076 disponenda
1394 1021 1482 1062 eius
1512 1023 1654 1075 gracia

216 1079 390 1133 petisset
423 1093 475 1120 ex
505 1079 688 1133 Anglia,
722 1080 892 1134 longam
925 1079 1091 1134 paruuli
1124 1092 1314 1119 secessus
1345 1078 1549 1119 iacturam
1581 1093 1654 1119 ex-

216 1142 362 1190 pertus
396 1140 470 1177 est.
534 1136 701 1192 Quippe
726 1137 867 1191 Angli,
899 1137 1107 1178 libertatis
1139 1151 1214 1177 sue
1247 1136 1458 1177 fortunam
1490 1137 1530 1177 in
1564 1137 1653 1178 eius

216 1194 413 1236 absencia
451 1202 730 1249 reponentes,
772 1195 981 1250 publicam
1015 1210 1038 1235 a
1071 1194 1204 1235 Danis
1246 1192 1533 1235 defeccionem
1566 1209 1653 1236 mo-

215 1252 355 1293 liendo
389 1252 634 1307 precipitem
664 1252 899 1295 rebellandi
930 1252 1127 1293 fiduciam
1159 1251 1400 1294 induerunt.
1453 1251 1534 1293 Sed
1568 1266 1651 1307 quo

216 1323 311 1350 eum
329 1310 484 1364 Anglia
518 1311 780 1352 inuidencius
810 1311 982 1365 spreuit,
1016 1310 1091 1351 hoc
1113 1309 1251 1351 Dania
1272 1308 1475 1350 fidcncius
1507 1310 1648 1352 coluit.

214 1367 372 1433 Itaque
410 1368 509 1407 dum
555 1367 606 1408 ad
655 1368 835 1409 duarum
883 1368 1189 1422 prouinciarum
1238 1373 1456 1432 utramque
1503 1367 1650 1408 auidas

212 1425 374 1481 imperii
417 1440 564 1466 manus
604 1426 813 1480 porrexit,
855 1427 988 1467 altera
1018 1426 1197 1479 potitus.
1237 1425 1410 1465 alterius
1442 1426 1651 1466 irreuoca-

215 1483 350 1524 biliter
390 1483 725 1524 dominacionem
774 1483 935 1537 amisit,
979 1483 1080 1524 nihil
1128 1497 1327 1537 umquam
1368 1482 1533 1523 fortiter
1574 1497 1648 1538 pro

213 1541 340 1596 ipsius
387 1542 715 1606 recuperacione
761 1547 947 1583 conatus.
1009 1540 1131 1582 Adeo
1181 1540 1351 1581 difficile
1397 1540 1651 1596 pregrandia

214 1599 483 1640 continentur
513 1599 702 1654 imperia.

350 1657 455 1697 Post
494 1670 617 1711 quem
658 1657 766 1698 filius
808 1657 898 1698 eius
932 1655 1146 1698 Haraldus
1179 1656 1315 1696 Danie
1358 1661 1560 1706 regnator
1590 1655 1649 1696 in-

212 1715 357 1765 cessit,
399 1714 451 1755 ob
485 1714 562 1756 hoc
594 1714 762 1769 quidem
797 1715 1049 1756 obscurioris
1082 1714 1194 1768 apud
1227 1719 1422 1768 posteros
1454 1714 1651 1755 memorie

215 1772 565 1826 egregiorumque
588 1786 760 1827 operum
785 1773 1055 1813 monimentis
1085 1785 1261 1823 uacuus,
1294 1770 1407 1826 quod
1440 1771 1647 1825 regiarum

214 1844 341 1885 opum
372 1837 565 1872 seruator
596 1831 730 1884 magis
762 1844 884 1885 quam
917 1834 1176 1885 propagator
1208 1829 1409 1871 extiterit.

354 1888 454 1929 l’ost
499 1888 610 1929 hunc
656 1888 816 1930 Gormo
864 1902 1004 1929 arcem
1052 1888 1245 1936 obtinuit,
1296 1900 1461 1942 semper
1499 1887 1650 1929 infensi

213 1959 314 2000 erga
345 1946 586 1999 religionem
619 1947 760 1998 animi,
807 1945 1150 1987 Christicolarum
1198 1943 1372 2000 perinde
1405 1959 1453 1986 ac
1484 1947 1650 1987 teterri-

211 2018 373 2045 morum
422 2004 637 2044 hominum
685 1979 923 2069 respectum
964 2004 1217 2069 extinguere
1244 2003 1429 2057 cupiens.
1491 2003 1648 2045 Omnes

213 2061 385 2103 huiusce
417 2075 562 2103 norme
586 2062 810 2117 participes
831 2062 949 2103 uario
981 2061 1225 2103 iniuriarum
1257 2071 1411 2114 genere
1432 2060 1647 2116 fatigatos,

212 2120 363 2174 quibus
393 2119 545 2174 potuit⁷
579 2119 797 2160 calumniis
830 2119 993 2174 insequi
1026 2133 1108 2160 non
1142 2119 1317 2174 quieuit.
1381 2117 1492 2165 Quin
1515 2120 1649 2160 eciam

212 2183 258 2218 ut
288 2177 474 2232 priscum
505 2177 691 2218 delubris
724 2177 880 2218 cultum
914 2177 1166 2227 iestitueret,
1209 2175 1413 2230 templum
1444 2175 1483 2216 in
1517 2176 1648 2218 fundo

213 2234 470 2276 Slesuicensi
519 2249 544 2275 a
594 2234 799 2289 religiosis
852 2234 1086 2287 conditum,
1143 2239 1346 2289 tanquam
1396 2234 1650 2289 sacrilegum

212 2293 382 2348 aliquod
426 2292 654 2346 impictatis
695 2292 974 2345 domicilium,
1028 2293 1079 2333 ab
1132 2291 1224 2332 imis
1269 2288 1648 2346 funssdamentorum

210 2351 403 2406 partibus
435 2350 656 2392 demolitus
689 2356 765 2403 est,
798 2365 904 2405 quos
935 2350 1147 2406 suppliciis
1179 2363 1263 2390 non
1287 2350 1498 2414 attigerat,
1531 2364 1648 2391 sacre

220 2409 324 2450 celle
373 2412 515 2463 strage
566 2407 758 2463 puniens.
819 2407 901 2449 Hic
959 2407 1125 2449 tametsi
1184 2406 1450 2462 proceritatis
1505 2407 1651 2448 habitu

211 2466 390 2508 eximius
422 2463 676 2522 pultaretur,
707 2479 854 2533 parum
888 2465 1218 2521 respondentem
1255 2465 1418 2518 corpori
1461 2466 1642 2506 animum

211 2524 352 2579 gessit.
414 2524 480 2565 Ita
528 2524 636 2565 enim
676 2536 813 2564 mores
855 2538 951 2565 suos
993 2524 1104 2564 intra
1144 2520 1350 2577 regnandi
1399 2523 1646 2564 sacietatem

211 2582 427 2634 continuit,
446 2585 505 2623 ut
526 2585 697 2623 seruata
712 2581 859 2636 pocius
891 2594 1017 2636 quam
1047 2585 1172 2622 aucta
1200 2578 1417 2620 maiestate
1432 2580 1647 2635 gauderet,

1708 858 1806 889 p.ws

1698 1670 1801 1698 XCVb

1684 2300 1795 2335 1(179)

1699 2474 1794 2508 p.⁴ffl
