1884 3126
753 211 982 242 PREFAOIO.
1568 202 1593 243 3

146 328 260 370 mani
291 328 377 370 stili
403 327 408 380 Ι
436 327 698 379 imitacione,
740 340 823 367 non
869 326 1006 367 solum
1045 340 1187 368 rerum
1226 341 1251 368 a
1292 342 1335 369 se
1376 330 1595 384 magnifice
1633 343 1695 374 117

144 390 362 441 gestarum
394 386 538 427 titulos
570 384 781 439 exquisito
815 388 1042 426 contextus
1068 398 1238 439 genere,
1269 386 1403 428 ueluti
1433 389 1595 442 poetico

144 444 326 500 quodam
358 458 507 500 opere,
539 443 857 499 perstrinxisse,
898 457 1048 484 uerum
1090 443 1222 484 eciam
1254 444 1458 486 maiorum
1501 450 1595 488 acta

141 503 269 558 patrii
299 502 502 544 sermonis
524 501 779 543 carminibus
800 501 990 556 uulgata,
1021 501 1166 556 lingue
1198 515 1271 543 sue
1302 502 1449 557 literis,
1482 505 1595 546 saxis

90 574 107 600 5
140 575 188 602 00
219 562 394 616 rupibus
425 558 702 625 insculpenda
734 573 914 600 curasse.
969 559 1161 608 Quorum
1182 560 1372 615 uestigiis
1405 575 1479 603 ceu
1507 563 1595 618 qui-

141 619 320 660 busdam
344 618 607 674 antiquitatis
628 618 914 659 uoluminibus
936 617 1146 671 inherens,
1179 622 1451 675 tenoremque
1484 621 1595 663 ueris

142 678 437 719 translacionis
467 676 659 733 passibus
691 676 914 742 emulatus,
947 680 1082 717 metra
1113 676 1257 718 metris
1284 677 1500 720 reddenda
1528 693 1595 720 cu-

141 735 258 788 raui,
294 736 445 791 quibus
475 733 792 776 scribendorum
823 735 950 776 series
972 734 1154 775 subnixa
1176 749 1259 776 non
1287 739 1373 777 tam
1407 741 1596 780 recenter

144 794 347 848 conflata,
381 808 508 849 quam
539 792 771 847 antiquitus
804 792 917 834 edita
949 797 1246 847 cognoscatur:
1289 795 1386 849 quia
1423 809 1595 850 presens

75 865 109 892 10
141 866 244 907 opus
276 867 359 894 non
390 865 599 906 nugacem
630 851 833 892 sermonis
864 851 1166 903 luculenciam,
1212 851 1284 892 sed
1316 852 1485 894 fidelem
1523 868 1595 896 ue-

140 911 310 951 tustatis
342 910 541 952 noticiam
574 909 808 964 pollicetur.
871 908 1088 957 Quantum
1130 923 1253 964 porro
1295 910 1453 966 ingenii
1484 913 1595 954 illius

140 968 329 1010 homines
370 968 643 1010 historiarum
683 966 868 1008 edituros
913 971 1132 1022 putemus,
1170 968 1203 1008 si
1244 969 1453 1010 scribendi
1485 972 1596 1012 sitim

140 1026 383 1068 Latinitatis
415 1026 573 1081 pericia
604 1025 834 1080 pauissent,
869 1025 1020 1079 quibus
1052 1026 1221 1067 tametsi
1253 1025 1451 1069 Romane
1482 1029 1596 1070 uocis

141 1085 296 1126 noticia
313 1085 491 1138 abesset,
514 1087 634 1125 tanta
652 1083 858 1125 tradende
876 1097 1017 1124 rerum
1035 1098 1206 1125 suarum
1226 1086 1428 1127 memorie
1444 1086 1594 1142 cupido

78 1156 110 1183 15
141 1143 322 1196 incessit,
362 1147 409 1184 ut
449 1142 712 1183 uoluminum
754 1142 844 1183 1000
884 1146 1026 1183 uastas
1056 1142 1185 1183 moles
1223 1144 1594 1198 amplecterentur,

141 1201 331 1242 codicum
378 1215 500 1242 usum
548 1214 574 1241 a
620 1200 812 1241 cautibus
858 1201 1133 1241 mutuantes?
1207 1198 1299 1242 Nec
1347 1201 1594 1257 Tylensium

142 1259 346 1300 industria
387 1258 557 1300 silencio
603 1258 909 1299 oblitteranda:
957 1259 1027 1313 qui
1064 1273 1159 1299 cum
1190 1258 1242 1300 ob
1288 1260 1475 1301 natiuam
1519 1261 1594 1301 soli

141 1317 406 1358 sterilitatem
449 1316 615 1358 luxurie
655 1316 923 1357 nutrimentis
966 1321 1174 1368 carentes,
1216 1317 1355 1359 officia
1397 1319 1594 1359 continue

142 1375 379 1416 sobrietatis
411 1378 650 1423 exerceant,
685 1375 911 1429 omniaque
943 1374 1030 1415 uite
1063 1380 1276 1416 momenta
1310 1377 1362 1417 ad
1397 1376 1592 1417 excolen-

75 1446 112 1472 20
142 1433 240 1474 dam
272 1434 506 1475 alienorum
540 1446 717 1488 operum
747 1433 947 1474 noticiam
979 1432 1168 1474 conferre
1201 1434 1376 1486 soleant,
1409 1435 1594 1489 inopiam

142 1491 312 1545 ingenio
346 1495 539 1547 pensant.
587 1489 850 1540 Cunctarum
883 1491 1038 1546 quippe
1070 1491 1293 1532 nacionum
1322 1495 1327 1543 l
1354 1506 1420 1533 res
1451 1497 1593 1546 gestas
1629 1510 1655 1534 11.
1681 1501 1696 1525 S

142 1563 342 1615 cognosse
362 1549 646 1603 memoriequc
664 1549 880 1602 mandare,
903 1550 1134 1603 uoluptatis
1156 1550 1250 1590 loco
1268 1554 1489 1605 reputant:
1514 1564 1593 1591 1100

142 1608 312 1649 minoris
343 1608 476 1663 glorie
510 1607 744 1648 iudicantes
786 1607 945 1648 alienas
977 1607 1156 1648 uirtutes
1195 1608 1423 1661 disserere,
1468 1622 1592 1663 quam

142 1667 333 1721 ρι’·(1ρ1100
364 1666 580 1707 exhibere.
645 1665 835 1731 Quorum
866 1665 1085 1706 thesauros
1129 1665 1423 1708 historicarum
1454 1680 1593 1707 rerum

72 1736 108 1762 05
139 1724 385 1778 pignoribus
417 1723 594 1766 refertos
632 1723 833 1765 curiosius
877 1724 1109 1775 consulens,
1150 1724 1253 1765 haut
1284 1738 1461 1779 paruam
1501 1737 1594 1778 pre-

142 1783 270 1823 sentis
302 1783 438 1838 operis
469 1786 633 1838 partem
676 1796 731 1823 ex
772 1795 920 1822 eorum
962 1781 1184 1823 relacionis
1231 1783 1468 1824 imitacione
1501 1796 1594 1823 con-

142 1841 279 1881 texui:
311 1855 389 1882 000
420 1840 602 1882 arbitros
635 1840 792 1881 habere
819 1840 1062 1895 contempsi,
1096 1854 1201 1895 quos
1231 1845 1350 1882 tanta
1373 1841 1594 1882 uetustatis

142 1899 299 1954 pericia
330 1899 483 1940 callere
520 1899 709 1953 cognoui.
770 1897 860 1939 Nec
900 1899 1037 1939 minus
1069 1897 1293 1939 Absalonis
1332 1902 1492 1940 asserta
1532 1913 1594 1940 se-

143 1957 307 2009 ctando,
341 1971 420 2012 que
443 1957 511 1998 uel
534 1958 623 2012 ipse
646 1957 786 2011 gessit,
817 1957 886 1998 uel
910 1956 962 1997 ab
985 1956 1078 1997 aliis
1106 1961 1225 2011 gesta
1253 1957 1490 2011 perdidicit,
1522 1957 1592 1998 do-

75 2026 112 2052 30
143 2015 211 2055 0111
243 2016 382 2056 001010
423 2015 601 2070 stiloque
633 2015 855 2070 complecti
886 2028 983 2056 cure
1026 2014 1180 2067 habui3
1221 2015 1463 2056 uenerande
1505 2015 1593 2056 eius

143 2073 398 2114 narracionis
439 2073 739 2123 documentum
781 2072 956 2127 perinde
998 2086 1046 2113 ac
1078 2071 1269 2113 diuinum
1303 2072 1475 2128 aliquod
1508 2086 1592 2113 010-

143 2131 363 2185 gisterium
396 2116 678 2186 amplexatus.

281 2189 342 2230 Te
374 2202 498 2242 ergo,
541 2188 737 2230 salutaris
766 2188 961 2243 princeps
994 2201 1041 2228 ac
1072 2202 1225 2243 parens
1265 2192 1431 2240 noster,
1476 2188 1591 2228 cuius

143 2246 468 2288 illustrissimam
498 2261 523 2288 a
554 2247 700 2302 priscis
731 2247 989 2301 temporibus
1011 2246 1249 2301 prosapiam
1272 2245 1458 2287 dicturus
1485 2259 1589 2298 sum,

11 2307 19 2310 “
74 2315 111 2343 35
142 2305 370 2346 clarissima
402 2305 477 2345 lux
498 2305 652 2360 patrie,
674 2303 945 2356 Voldemare,
978 2304 1153 2345 dubium
1175 2303 1333 2345 laboris
1354 2303 1476 2344 huius
1498 2317 1590 2358 pro-

143 2376 332 2416 gressum
364 2363 510 2405 fauore
541 2362 736 2418 prosequi
772 2376 896 2416 rogo:
929 2362 1029 2417 quia
1058 2362 1259 2416 propositi
1282 2361 1465 2416 pondere
1497 2374 1590 2401 con-

143 2421 312 2462 strictus
344 2435 509 2473 uereor,
542 2434 596 2462 ne
626 2420 761 2474 magis
782 2420 999 2475 impericie
1021 2433 1118 2464 meev
1137 2419 1328 2460 habitum
1350 2419 1590 2472 ingeniique

144 2478 405 2520 debilitatem
427 2476 708 2534 patefalciam,
742 2492 868 2534 quam
889 2482 1019 2530 tuam,
1052 2478 1157 2519 sicut
1180 2491 1255 2532 par
1277 2481 1351 2529 est,
1385 2477 1590 2530 originem
1629 2491 1655 2516 1³·
1678 2483 1693 2507 ⁰

143 2542 443 2593 representem.
506 2536 723 2592 Siquidem
765 2540 907 2592 preter
947 2539 1124 2591 paterne
1167 2534 1411 2576 hereditatis
1443 2534 1591 2588 ampli·

72 2593 109 2621 4⁰
141 2594 353 2647 tudinem,
397 2596 623 2650 conspicua
663 2596 783 2649 regni
813 2594 1076 2635 incrementa
1119 2593 1390 2634 finitimorum
1422 2605 1590 2646 oppres-

287 2656 291 2659 .
1412 2658 1451 2693 1*
