1884 3126
200 910 230 936 10

195 1198 230 1225 15

191 1485 228 1511 ‘20

193 1773 228 1800 25

193 2062 230 2089 30

192 2349 228 2376 35

269 257 352 297 354
851 270 905 277 -
966 248 1008 290 X
1072 270 1119 277 --

269 396 368 423 num
399 391 569 422 suorum
601 376 840 431 quempiam
861 389 1001 429 manu,
1033 375 1146 418 ferro
1179 375 1249 416 uel
1274 376 1387 417 fuste
1418 376 1597 428 lesisset,
1629 381 1704 418 aut

268 439 303 479 si
335 438 554 500 quicquam
591 434 796 475 uiolenter
827 433 915 474 eius
947 434 1141 475 manibus
1175 433 1444 487 extorsisset,
1483 447 1704 478 comamue

267 495 387 536 alieni
447 492 592 547 capitis
645 491 866 542 uiolasset,
917 494 1131 546 postremo
1184 491 1218 532 si
1270 490 1477 532 maiestati
1530 491 1702 533 insidias

265 552 504 593 struxisset
548 549 801 603 abundeque
845 523 897 589 dc
939 548 1050 589 sacto
1091 548 1263 590 testium
1305 548 1566 590 asti-ucciom
1608 563 1704 591 con-

264 613 415 657 staret,
462 612 661 661 tanquam
703 606 893 659 capitalis
940 606 1121 647 criminis
1165 620 1260 647 reus
1303 606 1499 647 clientela
1539 613 1703 649 amotus

265 665 431 706 militari
472 678 646 704 munere
689 663 1012 716 defungebatur.
1083 663 1125 704 Is
1166 677 1364 718 namque,
1406 664 1478 719 qui
1517 665 1704 718 grauiter

264 723 316 763 ab
358 736 407 762 eo
448 721 622 762 affectus
664 720 823 770 fuerat,
866 721 905 762 in
939 720 1082 776 primis
1120 734 1286 775 regem,
1319 722 1423 763 sella
1454 723 1606 776 posita,
1640 723 1702 763 ius

264 779 383 820 militi
422 778 560 820 dicere
600 778 868 833 postulabat,
910 777 1061 819 deinde
1100 792 1241 830 reum,
1284 783 1330 819 ut
1368 778 1410 820 in
1457 780 1701 821 concionem

264 837 443 888 ueniret,
478 836 607 878 tercio
642 836 866 877 citatorum
898 836 1043 877 ordine
1079 837 1355 891 prouocabat.
1427 836 1702 893 Vnumquen-

263 909 345 949 que
380 895 464 935 bini
495 893 702 935 duntaxat
733 893 1039 935 commilitones
1073 893 1317 948 explebant-
1378 894 1418 935 A
1450 894 1624 949 quibus,
1668 895 1702 936 si

262 966 358 993 reus
390 952 429 993 in
464 951 729 1006 questionem
759 952 973 1006 publicam
1005 950 1280 993 deducendus
1321 966 1409 992 rem
1453 952 1701 994 familiarem

261 1009 532 1064 possedisset,
566 1009 678 1049 domi
711 1009 854 1060 semel,
884 1011 889 1058 1
919 1010 978 1050 bis
1010 1010 1048 1049 in
1084 1010 1197 1050 curia
1230 1009 1341 1065 apud
1376 1009 1606 1051 discubitus
1637 1010 1702 1052 sui

261 1068 397 1108 locum
439 1081 611 1122 presens
649 1067 856 1108 absensue
897 1067 1102 1121 postulari
1143 1067 1320 1108 solebat.
1397 1067 1454 1108 At
1495 1069 1529 1109 si
1568 1067 1700 1112 fundo

262 1130 445 1175 careret,
489 1138 538 1165 eo
580 1124 681 1169 loci,
724 1125 794 1164 ubi
836 1125 874 1165 iu
919 1125 1016 1165 aula
1058 1125 1265 1166 accubare
1308 1132 1605 1167 consueuerat.
1637 1130 1702 1168 ter

260 1183 486 1236 sponsione
517 1182 813 1236 prouocandus
844 1183 993 1224 fuerat.
1048 1181 1262 1223 Concione
1283 1182 1398 1235 inita,
1431 1183 1499 1238 qui
1523 1182 1701 1238 prono*-

263 1245 476 1292 cauerant‚
508 1253 683 1294 syncere
714 1255 759 1281 sc
791 1254 907 1281 reum
940 1239 1177 1295 postulasse
1207 1239 1393 1295 nihilque
1423 1241 1462 1282 in
1496 1255 1547 1282 ea
1576 1254 1702 1282 cause

263 1298 452 1339 diccione
484 1297 644 1338 fauoris
677 1303 750 1339 aut
783 1297 943 1339 offense
979 1299 1190 1352 respectui
1230 1297 1454 1340 indulsisse
1491 1298 1700 1352 iurabant,

262 1356 469 1410 simulque
516 1359 557 1396 et
603 1356 824 1396 citatorum
869 1361 910 1397 et
953 1356 1125 1397 testium
1167 1356 1357 1410 partibus
1401 1356 1700 1399 inseruiebant.

264 1413 580 1467 Consequenter
603 1414 643 1453 in
661 1427 718 1454 re,
743 1429 776 1452 ··ι
802 1413 1043 1468 principalis
1065 1412 1165 1454 facti
1186 1413 1472 1455 testimonium
1494 1428 1517 1455 a
1535 1414 1700 1456 duobus

259 1470 598 1513 denunciandum
651 1471 860 1521 restabat,
919 1471 1155 1512 iuramento
1214 1470 1372 1526 prefari
1420 1472 1562 1522 iussis,
1624 1485 1700 1515 nec

262 1529 415 1570 actoris
447 1542 589 1569 amos·
622 1543 699 1569 nec
729 1529 788 1570 rei
822 1529 918 1570 odio
952 1529 1175 1583 quicquam
1207 1543 1252 1571 se
1295 1533 1436 1584 preter
1466 1530 1597 1571 oculis
1627 1534 1701 1572 aut

261 1586 435 1628 auribus
468 1591 688 1642 explorata
721 1587 917 1629 dicturos.
979 1586 1090 1628 Nam
1120 1587 1163 1627 in
1195 1587 1415 1641 questione
1449 1588 1534 1629 lese
1574 1588 1699 1630 maie-

260 1645 381 1686 statis
411 1644 661 1699 propensior
683 1643 846 1686 auditui
867 1644 974 1686 fides
1006 1644 1149 1685 haberi
1177 1650 1481 1698 consueuerat3
1513 1650 1697 1688 ceterum

261 1702 546 1743 testimonium
587 1702 625 1741 in
671 1703 801 1744 oculis
833 1699 1129 1757 reponebatur.
1191 1702 1393 1744 Preterea
1430 1703 1596 1745 obiecta
1628 1704 1698 1745 de-

258 1760 461 1802 fensionis
493 1759 674 1815 presidio
707 1761 910 1815 repellere
942 1773 1025 1801 non
1062 1760 1239 1814 licebat3
1281 1759 1488 1815 siquidem
1519 1762 1696 1803 testium

262 1818 500 1859 criminacio
543 1831 680 1872 neque
723 1819 859 1860 alieno
904 1819 1140 1873 patrocinio
1179 1832 1315 1873 neque
1359 1819 1528 1874 propria
1559 1820 1698 1860 cuius-

261 1890 384 1931 quam
416 1875 658 1931 repulsione
681 1876 826 1917 subrui
846 1879 1026 1932 poterat.
1077 1875 1259 1917 Tantum
1283 1876 1435 1932 quippe
1458 1877 1697 1918 auctoritati

260 1934 446 1988 ipsorum
478 1933 645 1988 pondus
678 1935 825 1984 inerat,
858 1939 905 1975 ut
937 1934 1183 1975 assercionis
1206 1947 1351 1975 eorum
1374 1934 1499 1975 fidem
1531 1936 1697 1976 eleuare

261 1991 455 2046 proxima
487 1989 745 2045 sacrileg<i>o
779 1991 995 2033 demencia
1037 1995 1268 2046 putaretur.
1328 1992 1393 2033 Ita
1424 2006 1517 2033 reus
1549 1993 1696 2034 aduer-

260 2063 351 2090 sum
393 2049 614 2090 testimonii
654 2050 813 2090 fulmen
857 2063 935 2091 nec
977 2049 1141 2104 culpam
1185 2063 1261 2090 nec
1292 2049 1574 2092 innocenciam
1612 2049 1696 2091 ullo

261 2111 513 2161 argumento
545 2106 655 2148 tueri
686 2108 838 2162 potuit.
899 2106 982 2148 Sed
1013 2121 1150 2162 neque
1183 2107 1241 2158 ei,
1272 2107 1305 2148 si
1336 2108 1562 2162 sponsione
1602 2121 1698 2163 pro-

260 2169 438 2206 uocatus
468 2164 629 2217 fuisset,
662 2164 985 2219 restipulacione
1014 2166 1077 2206 uti
1098 2165 1227 2205 licuit.
1273 2164 1506 2207 Racionem
1528 2166 1697 2207 testium

261 2221 450 2263 districta
486 2222 670 2263 iudicum
707 2226 712 2273 1
750 2223 1054 2278 insequebatur
1093 2223 1347 2274 auctoritas,
1388 2236 1526 2274 reum,
1568 2223 1697 2264 ueluti

261 2279 478 2321 euidenter
509 2279 684 2321 noxium
714 2279 901 2335 nihilque
933 2281 1014 2322 iam
1046 2293 1122 2335 pro
1145 2295 1191 2322 se
1214 2285 1492 2334 recusantem,
1524 2281 1697 2331 honore,

262 2338 430 2392 opibus,
462 2338 600 2392 patria
631 2342 758 2392 atque
791 2338 904 2379 omni
945 2337 1116 2379 demum
1155 2337 1321 2379 militari
1362 2337 1583 2380 funccione
1626 2338 1698 2379 da-

261 2396 511 2436 mnancium.
558 2394 767 2437 Hostibus
792 2396 879 2437 eius
912 2396 1046 2437 honos
1077 2400 1206 2451 atque
1237 2395 1464 2450 impunitas
1484 2395 1696 2438 adiudica-

262 2453 428 2494 bantur.
490 2452 619 2494 quta
648 2453 687 2494 in
722 2458 963 2508 presentem
1005 2453 1307 2508 absentemque
1345 2454 1558 2495 sentencie
1588 2454 1695 2495 fere-

263 2511 428 2551 bantur.
491 2510 578 2551 Sua
610 2510 713 2552 nulli
743 2510 1028 2566 longinquitas
1059 2510 1243 2566 presidio
1278 2525 1371 2552 esse
1403 2515 1580 2566 poterat,
1612 2525 1694 2566 quo

262 2567 397 2609 minus
429 2571 471 2608 et
500 2568 716 2610 accusacio
750 2568 925 2609 testibus
958 2573 1000 2611 et
1031 2568 1252 2610 damnacio
1274 2569 1495 2610 sentenciis
1516 2569 1695 2611 instrue—

193 2636 230 2663 40
259 2630 386 2667 retur.
426 2625 637 2673 ‘Quarum
670 2630 849 2682 utraque
881 2626 1004 2682 plene
1035 2629 1177 2682 partes
1209 2639 1305 2667 suas
1339 2626 1589 2679 exhibente,
1621 2639 1694 2668 reo

1758 1024 1782 1047 p.
1804 1015 1853 1042 529

1767 1190 1854 1218 CVh
