1884 3126
255 854 292 882 10

255 1143 292 1170 15

252 1431 291 1458 20

253 1719 291 1747 25

255 2008 291 2035 30

256 2296 292 2323 35

329 200 411 240 540
864 216 919 223 -
979 192 1118 236 XIIII
1177 214 1231 222 -

328 325 416 366 fieri
448 326 750 377 conquerente,
786 321 916 363 Cesar
947 335 1063 372 eum,
1100 320 1171 376 qui
1203 320 1372 373 stabulo
1404 323 1591 374 preerat,
1622 333 1768 361 neces-

329 383 437 423 saria
471 381 602 421 Danis
635 378 837 434 expedire
871 380 1071 433 precepit.
1139 378 1224 426 Qui
1255 392 1367 431 mox,
1401 391 1546 418 eorum
1577 378 1768 419 satelliti-

329 440 405 480 bus
438 451 580 479 secum
622 436 803 488 eductis,
845 436 887 476 in
929 436 1023 477 uico
1058 437 1222 477 eminus
1254 436 1355 488 sito,
1396 435 1548 489 quibus
1581 439 1766 490 egerent,

328 494 531 549 capienda
583 494 850 535 demonstrat.
926 493 1006 541 Qui
1058 507 1176 545 cum,
1222 507 1367 534 earum
1417 492 1766 535 consuetudinum

326 552 473 607 ignari,
499 564 702 605 equorum
725 552 926 592 alimenta
947 551 1000 591 ab
1025 551 1248 606 oppidanis
1270 551 1450 591 inermes
1475 550 1767 606 deposcerent,

326 623 539 663 uocesque
572 623 670 650 suas
702 609 866 662 sagittis
899 623 947 650 ac
978 609 1124 649 iaculis
1155 608 1304 664 repelli
1336 609 1654 663 conspicerent,
1696 607 1767 649 de-

325 667 473 722 positis
514 666 733 721 precibus,
777 666 955 721 prelium
1003 666 1237 707 ordiuntur.
1299 664 1435 721 Capto
1467 664 1624 720 italque
1658 666 1766 718 uico,

326 738 420 765 cum
453 724 597 774 lacius,
633 724 928 766 crebrescente
960 723 1155 778 fumigio,
1186 723 1322 764 facem
1345 723 1510 779 oppidis
1532 723 1768 765 subiectam

325 785 620 835 agnoscerent,
654 781 804 823 similia
826 781 904 822 sibi
928 782 1054 822 licere
1086 781 1180 834 rati,
1214 781 1435 822 confestim
1458 781 1768 836 expugnacioni

324 837 565 881 incendium
596 838 865 881 addiderunt.
931 839 1025 887 Que
1056 853 1122 880 res
1155 839 1387 880 incredibili
1427 852 1573 893 regem
1611 852 1769 893 angore

323 897 547 952 permouit.
609 896 848 938 Inter-iectis
892 896 1062 948 diebus,
1105 911 1199 938 cum
1231 895 1384 949 Cesar,
1428 911 1552 952 quem
1584 897 1769 938 uindicte

323 954 497 995 modum
541 967 565 994 a
612 954 892 1008 Maguntinis,
949 955 1108 1009 proprii
1158 954 1366 1008 pontificis
1415 954 1767 1008 interfectoribus,

324 1012 496 1066 exigere
540 1012 732 1065 deberet,
783 1013 823 1052 in
870 1013 1072 1054 concione
1119 1012 1405 1067 perquireret,
1454 1011 1767 1065 Waldemarus,

323 1070 474 1111 iterata
505 1070 726 1124 superiore
758 1070 942 1124 querela,
977 1070 1094 1124 equis
1126 1083 1291 1111 annona
1323 1069 1521 1120 defectis,
1554 1069 1768 1111 uenalium

324 1127 620 1168 alimentorum
644 1127 830 1168 subsidia
854 1128 1112 1182 postulabat.
1159 1128 1217 1168 At
1241 1127 1380 1178 Cesar,
1404 1127 1768 1169 circumiacentem

322 1185 587 1240 prouinciam
620 1185 804 1239 coniugis
837 1200 909 1226 sue
931 1186 1231 1241 patrimonium
1266 1198 1359 1226 esse
1387 1189 1579 1237 testatus,
1611 1185 1768 1226 frustra

325 1258 421 1284 cum
454 1248 599 1295 emptu
632 1242 832 1284 affectare
867 1243 1047 1297 dicebat,
1080 1242 1193 1298 quod
1227 1247 1351 1297 raptu
1383 1246 1527 1297 petere
1566 1243 1767 1285 licuisset.

326 1300 485 1342 Contra
518 1300 840 1351 Waldemarus,
888 1315 1028 1355 regem
1062 1315 1131 1351 se,
1164 1315 1248 1342 non
1283 1300 1514 1355 predonem
1547 1314 1638 1342 esse
1668 1314 1765 1355 pro-

325 1359 531 1408 clamans,
574 1364 834 1400 commeatus
876 1359 1095 1400 latrocinio
1137 1359 1397 1413 quesiturum
1439 1358 1647 1412 negabat,
1681 1363 1766 1407 aut,

323 1416 435 1471 quod
470 1417 580 1458 domi
613 1417 802 1471 iniquum
838 1416 1028 1469 duxerit,
1061 1416 1174 1471 apud
1209 1421 1381 1458 exteros
1423 1417 1766 1470 approbaturum.

327 1474 576 1529 Quanquam
611 1475 720 1516 enim
755 1475 844 1515 eius
872 1475 983 1516 modi
1006 1474 1216 1515 uiolencia
1237 1474 1490 1515 necessitate
1515 1474 1767 1515 excusabilis

326 1532 555 1583 uideretur,
589 1533 802 1587 permissis
835 1533 894 1573 uti
919 1547 1070 1587 passus
1102 1545 1186 1572 non
1219 1536 1294 1583 est,
1326 1545 1379 1572 ne
1401 1531 1627 1573 domestice
1653 1531 1767 1586 equi-

325 1590 422 1630 tatis
475 1591 840 1631 mansuetudinem
890 1590 1115 1645 peregrina
1168 1590 1414 1631 austeritate
1468 1595 1765 1644 corrumperet.

327 1647 454 1688 Cuius
502 1648 768 1689 sanctitatem
815 1648 1004 1699 uniuersi,
1051 1647 1277 1688 Germanie
1324 1647 1533 1702 principes
1579 1647 1766 1688 maximo

323 1705 472 1760 plausu
505 1705 855 1760 comprobantes,
898 1720 1032 1760 seque
1063 1710 1211 1746 mutua
1248 1705 1546 1746 ammiracione
1587 1705 1766 1746 inuicem

325 1767 586 1811 contuentes,
621 1764 768 1805 beatos
802 1763 996 1811 aiebant,
1039 1777 1145 1818 quos
1185 1763 1291 1803 tanti
1334 1763 1412 1803 uiri
1453 1763 1673 1817 integritas
1705 1777 1768 1803 re-

323 1821 485 1875 gendos
517 1826 697 1862 curaret.
761 1821 854 1869 Qua
885 1821 1013 1862 laude
1046 1821 1221 1861 tacitum
1255 1833 1419 1861 morum
1452 1835 1624 1861 suorum
1656 1820 1764 1861 uitu-

324 1879 488 1932 pcrium
522 1878 758 1921 ediderunt.
806 1879 991 1920 Dimisso
1024 1879 1167 1933 itaque
1199 1891 1312 1932 rege,
1336 1877 1535 1920 Cesarem
1556 1878 1768 1919 Hem-icus

325 1935 483 1977 hortari
515 1937 640 1991 cepit,
673 1937 862 1979 redituro
896 1937 984 1990 regi
1018 1936 1228 1990 impensas
1251 1936 1466 1990 expediat,
1499 1949 1636 1991 neque
1668 1950 1765 1976 eum

323 1994 622 2048 hospitalitatis
665 2009 739 2035 sue
788 2000 1006 2049 expertem
1053 1994 1259 2042 dimittat,
1307 1994 1424 2035 cuius
1468 1995 1604 2048 patria
1650 1993 1769 2049 quasi

326 2065 547 2092 commune
593 2051 855 2094 aduenarum
902 2052 1134 2107 hospicium
1183 2051 1365 2092 existere
1411 2051 1562 2092 soleat.
1641 2050 1766 2099 Quod

326 2108 454 2151 Cesar
477 2109 600 2150 facile
622 2110 844 2164 pollicitus,
878 2124 1027 2164 parum
1050 2113 1254 2151 executus
1288 2114 1366 2151 est.
1427 2108 1632 2150 Pontifex
1664 2122 1765 2150 uero

325 2166 598 2221 Maguntinus
631 2164 917 2223 humanitaltis
949 2168 1161 2222 specimen
1194 2166 1421 2208 maioribus
1464 2166 1762 2221 experimentis

325 2237 451 2279 quam
482 2225 700 2279 promissis
734 2225 948 2277 exhibuit,
990 2225 1157 2277 gemine
1195 2224 1526 2278 pernoctacionis
1567 2225 1768 2278 impensis

323 2282 487 2337 regium
517 2281 596 2322 iter
629 2283 859 2337 excipiens.
911 2283 959 2323 In
983 2282 1171 2324 Henrico
1194 2295 1377 2337 quoque,
1410 2282 1566 2323 crebris
1598 2280 1767 2336 regem*

325 2339 627 2381 commeatibus
672 2351 982 2396 prosequente,
1031 2341 1190 2380 clarum
1237 2339 1521 2380 amiciciarum
1567 2339 1765 2381 indicium

324 2398 475 2452 patuit.
536 2396 780 2439 Lodouicus
811 2406 966 2451 autem,
1000 2397 1232 2452 Thuringie
1263 2397 1479 2452 princeps,
1511 2411 1595 2438 non
1628 2397 1766 2439 solum

324 2455 576 2496 liberalitate
610 2469 783 2507 uacuus,
815 2455 887 2497 sed
913 2456 1042 2496 eciam
1067 2455 1248 2496 habendi
1271 2455 1286 2507 ΙΙ
1309 2454 1542 2509 cupiditate
1565 2454 1763 2505 refertus,

324 2512 559 2567 impudenti
590 2514 837 2567 precacione
870 2512 1030 2564 effecit,
1072 2517 1116 2553 ut
1156 2526 1288 2567 equus
1329 2513 1439 2566 regis
1472 2512 1550 2553 sibi
1580 2512 1762 2554 daretur.

258 2583 294 2610 40
325 2569 430 2612 Post
455 2571 538 2629 hec
557 2569 759 2622 Adolfus,
783 2570 1073 2613 Holsatiorum
1109 2570 1337 2626 prefectus,
1368 2569 1597 2612 Absalonis
1630 2569 1766 2611 officio

1821 2349 1883 2377 CL]

1819 2464 1851 2498 (3
