1884 3126
139 895 176 923 10

140 1184 174 1211 15

137 1479 174 1506 20

136 1767 173 1794 25

137 2060 174 2088 30

139 2349 176 2376 35

138 2642 175 2669 40

804 226 1071 269 —V—
1578 236 1659 277 135

206 356 327 398 aditu
372 356 672 407 deturbarent,
720 358 918 409 contum,
966 370 1049 411 quo
1098 360 1194 413 equi
1245 363 1372 415 caput
1417 361 1659 417 refixerant,

207 415 339 457 fluuio
372 415 561 457 citimum
592 414 749 455 locant.
823 413 902 455 Ille
934 415 1206 458 nihilominus
1238 417 1445 473 intrepide
1487 424 1659 474 pontem

208 487 450 528 aggressus,
527 472 576 513 In
615 472 815 525 latorem,
864 471 1024 527 inquit,
1075 475 1320 528 gestaminis
1376 477 1439 518 sui
1490 477 1659 520 fortuna

207 530 390 584 recidat,
433 544 511 572 nos
552 531 701 572 melior
743 535 1026 585 consequatur
1068 533 1267 575 euentus!
1317 534 1430 576 Male
1459 536 1660 578 maleficis

207 589 352 642 cedat,
384 589 572 631 infauste
605 588 728 630 molis
759 588 955 643 gerulum
989 603 1096 632 onus
1130 591 1302 643 obruat,
1335 593 1455 634 nobis
1488 595 1659 648 pociora

207 649 398 690 tribuant
440 648 581 689 omina
624 646 896 701 sospitatem!
938 646 1028 689 Nee
1069 662 1214 700 secus,
1254 664 1378 705 quam
1420 652 1659 706 optabatur,

206 707 364 749 euenit.
429 706 640 748 Continuo
675 719 857 760 namque
892 720 1071 748 excussa
1102 707 1267 749 ceruice
1297 722 1423 750 ruens
1450 709 1657 751 ferentem

206 766 337 821 stipes
370 764 593 821 oppressit.
661 764 729 804 Ita
762 763 896 805 omnis
938 764 1009 805 ille
1040 765 1342 807 maleficiorum
1377 772 1565 821 paratus,
1606 768 1658 809 ad

207 825 331 865 unius
364 822 654 866 execracionis
687 822 910 876 imperium
943 837 1018 878 spe
1049 837 1127 864 sua
1160 838 1332 877 uacuus,
1365 825 1589 879 expirauit.

345 880 513 923 Deinde
546 879 848 937 procedentem
892 881 1109 936 paulisper
1150 881 1320 923 Ericum
1355 882 1491 933 subit,
1534 884 1660 926 desti-

206 939 347 982 nanda
381 940 472 995 regi
504 954 596 981 esse
639 939 692 980 ab
723 936 900 980 aduenis
944 939 1068 981 dona.
1136 939 1272 994 Igitur
1303 945 1515 996 repertum
1548 941 1659 984 forte

207 998 386 1055 glaciale
417 998 601 1040 frustum
633 1001 756 1039 ueste
801 995 1028 1052 diligenter
1061 997 1311 1048 obuoluens,
1347 999 1532 1041 muneris
1563 1001 1656 1041 loco

206 1057 294 1112 regi
326 1055 605 1098 deferendum
644 1054 822 1097 curauit.
896 1059 955 1096 At
997 1056 1069 1097 ubi
1110 1055 1163 1097 ad
1207 1057 1365 1112 regiam
1408 1062 1657 1112 peruentum

207 1120 284 1165 est,
318 1115 432 1170 prior
461 1115 682 1156 introitum
716 1117 888 1169 petens,
928 1113 1104 1156 fratrem
1147 1129 1257 1170 pone
1289 1116 1490 1171 consequi
1529 1116 1657 1158 iubet.

205 1173 260 1215 Et
281 1173 363 1215 iam
397 1183 527 1215 uerne
550 1173 678 1228 regis,
710 1176 760 1213 ut
780 1171 962 1214 ludibrio
984 1174 1227 1214 uenientem
1251 1174 1510 1230 exciperent,
1532 1174 1660 1216 lubri-

206 1246 300 1275 cam
342 1232 474 1274 limini
519 1231 794 1273 substrauere
836 1230 1017 1285 pellemg
1059 1245 1183 1286 quam
1227 1231 1492 1287 ingrediente
1534 1231 1658 1273 Erico

207 1291 333 1334 celeri
365 1290 476 1332 funis
509 1294 649 1331 tractu
684 1289 974 1345 corripientes,
1006 1289 1173 1345 lapsum
1206 1290 1419 1332 insistenti
1450 1290 1660 1341 fecissent,

206 1349 249 1391 ni
280 1349 480 1391 Rollerus
524 1362 637 1404 pone
672 1347 846 1389 subiens
879 1352 1053 1403 pectore
1084 1347 1379 1389 nutabundum
1411 1346 1655 1404 exciperet!

207 1408 396 1450 fratrem.
458 1406 610 1449 Erieus
642 1407 786 1461 itaque
819 1405 1059 1461 semifusus,
1090 1405 1251 1447 nudum
1292 1406 1453 1448 habere
1493 1410 1658 1461 tergum

204 1465 483 1508 fraternitatis
530 1465 726 1520 inopem,
774 1464 998 1506 referebat·
1073 1463 1265 1520 Cumque
1311 1465 1515 1506 Gunuara
1561 1465 1659 1505 talia

206 1525 296 1580 regi
328 1523 612 1579 permittenda
636 1527 826 1577 negaret,
847 1523 919 1564 ille
945 1521 1185 1564 stoliditatis
1207 1522 1394 1578 legatum
1418 1522 1658 1573 damnabat,

206 1583 318 1638 apud
354 1583 484 1638 quem
514 1581 763 1624 insidiarum
803 1581 968 1623 cautela
998 1595 1083 1622 non
1124 1585 1247 1623 esset.
1310 1579 1456 1635 Itaque
1490 1580 1657 1622 ludibrii

208 1641 535 1683 excusacionem
566 1639 768 1682 ludificati
799 1639 1002 1681 incuriam
1035 1638 1149 1681 fecit.

343 1698 538 1740 Ardebat
569 1699 682 1740 intra
705 1697 829 1739 edem
860 1698 969 1752 ignis
993 1697 1130 1739 uultui
1162 1697 1363 1752 temporis
1399 1696 1508 1738 haud
1544 1696 1658 1738 inde-

205 1756 330 1799 bitus.
377 1757 546 1813 Quippe
567 1757 651 1799 iam
674 1756 859 1798 medium
882 1756 1044 1812 hyemis
1075 1756 1270 1797 fluxerat.
1316 1754 1431 1796 Huic
1452 1754 1656 1796 distinctis

208 1815 475 1858 consessibus
510 1815 605 1857 hine
624 1813 637 1870 ll
653 1829 743 1869 rex,
775 1813 898 1872 in*de
928 1814 1093 1870 pugiles
1124 1813 1333 1855 assedere.
1398 1812 1492 1865 Qui,
1523 1812 1655 1868 appli-

207 1879 331 1916 cante
362 1888 408 1915 se
439 1873 541 1930 ipsis
572 1872 722 1928 Erice,
761 1873 1023 1914 ululaneium
1065 1885 1182 1913 more
1222 1871 1460 1913 horrisonas
1504 1870 1657 1912 dedere

206 1946 350 1975 uoces.
411 1932 507 1975 Rex
542 1932 767 1987 strepitum
796 1931 985 1973 inhibere
1019 1931 1142 1985 cepit,
1174 1928 1343 1977 docens,
1385 1942 1469 1971 non
1502 1927 1658 1970 debere

205 1990 451 2045 pectoribus
483 1990 678 2032 humanis
699 1989 860 2031 ferinos
891 1990 1031 2031 inesse
1054 2002 1194 2030 sonos.
1246 1987 1476 2029 Subiunxit
1496 1985 1656 2039 Ericus,

206 2062 358 2090 cauum
381 2048 493 2090 hune
526 2063 620 2090 esse
645 2062 818 2099 morem,
850 2056 898 2089 ut
921 2061 1005 2088 uno
1028 2047 1254 2088 inchoante
1286 2045 1419 2087 ceteri
1458 2046 1654 2086 latratum

207 2106 350 2161 edant,
392 2106 504 2162 quod
544 2106 759 2162 propriam
798 2106 941 2148 cuncti
981 2105 1166 2147 moribus
1209 2104 1413 2158 originem
1458 2101 1654 2158 prodant,

206 2178 255 2206 ae
286 2178 411 2206 suum
449 2162 629 2220 quisque
672 2178 807 2220 genus
850 2164 1048 2206 fateatur.
1122 2161 1416 2216 Interrogatus
1459 2165 1600 2201 autem
1632 2174 1657 2200 a

207 2222 392 2273 Colone,
425 2222 497 2278 qui
528 2222 766 2264 delatorum
799 2222 890 2276 regi
921 2234 1143 2263 munerum
1174 2223 1314 2261 custos
1348 2222 1456 2270 erat,
1487 2232 1541 2259 an
1570 2217 1656 2259 ulla

206 2294 350 2323 secum
391 2279 503 2323 dona
541 2280 752 2335 nexisset,
798 2280 1000 2336 glaciem,
1047 2292 1171 2335 quam
1212 2278 1309 2319 sinu
1355 2275 1655 2324 occultauerat,

207 2339 377 2394 promit.
431 2338 572 2386 Quam
603 2353 700 2381 cum
722 2338 782 2380 illi
805 2344 923 2380 trans
943 2337 1130 2378 foculum
1153 2335 1425 2392 porrexisset,
1456 2338 1659 2388 tanquam—

207 2411 335 2438 manu
382 2396 623 2452 recipientis
670 2397 858 2452 elapsam
906 2395 1083 2437 flammis
1127 2393 1180 2435 de
1220 2391 1424 2434 industria
1470 2390 1655 2433 tradidit.

209 2455 408 2507 Cunctis,
444 2456 523 2510 'qui
554 2455 756 2506 aderant,
794 2454 1069 2509 conspicuum
1103 2452 1238 2493 nitore
1270 2450 1452 2491 frustum
1484 2462 1655 2490 cernen-

207 2514 333 2565 tibus,
365 2513 502 2554 uisum
541 2517 605 2555 est
634 2513 723 2568 igni
752 2512 962 2567 liquidum
999 2510 1193 2552 incidisse
1234 2507 1463 2550 metallum.
1530 2505 1655 2555 Quod

209 2585 306 2613 cum
336 2569 488 2613 Ericus
519 2571 752 2627 recepturis
782 2569 943 2612 incuria
974 2581 1200 2611 excussum
1238 2580 1331 2609 esse
1368 2563 1655 2616 contenderet,

207 2628 308 2686 quid
339 2628 535 2686 supplicii
571 2629 755 2672 muneris
797 2627 990 2671 amissuri
1030 2626 1260 2679 debeatur,
1301 2622 1485 2680 inquirit.
1558 2621 1653 2664 Rex

1713 1423 1739 1448 p.
1761 1414 1811 1441 204

1717 1806 1810 1834 xlm,

1723 1840 1794 1875 (76)
