1884 3126
99 865 129 890 ll)

94 1155 126 1181 15

89 1445 124 1472 20

89 1736 124 1764 25

86 2026 122 2053 30

82 2316 119 2344 35

81 2609 119 2637 40

716 226 767 232 —
828 203 943 246 VIII
991 231 1057 239 -—
1523 211 1599 251 281

163 328 216 370 ad
254 329 527 372 Iarmericum
558 343 777 384 reuersus,
808 332 948 387 parari
980 332 1137 374 bellum
1177 334 1231 375 ab
1264 334 1604 390 Hellesponticis,

162 387 332 430 indicat.
411 388 533 442 Rex,
580 390 771 431 menibus
822 404 949 446 quam
994 391 1083 433 acie
1137 391 1270 433 tucius
1318 392 1603 435 dimicandum

160 445 422 499 existimans,
453 447 494 487 in
527 461 632 500 eam,
667 462 791 503 quam
814 448 1153 503 exedificauerat,
1191 451 1475 492 municionem
1507 465 1603 492 con-

161 504 282 568 fugit.
355 504 441 545 Vbi
481 503 534 545 ad
577 505 800 547 ferendam
841 506 1108 549 obsidionem
1148 508 1450 550 commeatibus
1487 510 1603 565 peni-

163 562 298 614 cim-,a
345 564 666 617 propugnacula
714 565 884 605 armatis
929 565 1144 619 implebat.
1220 565 1452 620 Fulgentes
1497 580 1601 608 auro

162 625 276 661 cette
309 621 654 676 ciicunpensique
685 621 819 677 clypei
851 636 1095 676 supremum
1127 622 1213 664 edis
1246 624 1448 665 ambitum
1480 625 1601 666 adoi-

161 678 330 719 nabant.
374 678 567 733 Contigit
588 684 745 732 autem,
768 685 814 721 ut
836 680 1160 734 Hellespontici,
1178 681 1305 736 prede
1327 684 1601 736 particioncm

161 736 314 789 actuii,
359 750 556 791 magnam
612 751 786 779 suorum
832 753 1004 780 manum
1049 739 1269 804 peculatus
1320 741 1601 782 insimulatam

163 794 421 836 occiderent.
466 794 616 849 Igitur,
648 796 763 851 quod
791 800 953 837 tantam
976 797 1191 862 copiarum
1222 802 1383 863 paitem
1406 799 1602 840 intestina

159 852 280 894 clade
311 859 683 908 consumpserant,
725 855 821 895 aule
869 855 1238 909 ex1)ugnaei0nen1
1278 856 1363 896 suis
1406 857 1603 898 alciorem

159 911 320 951 uiribus
359 911 462 964 rati,
507 912 768 962 ueneficam,
814 913 879 953 cui
928 912 1149 954 Guthiune
1197 918 1286 955 c1at
1331 915 1601 967 uocabulum,

160 969 398 1011 consulunt.
443 969 538 1017 Qua
559 970 769 1012 efficiente
801 971 915 1025 regie
947 971 1077 1025 partis
1099 977 1440 1026 propugnatoies
1462 973 1598 1014 subito

159 1027 291 1068 oculis
313 1027 423 1082 capti
444 1028 484 1068 in
506 1025 510 1083 Ι
530 1042 574 1070 se
595 1029 710 1084 ipsos
733 1042 849 1070 arma
849 1005 1137 1070 ‘conuertunt
1190 1029 1284 1077 Quo
1307 1030 1412 1084 uiso,
1439 1030 1602 1073 Helles-

159 1086 343 1141 pontici,
387 1085 599 1141 applicata
626 1086 853 1137 testudine,
885 1087 1041 1142 plimos
1072 1091 1291 1142 portarum
1312 1064 1451 1130 adit’us
1484 1102 1602 1130 occu-

156 1148 270 1198 pant.
341 1144 508 1186 Deinde
550 1145 774 1186 conuulsis
812 1146 1002 1200 postibus
1048 1146 1293 1201 irruptaque
1340 1145 1437 1197 ede,
1483 1161 1601 1188 cecas

157 1202 342 1243 hostium
370 1202 605 1257 phalanges
638 1203 908 1246 obtruncant.
978 1203 1040 1245 Eo
1076 1205 1260 1245 tumultu
1300 1205 1599 1259 superueniens

157 1260 340 1302 Othinus
379 1259 624 1316 mediosque
664 1261 939 1317 preliancium
982 1262 1132 1315 globos
1171 1268 1403 1317 appetens,
1454 1262 1600 1328 Dabis,

157 1332 262 1384 quos
294 1322 469 1373 paterna
501 1334 668 1384 semper
699 1319 856 1375 pietate
882 1320 1083 1372 coluerat,
1116 1319 1358 1374 ademptum
1392 1321 1600 1375 prestigiis

156 1377 294 1418 uisum
325 1390 479 1432 supeia
510 1377 666 1418 uiitute
699 1378 896 1419 restituit.
966 1378 1308 1433 Hellesponticos
1342 1392 1462 1428 uelo,
1510 1393 1599 1420 cor-

155 1448 260 1489 pora
291 1434 519 1476 aduersum
542 1436 629 1477 tela
661 1436 916 1477 carminibus
950 1435 1103 1477 durare
1125 1436 1284 1488 solitos,
1316 1436 1461 1478 crebro
1484 1437 1598 1479 silice

155 1493 528 1535 conuerberandos
562 1508 654 1536 esse
676 1494 910 1549 perdocuit.
948 1494 1014 1535 Ita
1038 1500 1247 1549 utrunque
1279 1508 1431 1546 agmen
1452 1500 1597 1536 mutua

156 1550 258 1592 cede
290 1555 587 1606 consumptum
628 1552 796 1593 interiit.
872 1552 1149 1605 Iarmericus,
1190 1557 1369 1607 utroque
1399 1552 1508 1607 pede
1550 1567 1596 1594 ac

155 1609 347 1651 manibus
371 1609 591 1665 spoliatus,
624 1615 770 1652 trunco
793 1611 903 1652 inter
926 1611 1142 1651 exanimes
1163 1624 1339 1664 corpore
1362 1610 1595 1653 rotabatur.

156 1666 233 1708 Cui
265 1667 479 1709 Broderus
511 1682 661 1723 parum
694 1668 873 1710 idoneus
905 1668 1106 1709 successit
1136 1668 1178 1709 in
1209 1682 1397 1722 regnum.

292 1726 398 1768 Post
427 1726 539 1767 hunc
572 1732 723 1780 regnat
755 1725 982 1782 Syualdus.
1035 1725 1163 1767 Cuius
1194 1725 1302 1767 filius
1335 1726 1447 1779 Snio,
1480 1740 1597 1768 sene·

155 1789 301 1825 scente
332 1788 475 1839 patre,
519 1788 765 1826 strennuum
806 1784 983 1839 piratice
1029 1798 1134 1838 opus
1178 1784 1423 1838 complexus
1465 1784 1596 1838 patrie

153 1855 218 1882 res
250 1855 333 1883 non
366 1842 504 1883 solum
536 1843 737 1893 seruauit,
779 1843 851 1884 sed
886 1843 1018 1883 eciam
1050 1842 1272 1882 diminutas
1304 1842 1342 1881 in
1376 1842 1595 1896 pristinum

153 1899 346 1940 habitum
367 1901 599 1942 reuocauit.
646 1900 781 1953 Idem,
813 1900 1034 1955 tyiannide
1058 1904 1266 1955 suscepta,
1298 1899 1447 1940 Eskilli
1468 1905 1594 1954 atque

153 1956 305 1998 Alkilli
359 1959 552 2013 pugilum
613 1959 891 2000 insolenciam
943 1958 1258 2013 comprimendo
1312 1957 1524 2001 Scaniam
1571 1972 1594 1997 a

152 2015 314 2056 Danice
345 2015 650 2058 iurisdiccionis
682 2017 928 2070 integritate
959 2016 1219 2068 submotam,
1265 2014 1317 2056 ad
1349 2015 1595 2056 societatem

152 2074 287 2128 patrie
310 2074 489 2116 uictoria
508 2074 693 2117 reduxit.
726 2074 915 2116 Tandem
942 2075 1023 2115 filie
1043 2073 1297 2115 Gotthorum
1316 2073 1425 2127 regis
1449 2077 1592 2113 mutuo

152 2145 295 2173 amole
336 2133 610 2187 perstrictus,
653 2132 944 2174 conueniende
985 2133 1075 2174 eius
1119 2132 1285 2186 copiam
1326 2130 1594 2172 clandestinis

151 2191 312 2231 nunciis
344 2194 491 2233 tentat.
545 2191 626 2239 Qui
659 2205 684 2232 a
714 2195 834 2246 patre
857 2190 997 2245 puelle
1019 2188 1248 2244 intercepti
1269 2186 1592 2244 suspenlldioque

151 2249 402 2303 consumpti,
433 2249 671 2305 improuide
703 2249 933 2314 legacionis
966 2261 1096 2303 penas
1126 2246 1343 2288 dedeiunt.
1402 2245 1591 2293 Quorum

151 2305 252 2348 Snio
296 2307 510 2349 ulcionem
556 2308 727 2362 exigere
768 2307 964 2361 cupiens,
1004 2319 1097 2347 cum
1142 2304 1342 2346 Gothiam
1385 2303 1590 2344 hostiliter

151 2372 378 2419 aggressus
408 2365 719 2419 fuisset,1ege
761 2365 848 2406 eius
881 2377 976 2404 cum
1016 2363 1146 2418 copiis
1186 2367 1455 2414 occuriente,
1498 2375 1591 2415 pre-

150 2422 358 2463 dictoium
398 2423 593 2478 pugilum
634 2422 943 2478 prouocacione
985 2435 1073 2462 rem
1112 2435 1187 2475 per
1226 2419 1405 2461 athletas
1441 2432 1590 2473 gereie

149 2481 301 2531 iussus,
342 2481 451 2522 hanc
485 2481 614 2522 duelli
654 2481 793 2535 legem
834 2478 976 2531 edidit,
1018 2483 1064 2519 ut
1094 2478 1294 2520 alterutel
1333 2490 1478 2531 regum
1518 2490 1591 2531 pro

151 2539 269 2580 uaria
291 2538 551 2581 athletarum
573 2539 746 2580 fortuna
770 2542 842 2579 aut
864 2536 1079 2592 proprium
1098 2535 1291 2591 perderet
1313 2539 1386 2575 aut
1407 2533 1591 2575 alienum

149 2596 385 2639 lucraretur
424 2597 670 2655 imperium,
702 2596 887 2652 uictique
918 2608 1098 2650 regnum
1134 2594 1176 2637 in
1217 2592 1393 2636 uictorie
1430 2592 1590 2652 premio

1656 1041 1755 1072 p.415

1652 2198 1737 2232 (158)
