1884 3126
54 931 85 959 10

55 1287 85 1314 15

48 2195 85 2222 30

51 2511 86 2539 35

679 295 732 300 -
792 269 881 312 VII
943 295 992 300 -
1479 273 1560 314 ‘235

121 398 211 440 eius
245 412 374 453 opera
407 397 626 445 utendum,
660 412 784 454 quam
817 398 1025 442 crudelius
1056 401 1097 442 in
1131 415 1226 443 eum
1260 399 1561 442 consulendum

119 456 363 499 monebant.
415 456 535 499 Tunc
567 457 739 499 subiens
776 457 983 500 Bolwisus
1026 460 1168 514 iniqua
1198 458 1434 499 affirmabat
1465 472 1562 499 con-

119 516 224 564 silia,
254 529 335 570 que
358 529 514 570 regem,
549 529 642 556 cum
664 515 832 558 ulcione
855 517 917 558 uti
940 516 1105 571 debeat,
1136 517 1354 571 ignoscere
1375 516 1561 570 iubeant,

121 579 162 616 et
193 574 348 615 iustum
381 573 597 615 iracundie
630 577 791 615 motum
823 574 997 629 indigna
1026 575 1298 616 miseracione
1336 574 1560 616 deleniant.

119 633 212 681 Quo
245 631 356 673 enim
387 636 513 687 pacto
542 631 739 687 Sigarum
774 633 882 674 circa
912 633 1024 675 hunc
1055 631 1253 690 parcendi
1283 632 1562 674 miserendiue

119 690 258 732 studio
302 690 464 731 moueri
504 704 651 745 posse,
686 704 710 732 a
743 704 829 744 quo
870 704 955 732 non
996 693 1132 733 solum
1171 690 1338 745 gemino
1378 690 1558 731 filiorum

118 749 275 791 solacio
327 748 555 803 spoliatus,
606 749 680 792 sed
705 748 720 802 Η
743 750 875 791 eciam
927 747 1133 806 ‹xm-[rupte
1175 749 1260 790 filie
1304 748 1559 790 contumelia

117 821 334 863 respersus
377 806 605 848 uideatur?
669 807 805 855 Quam
853 809 1112 850 sentenciam
1154 808 1312 849 maiore
1355 806 1564 848 concionis

117 871 238 922 parte
270 864 482 920 suffragiis
513 871 810 921 prosequente,
844 866 1066 908 damnatur
1092 864 1383 920 Hagbarthus,
1416 865 1562 918 stipes-

117 939 200 981 que
232 938 330 967 eum
363 928 618 979 excepturus
652 925 841 977 erigitur.
906 925 1001 973 Quo
1035 924 1200 977 euenit,
1240 927 1307 973 ut,
1350 922 1419 977 qui
1450 922 1562 977 prius

118 983 281 1024 nullum
313 995 421 1037 pene
453 980 594 1024 *triste
627 982 875 1037 suffragium
916 983 1148 1036 habuerat,
1191 982 1374 1023 omnium
1408 979 1562 1021 seuicia

118 1042 409 1084 mulctaretur.
472 1039 607 1088 Quem
655 1041 802 1095 regina
849 1056 970 1094 mox,
1016 1044 1212 1097 porrecto
1259 1039 1411 1094 poculo
1456 1037 1564 1079 sitim

117 1100 250 1143 lenire
281 1100 455 1152 iussum,
489 1099 563 1141 tali
595 1099 804 1141 minarum
835 1099 1070 1141 inflicciono
1103 1098 1318 1141 sollicitat:
1375 1136 1380 1141 .

456 1215 581 1258 Nunc
613 1217 800 1259 insolens
834 1216 1102 1272 Hagbartho,

464 1275 602 1323 Quem
635 1279 770 1317 morte
802 1275 978 1330 dignum
1010 1275 1153 1317 concio

464 1333 741 1376 Adiudicauit
773 1334 923 1387 omnis,

461 1391 560 1434 Sitis
591 1391 777 1447 fug-ande
808 1392 951 1446 gracia

462 1450 536 1493 Ori
569 1449 687 1492 dabis
720 1450 947 1492 bibendum

465 1508 614 1565 Cypho
648 1509 851 1564 liquorem
885 1522 1048 1550 corneo,

446 1567 529 1609 ‘Ob
563 1567 654 1620 hoe,
688 1571 846 1608 metum
876 1565 1081 1619 refutans,

461 1624 560 1666 Vite
593 1639 790 1680 supremo
823 1630 1012 1680 tempore

458 1683 706 1725 Audacibus
741 1682 907 1725 labellis

462 1741 615 1784 Letale
647 1741 732 1783 liba
763 1742 973 1797 poculum,

463 1799 559 1848 Quo
593 1804 720 1854 potus
751 1799 980 1841 inferorum

459 1858 560 1900 Mox
595 1858 807 1913 applicere
840 1857 1024 1911 sedibus,

462 1915 604 1957 Iturus
635 1917 678 1957 in
710 1915 917 1958 reclusam

462 1974 573 2016 Ditis
606 1974 744 2016 seueri
775 1974 949 2029 regiam,

461 2032 748 2088 Patibuloquc
781 2046 947 2087 corpus,

462 2090 573 2132 Orco
606 2093 782 2132 daturus
815 2090 1019 2146 spiritum.

254 2184 373 2226 Tunc
403 2185 585 2236 iuuenisg
619 2184 807 2226 oblatum
849 2181 1176 2239 apprehendens
1219 2180 1437 2235 poculum,
1477 2179 1561 2220 talc

117 2241 251 2284 fertur
282 2242 475 2285 intulisse
506 2257 781 2299 responsum:

393 2323 489 2366 Hac
521 2328 693 2379 gustum
725 2324 888 2379 capiam
921 2336 1048 2364 manu
1079 2333 1332 2376 supremum,

394 2381 598 2424 Extreme
631 2396 801 2437 quoque
831 2381 1019 2437 pocionis
1052 2379 1259 2430 haustum,

395 2440 490 2488 Qua
522 2445 645 2483 natos
677 2440 751 2481 tibi
784 2439 935 2481 sustuli
963 2437 1182 2493 gemellos.

392 2498 483 2539 Iam
517 2512 601 2540 non
634 2498 789 2540 Elisios
821 2497 981 2538 inultus
1012 2510 1127 2547 axeS,

395 2555 494 2597 Non
524 2556 696 2611 impune
727 2559 865 2597 truces
897 2554 1020 2596 adibo
1052 2566 1207 2594 manes.

395 2613 504 2655 Nam
537 2618 682 2655 nostro
715 2613 829 2669 prius
862 2612 937 2653 hos
969 2614 1140 2667 peracta
1167 2609 1261 2651 nisu

396 2671 548 2715 Clades
581 2671 794 2714 Tartareis
824 2671 994 2712 reclusit
1025 2669 1168 2711 antris.

1628 732 1707 764 (131)

1612 775 1638 799 p.
1660 767 1708 792 344

1626 985 1734 1014 XhXfl
