<?xml version="1.0" encoding="UTF-8"?>
<!DOCTYPE html PUBLIC "-//W3C//DTD XHTML 1.0 Transitional//EN"
    "http://www.w3.org/TR/xhtml1/DTD/xhtml1-transitional.dtd">
<html xmlns="http://www.w3.org/1999/xhtml" xml:lang="en" lang="en">
 <head>
  <title>
</title>
<meta http-equiv="Content-Type" content="text/html;charset=utf-8" />
  <meta name='ocr-system' content='tesseract 3.04.00' />
  <meta name='ocr-capabilities' content='ocr_page ocr_carea ocr_par ocr_line ocrx_word'/>
</head>
<body>
  <div class='ocr_page' id='page_1' title='image "./saxonisgrammatic00saxouoft_0469.png"; bbox 0 0 1884 3126; ppageno 0'>
   <div class='ocr_carea' id='block_1_1' title="bbox 118 872 146 898">
    <p class='ocr_par' dir='ltr' id='par_1_1' title="bbox 118 872 146 898">
     <span class='ocr_line' id='line_1_1' title="bbox 118 872 146 898; baseline -0.143 0"><span class='ocrx_word' id='word_1_1' title='bbox 118 872 146 898; x_wconf 76' lang='lat'>10</span> 
     </span>
    </p>
   </div>
   <div class='ocr_carea' id='block_1_2' title="bbox 108 1451 144 1477">
    <p class='ocr_par' dir='ltr' id='par_1_2' title="bbox 108 1451 144 1477">
     <span class='ocr_line' id='line_1_2' title="bbox 108 1451 144 1477; baseline -0.083 0"><span class='ocrx_word' id='word_1_2' title='bbox 108 1451 144 1477; x_wconf 78' lang='lat'>‘20</span> 
     </span>
    </p>
   </div>
   <div class='ocr_carea' id='block_1_3' title="bbox 108 2031 144 2056">
    <p class='ocr_par' dir='ltr' id='par_1_3' title="bbox 108 2031 144 2056">
     <span class='ocr_line' id='line_1_3' title="bbox 108 2031 144 2056; baseline 0.028 -1"><span class='ocrx_word' id='word_1_3' title='bbox 108 2031 144 2056; x_wconf 69' lang='lat'>230</span> 
     </span>
    </p>
   </div>
   <div class='ocr_carea' id='block_1_4' title="bbox 109 2321 144 2348">
    <p class='ocr_par' dir='ltr' id='par_1_4' title="bbox 109 2321 144 2348">
     <span class='ocr_line' id='line_1_4' title="bbox 109 2321 144 2348; baseline -0.057 0"><span class='ocrx_word' id='word_1_4' title='bbox 109 2321 144 2348; x_wconf 82' lang='lat'>35</span> 
     </span>
    </p>
   </div>
   <div class='ocr_carea' id='block_1_5' title="bbox 754 207 1626 252">
    <p class='ocr_par' dir='ltr' id='par_1_5' title="bbox 754 207 1626 252">
     <span class='ocr_line' id='line_1_5' title="bbox 754 207 1626 252; baseline 0 -2"><span class='ocrx_word' id='word_1_5' title='bbox 754 234 807 240; x_wconf 92' lang='lat'>—</span> <span class='ocrx_word' id='word_1_6' title='bbox 860 207 935 252; x_wconf 61' lang='lat' dir='ltr'>,XI</span> <span class='ocrx_word' id='word_1_7' title='bbox 995 235 1048 240; x_wconf 92' lang='lat'>——</span> <span class='ocrx_word' id='word_1_8' title='bbox 1543 211 1626 251; x_wconf 80' lang='lat'>375</span> 
     </span>
    </p>
   </div>
   <div class='ocr_carea' id='block_1_6' title="bbox 177 335 1628 1145">
    <p class='ocr_par' dir='ltr' id='par_1_6' title="bbox 177 335 1628 1145">
     <span class='ocr_line' id='line_1_6' title="bbox 177 335 1627 393; baseline 0 -15"><span class='ocrx_word' id='word_1_9' title='bbox 177 337 345 393; x_wconf 90' lang='lat' dir='ltr'>publice</span> <span class='ocrx_word' id='word_1_10' title='bbox 362 336 579 388; x_wconf 69' lang='lat' dir='ltr'>religionis</span> <span class='ocrx_word' id='word_1_11' title='bbox 597 335 896 378; x_wconf 87' lang='lat' dir='ltr'>uerecundiam</span> <span class='ocrx_word' id='word_1_12' title='bbox 917 337 1105 392; x_wconf 83' lang='lat' dir='ltr'>pretulit.</span> <span class='ocrx_word' id='word_1_13' title='bbox 1124 351 1208 379; x_wconf 92' lang='lat' dir='ltr'>non</span> <span class='ocrx_word' id='word_1_14' title='bbox 1233 337 1415 391; x_wconf 79' lang='lat' dir='ltr'>ignarus,</span> <span class='ocrx_word' id='word_1_15' title='bbox 1433 336 1515 377; x_wconf 87' lang='lat' dir='ltr'>alia</span> <span class='ocrx_word' id='word_1_16' title='bbox 1533 350 1627 378; x_wconf 86' lang='lat' dir='ltr'>esse</span> 
     </span>
     <span class='ocr_line' id='line_1_7' title="bbox 178 392 1626 460; baseline -0.001 -24"><span class='ocrx_word' id='word_1_17' title='bbox 178 395 475 436; x_wconf 67' lang='lat' dir='ltr'>1²1miliaritxtis</span> <span class='ocrx_word' id='word_1_18' title='bbox 510 395 670 446; x_wconf 80' lang='lat' dir='ltr'>officia,</span> <span class='ocrx_word' id='word_1_19' title='bbox 704 395 786 435; x_wconf 78' lang='lat' dir='ltr'>alia</span> <span class='ocrx_word' id='word_1_20' title='bbox 813 392 1056 460; x_wconf 56' lang='lat' dir='ltr'>sacerdobii</span> <span class='ocrx_word' id='word_1_21' title='bbox 1086 396 1188 441; x_wconf 88' lang='lat' dir='ltr'>iura</span> <span class='ocrx_word' id='word_1_22' title='bbox 1221 395 1372 451; x_wconf 87' lang='lat' dir='ltr'>quibus</span> <span class='ocrx_word' id='word_1_23' title='bbox 1405 409 1626 436; x_wconf 88' lang='lat' dir='ltr'>seruorum</span> 
     </span>
     <span class='ocr_line' id='line_1_8' title="bbox 177 453 1625 509; baseline 0 -16"><span class='ocrx_word' id='word_1_24' title='bbox 177 467 286 508; x_wconf 87' lang='lat' dir='ltr'>eque</span> <span class='ocrx_word' id='word_1_25' title='bbox 337 468 385 494; x_wconf 73' lang='lat' dir='ltr'>ic</span> <span class='ocrx_word' id='word_1_26' title='bbox 439 453 733 505; x_wconf 83' lang='lat' dir='ltr'>dominorum,</span> <span class='ocrx_word' id='word_1_27' title='bbox 785 466 921 507; x_wconf 83' lang='lat' dir='ltr'>neque</span> <span class='ocrx_word' id='word_1_28' title='bbox 971 453 1249 507; x_wconf 83' lang='lat' dir='ltr'>ingenuorum</span> <span class='ocrx_word' id='word_1_29' title='bbox 1291 454 1459 509; x_wconf 89' lang='lat' dir='ltr'>parcius</span> <span class='ocrx_word' id='word_1_30' title='bbox 1500 466 1625 508; x_wconf 86' lang='lat' dir='ltr'>quam</span> 
     </span>
     <span class='ocr_line' id='line_1_9' title="bbox 179 486 1626 567; baseline 0 -16"><span class='ocrx_word' id='word_1_31' title='bbox 179 512 425 565; x_wconf 82' lang='lat' dir='ltr'>ignobilium</span> <span class='ocrx_word' id='word_1_32' title='bbox 450 512 615 566; x_wconf 87' lang='lat' dir='ltr'>flagicia</span> <span class='ocrx_word' id='word_1_33' title='bbox 638 486 843 552; x_wconf 81' lang='lat' dir='ltr'>uindicari</span> <span class='ocrx_word' id='word_1_34' title='bbox 866 524 940 565; x_wconf 83' lang='lat' dir='ltr'>par</span> <span class='ocrx_word' id='word_1_35' title='bbox 965 516 1040 553; x_wconf 86' lang='lat' dir='ltr'>est.</span> <span class='ocrx_word' id='word_1_36' title='bbox 1090 510 1283 567; x_wconf 80' lang='lat' dir='ltr'>Cumque</span> <span class='ocrx_word' id='word_1_37' title='bbox 1315 510 1485 552; x_wconf 82' lang='lat' dir='ltr'>abunde</span> <span class='ocrx_word' id='word_1_38' title='bbox 1517 511 1626 552; x_wconf 87' lang='lat' dir='ltr'>foret</span> 
     </span>
     <span class='ocr_line' id='line_1_10' title="bbox 180 568 1627 625; baseline -0.001 -15"><span class='ocrx_word' id='word_1_39' title='bbox 180 569 388 625; x_wconf 74' lang='lat' dir='ltr'>repulsam</span> <span class='ocrx_word' id='word_1_40' title='bbox 423 571 573 621; x_wconf 73' lang='lat' dir='ltr'>egisse,</span> <span class='ocrx_word' id='word_1_41' title='bbox 607 569 738 609; x_wconf 88' lang='lat' dir='ltr'>eciam</span> <span class='ocrx_word' id='word_1_42' title='bbox 761 569 1082 610; x_wconf 85' lang='lat' dir='ltr'>execracionem</span> <span class='ocrx_word' id='word_1_43' title='bbox 1117 569 1283 621; x_wconf 78' lang='lat' dir='ltr'>adiecit,</span> <span class='ocrx_word' id='word_1_44' title='bbox 1316 583 1393 610; x_wconf 91' lang='lat' dir='ltr'>nec</span> <span class='ocrx_word' id='word_1_45' title='bbox 1417 568 1627 610; x_wconf 86' lang='lat' dir='ltr'>dubitauit</span> 
     </span>
     <span class='ocr_line' id='line_1_11' title="bbox 178 626 1624 682; baseline 0.001 -15"><span class='ocrx_word' id='word_1_46' title='bbox 178 628 219 668; x_wconf 91' lang='lat' dir='ltr'>in</span> <span class='ocrx_word' id='word_1_47' title='bbox 266 634 501 681; x_wconf 72' lang='lat' dir='ltr'><strong>presentem</strong></span> <span class='ocrx_word' id='word_1_48' title='bbox 552 627 838 667; x_wconf 77' lang='lat' dir='ltr'>damnacionis</span> <span class='ocrx_word' id='word_1_49' title='bbox 893 640 1059 682; x_wconf 88' lang='lat' dir='ltr'>quoque</span> <span class='ocrx_word' id='word_1_50' title='bbox 1111 626 1304 681; x_wconf 83' lang='lat' dir='ltr'>proferre</span> <span class='ocrx_word' id='word_1_51' title='bbox 1351 627 1624 669; x_wconf 74' lang='lat' dir='ltr'>sentenciam.</span> 
     </span>
     <span class='ocr_line' id='line_1_12' title="bbox 180 684 1628 740; baseline -0.001 -14"><span class='ocrx_word' id='word_1_52' title='bbox 180 686 330 740; x_wconf 83' lang='lat' dir='ltr'>ltaque</span> <span class='ocrx_word' id='word_1_53' title='bbox 364 686 532 726; x_wconf 82' lang='lat' dir='ltr'>mirifica</span> <span class='ocrx_word' id='word_1_54' title='bbox 568 684 741 726; x_wconf 79' lang='lat' dir='ltr'>audacia</span> <span class='ocrx_word' id='word_1_55' title='bbox 778 684 949 725; x_wconf 89' lang='lat' dir='ltr'>dubium</span> <span class='ocrx_word' id='word_1_56' title='bbox 984 685 1173 740; x_wconf 83' lang='lat' dir='ltr'>reliquit,</span> <span class='ocrx_word' id='word_1_57' title='bbox 1206 685 1361 726; x_wconf 78' lang='lat' dir='ltr'>sorcius</span> <span class='ocrx_word' id='word_1_58' title='bbox 1394 686 1511 730; x_wconf 86' lang='lat' dir='ltr'>illum</span> <span class='ocrx_word' id='word_1_59' title='bbox 1541 699 1628 726; x_wconf 87' lang='lat' dir='ltr'>ma-</span> 
     </span>
     <span class='ocr_line' id='line_1_13' title="bbox 178 742 1626 798; baseline -0.001 -14"><span class='ocrx_word' id='word_1_60' title='bbox 178 758 289 784; x_wconf 79' lang='lat' dir='ltr'>nnnc</span> <span class='ocrx_word' id='word_1_61' title='bbox 335 758 386 783; x_wconf 85' lang='lat' dir='ltr'>an</span> <span class='ocrx_word' id='word_1_62' title='bbox 421 757 525 784; x_wconf 88' lang='lat' dir='ltr'>uoce</span> <span class='ocrx_word' id='word_1_63' title='bbox 558 743 813 798; x_wconf 78' lang='lat' dir='ltr'>pulsauerit,</span> <span class='ocrx_word' id='word_1_64' title='bbox 848 756 972 797; x_wconf 90' lang='lat' dir='ltr'>quem</span> <span class='ocrx_word' id='word_1_65' title='bbox 1006 743 1206 796; x_wconf 71' lang='lat' dir='ltr'>grauibus</span> <span class='ocrx_word' id='word_1_66' title='bbox 1239 742 1291 784; x_wconf 87' lang='lat' dir='ltr'>ad</span> <span class='ocrx_word' id='word_1_67' title='bbox 1325 744 1495 784; x_wconf 84' lang='lat' dir='ltr'>modum</span> <span class='ocrx_word' id='word_1_68' title='bbox 1530 757 1626 783; x_wconf 90' lang='lat' dir='ltr'>con-</span> 
     </span>
     <span class='ocr_line' id='line_1_14' title="bbox 179 800 1626 857; baseline 0 -15"><span class='ocrx_word' id='word_1_69' title='bbox 179 801 361 842; x_wconf 85' lang='lat' dir='ltr'>tumeliis</span> <span class='ocrx_word' id='word_1_70' title='bbox 405 802 690 857; x_wconf 86' lang='lat' dir='ltr'>proculcatum</span> <span class='ocrx_word' id='word_1_71' title='bbox 731 801 846 856; x_wconf 88' lang='lat' dir='ltr'>prius</span> <span class='ocrx_word' id='word_1_72' title='bbox 887 800 1052 856; x_wconf 74' lang='lat' dir='ltr'>lingue,</span> <span class='ocrx_word' id='word_1_73' title='bbox 1087 801 1238 842; x_wconf 85' lang='lat' dir='ltr'>deinde</span> <span class='ocrx_word' id='word_1_74' title='bbox 1272 801 1421 842; x_wconf 82' lang='lat' dir='ltr'>dextre</span> <span class='ocrx_word' id='word_1_75' title='bbox 1459 801 1626 856; x_wconf 84' lang='lat' dir='ltr'>repulsa</span> 
     </span>
     <span class='ocr_line' id='line_1_15' title="bbox 179 860 1625 914; baseline -0.001 -14"><span class='ocrx_word' id='word_1_76' title='bbox 179 860 420 910; x_wconf 81' lang='lat' dir='ltr'>mulctauit,</span> <span class='ocrx_word' id='word_1_77' title='bbox 469 860 594 914; x_wconf 84' lang='lat' dir='ltr'>inque</span> <span class='ocrx_word' id='word_1_78' title='bbox 641 866 836 914; x_wconf 68' lang='lat' dir='ltr'>pectore,</span> <span class='ocrx_word' id='word_1_79' title='bbox 882 873 965 914; x_wconf 91' lang='lat' dir='ltr'>quo</span> <span class='ocrx_word' id='word_1_80' title='bbox 1021 860 1220 901; x_wconf 82' lang='lat' dir='ltr'>uirtutem</span> <span class='ocrx_word' id='word_1_81' title='bbox 1274 865 1372 900; x_wconf 81' lang='lat' dir='ltr'>ante</span> <span class='ocrx_word' id='word_1_82' title='bbox 1424 861 1625 911; x_wconf 86' lang='lat' dir='ltr'>coluerat,</span> 
     </span>
     <span class='ocr_line' id='line_1_16' title="bbox 180 917 1627 971; baseline -0.001 -12"><span class='ocrx_word' id='word_1_83' title='bbox 180 918 331 959; x_wconf 88' lang='lat' dir='ltr'>uicium</span> <span class='ocrx_word' id='word_1_84' title='bbox 381 918 585 960; x_wconf 88' lang='lat' dir='ltr'>contudit.</span> <span class='ocrx_word' id='word_1_85' title='bbox 663 917 812 971; x_wconf 88' lang='lat' dir='ltr'>Neque</span> <span class='ocrx_word' id='word_1_86' title='bbox 859 918 968 957; x_wconf 88' lang='lat' dir='ltr'>enim</span> <span class='ocrx_word' id='word_1_87' title='bbox 1015 918 1052 958; x_wconf 92' lang='lat' dir='ltr'>in</span> <span class='ocrx_word' id='word_1_88' title='bbox 1101 922 1185 958; x_wconf 75' lang='lat' dir='ltr'>tam</span> <span class='ocrx_word' id='word_1_89' title='bbox 1236 918 1420 959; x_wconf 76' lang='lat' dir='ltr'>euidenti</span> <span class='ocrx_word' id='word_1_90' title='bbox 1470 918 1627 959; x_wconf 88' lang='lat' dir='ltr'>scelere</span> 
     </span>
     <span class='ocr_line' id='line_1_17' title="bbox 178 975 1625 1030; baseline 0 -14"><span class='ocrx_word' id='word_1_91' title='bbox 178 977 349 1028; x_wconf 71' lang='lat' dir='ltr'>longum</span> <span class='ocrx_word' id='word_1_92' title='bbox 402 976 578 1016; x_wconf 81' lang='lat' dir='ltr'>ulcionis</span> <span class='ocrx_word' id='word_1_93' title='bbox 629 980 794 1030; x_wconf 87' lang='lat' dir='ltr'>tempus</span> <span class='ocrx_word' id='word_1_94' title='bbox 846 975 1155 1030; x_wconf 73' lang='lat' dir='ltr'>expectandum</span> <span class='ocrx_word' id='word_1_95' title='bbox 1210 977 1400 1030; x_wconf 77' lang='lat' dir='ltr'>putauit,</span> <span class='ocrx_word' id='word_1_96' title='bbox 1461 976 1625 1017; x_wconf 81' lang='lat' dir='ltr'>facilius</span> 
     </span>
     <span class='ocr_line' id='line_1_18' title="bbox 179 1034 1625 1089; baseline 0 -15"><span class='ocrx_word' id='word_1_97' title='bbox 179 1034 330 1087; x_wconf 77' lang='lat' dir='ltr'>origini</span> <span class='ocrx_word' id='word_1_98' title='bbox 361 1044 488 1089; x_wconf 82' lang='lat' dir='ltr'>atquc</span> <span class='ocrx_word' id='word_1_99' title='bbox 522 1034 787 1075; x_wconf 80' lang='lat' dir='ltr'>incunabulis</span> <span class='ocrx_word' id='word_1_100' title='bbox 822 1034 946 1088; x_wconf 85' lang='lat' dir='ltr'>culpe</span> <span class='ocrx_word' id='word_1_101' title='bbox 982 1047 1106 1088; x_wconf 89' lang='lat' dir='ltr'>quam</span> <span class='ocrx_word' id='word_1_102' title='bbox 1138 1034 1411 1074; x_wconf 71' lang='lat' dir='ltr'>ulterioribus</span> <span class='ocrx_word' id='word_1_103' title='bbox 1444 1034 1533 1075; x_wconf 86' lang='lat' dir='ltr'>eius</span> <span class='ocrx_word' id='word_1_104' title='bbox 1567 1034 1625 1074; x_wconf 93' lang='lat' dir='ltr'>in-</span> 
     </span>
     <span class='ocr_line' id='line_1_19' title="bbox 179 1091 1624 1145; baseline 0 -12"><span class='ocrx_word' id='word_1_105' title='bbox 179 1093 403 1133; x_wconf 77' lang='lat' dir='ltr'>crementis</span> <span class='ocrx_word' id='word_1_106' title='bbox 437 1092 744 1133; x_wconf 86' lang='lat' dir='ltr'>occurrendum</span> <span class='ocrx_word' id='word_1_107' title='bbox 768 1091 1026 1145; x_wconf 72' lang='lat' dir='ltr'>existimans,</span> <span class='ocrx_word' id='word_1_108' title='bbox 1061 1105 1112 1131; x_wconf 89' lang='lat' dir='ltr'>ne</span> <span class='ocrx_word' id='word_1_109' title='bbox 1144 1106 1262 1133; x_wconf 84' lang='lat' dir='ltr'>mora</span> <span class='ocrx_word' id='word_1_110' title='bbox 1297 1091 1445 1132; x_wconf 85' lang='lat' dir='ltr'>alitum</span> <span class='ocrx_word' id='word_1_111' title='bbox 1470 1092 1624 1133; x_wconf 78' lang='lat' dir='ltr'>crimen</span> 
     </span>
    </p>
   </div>
   <div class='ocr_carea' id='block_1_7' title="bbox 129 1150 1626 1204">
    <p class='ocr_par' dir='ltr' id='par_1_7' title="bbox 129 1150 1626 1204">
     <span class='ocr_line' id='line_1_20' title="bbox 129 1150 1626 1204; baseline 0.001 -15"><span class='ocrx_word' id='word_1_112' title='bbox 129 1162 144 1185; x_wconf 62' lang='grc' dir='ltr'>Γ»</span> <span class='ocrx_word' id='word_1_113' title='bbox 176 1150 464 1191; x_wconf 70' lang='lat' dir='ltr'>diuturnitatis</span> <span class='ocrx_word' id='word_1_114' title='bbox 496 1155 632 1191; x_wconf 64' lang='lat' dir='ltr'>tractu</span> <span class='ocrx_word' id='word_1_115' title='bbox 669 1150 999 1191; x_wconf 81' lang='lat' dir='ltr'>conualescerct.</span> <span class='ocrx_word' id='word_1_116' title='bbox 1068 1150 1199 1203; x_wconf 78' lang='lat' dir='ltr'>Igitur</span> <span class='ocrx_word' id='word_1_117' title='bbox 1240 1156 1284 1190; x_wconf 85' lang='lat' dir='ltr'>ut</span> <span class='ocrx_word' id='word_1_118' title='bbox 1321 1163 1461 1204; x_wconf 59' lang='lat' dir='ltr'>rrgem</span> <span class='ocrx_word' id='word_1_119' title='bbox 1495 1152 1626 1204; x_wconf 88' lang='lat' dir='ltr'>impo-</span> 
     </span>
    </p>
   </div>
   <div class='ocr_carea' id='block_1_8' title="bbox 176 1208 1625 2597">
    <p class='ocr_par' dir='ltr' id='par_1_8' title="bbox 176 1208 1625 2597">
     <span class='ocr_line' id='line_1_21' title="bbox 178 1208 1625 1262; baseline 0.001 -15"><span class='ocrx_word' id='word_1_120' title='bbox 178 1211 311 1249; x_wconf 67' lang='lat' dir='ltr'>tenciu</span> <span class='ocrx_word' id='word_1_121' title='bbox 345 1213 387 1249; x_wconf 87' lang='lat' dir='ltr'>ct</span> <span class='ocrx_word' id='word_1_122' title='bbox 418 1209 668 1249; x_wconf 77' lang='lat' dir='ltr'>temeritatis</span> <span class='ocrx_word' id='word_1_123' title='bbox 703 1209 889 1249; x_wconf 89' lang='lat' dir='ltr'>incursus</span> <span class='ocrx_word' id='word_1_124' title='bbox 923 1217 1213 1248; x_wconf 83' lang='lat' dir='ltr'>transuersum</span> <span class='ocrx_word' id='word_1_125' title='bbox 1257 1208 1297 1248; x_wconf 88' lang='lat' dir='ltr'>in</span> <span class='ocrx_word' id='word_1_126' title='bbox 1331 1208 1492 1249; x_wconf 83' lang='lat' dir='ltr'>facinus</span> <span class='ocrx_word' id='word_1_127' title='bbox 1526 1209 1625 1262; x_wconf 82' lang='lat' dir='ltr'>egit,</span> 
     </span>
     <span class='ocr_line' id='line_1_22' title="bbox 176 1265 1624 1320; baseline -0.001 -13"><span class='ocrx_word' id='word_1_128' title='bbox 176 1268 236 1308; x_wconf 86' lang='lat' dir='ltr'>ita</span> <span class='ocrx_word' id='word_1_129' title='bbox 260 1266 491 1307; x_wconf 76' lang='lat' dir='ltr'>antistitem</span> <span class='ocrx_word' id='word_1_130' title='bbox 514 1267 565 1306; x_wconf 78' lang='lat' dir='ltr'>ad</span> <span class='ocrx_word' id='word_1_131' title='bbox 595 1265 876 1307; x_wconf 73' lang='lat' dir='ltr'>exercendam</span> <span class='ocrx_word' id='word_1_132' title='bbox 898 1266 1127 1307; x_wconf 86' lang='lat' dir='ltr'>uindictam</span> <span class='ocrx_word' id='word_1_133' title='bbox 1153 1266 1343 1320; x_wconf 85' lang='lat' dir='ltr'>profecta</span> <span class='ocrx_word' id='word_1_134' title='bbox 1364 1280 1388 1306; x_wconf 83' lang='lat' dir='ltr'>a</span> <span class='ocrx_word' id='word_1_135' title='bbox 1411 1266 1624 1320; x_wconf 79' lang='lat' dir='ltr'>religionis</span> 
     </span>
     <span class='ocr_line' id='line_1_23' title="bbox 179 1323 1624 1368; baseline -0.002 -2"><span class='ocrx_word' id='word_1_136' title='bbox 179 1325 436 1366; x_wconf 83' lang='lat' dir='ltr'>emulacionc</span> <span class='ocrx_word' id='word_1_137' title='bbox 468 1325 673 1366; x_wconf 88' lang='lat' dir='ltr'>seueritas</span> <span class='ocrx_word' id='word_1_138' title='bbox 706 1324 943 1366; x_wconf 83' lang='lat' dir='ltr'>concitauit.</span> <span class='ocrx_word' id='word_1_139' title='bbox 1006 1324 1255 1368; x_wconf 77' lang='lat' dir='ltr'>Enimuero,</span> <span class='ocrx_word' id='word_1_140' title='bbox 1290 1323 1456 1366; x_wconf 87' lang='lat' dir='ltr'>fortiter</span> <span class='ocrx_word' id='word_1_141' title='bbox 1489 1323 1624 1365; x_wconf 91' lang='lat' dir='ltr'>uindi-</span> 
     </span>
     <span class='ocr_line' id='line_1_24' title="bbox 177 1382 1624 1435; baseline -0.001 -12"><span class='ocrx_word' id='word_1_142' title='bbox 177 1388 270 1424; x_wconf 85' lang='lat' dir='ltr'>cata</span> <span class='ocrx_word' id='word_1_143' title='bbox 302 1383 520 1435; x_wconf 71' lang='lat' dir='ltr'>religione,</span> <span class='ocrx_word' id='word_1_144' title='bbox 555 1389 596 1423; x_wconf 78' lang='lat' dir='ltr'>et</span> <span class='ocrx_word' id='word_1_145' title='bbox 619 1382 806 1423; x_wconf 78' lang='lat' dir='ltr'>debitam</span> <span class='ocrx_word' id='word_1_146' title='bbox 836 1382 972 1423; x_wconf 88' lang='lat' dir='ltr'>ordini</span> <span class='ocrx_word' id='word_1_147' title='bbox 994 1397 1069 1423; x_wconf 88' lang='lat' dir='ltr'>suo</span> <span class='ocrx_word' id='word_1_148' title='bbox 1095 1383 1219 1423; x_wconf 84' lang='lat' dir='ltr'>tidem</span> <span class='ocrx_word' id='word_1_149' title='bbox 1252 1390 1294 1423; x_wconf 83' lang='lat' dir='ltr'>et</span> <span class='ocrx_word' id='word_1_150' title='bbox 1326 1382 1462 1423; x_wconf 85' lang='lat' dir='ltr'>aliene</span> <span class='ocrx_word' id='word_1_151' title='bbox 1494 1388 1624 1423; x_wconf 89' lang='lat' dir='ltr'>teme-</span> 
     </span>
     <span class='ocr_line' id='line_1_25' title="bbox 178 1439 1623 1495; baseline 0 -15"><span class='ocrx_word' id='word_1_152' title='bbox 178 1441 290 1482; x_wconf 86' lang='lat' dir='ltr'>ritati</span> <span class='ocrx_word' id='word_1_153' title='bbox 334 1441 560 1481; x_wconf 75' lang='lat' dir='ltr'>salutarem</span> <span class='ocrx_word' id='word_1_154' title='bbox 592 1440 776 1481; x_wconf 83' lang='lat' dir='ltr'>reddidit</span> <span class='ocrx_word' id='word_1_155' title='bbox 809 1441 1084 1495; x_wconf 80' lang='lat' dir='ltr'>disciplinam.</span> <span class='ocrx_word' id='word_1_156' title='bbox 1147 1439 1212 1481; x_wconf 89' lang='lat' dir='ltr'>Ne</span> <span class='ocrx_word' id='word_1_157' title='bbox 1245 1441 1357 1481; x_wconf 83' lang='lat' dir='ltr'>enim</span> <span class='ocrx_word' id='word_1_158' title='bbox 1389 1441 1623 1482; x_wconf 87' lang='lat' dir='ltr'>solennium</span> 
     </span>
     <span class='ocr_line' id='line_1_26' title="bbox 178 1498 1625 1553; baseline 0 -14"><span class='ocrx_word' id='word_1_159' title='bbox 178 1499 409 1539; x_wconf 84' lang='lat' dir='ltr'>officiorum</span> <span class='ocrx_word' id='word_1_160' title='bbox 449 1499 623 1540; x_wconf 81' lang='lat' dir='ltr'>tutelam</span> <span class='ocrx_word' id='word_1_161' title='bbox 672 1499 866 1540; x_wconf 86' lang='lat' dir='ltr'>omittere</span> <span class='ocrx_word' id='word_1_162' title='bbox 906 1498 1147 1548; x_wconf 78' lang='lat' dir='ltr'>uideretur,</span> <span class='ocrx_word' id='word_1_163' title='bbox 1188 1498 1322 1539; x_wconf 88' lang='lat' dir='ltr'>ueluti</span> <span class='ocrx_word' id='word_1_164' title='bbox 1359 1498 1625 1553; x_wconf 83' lang='lat' dir='ltr'>indulgencie</span> 
     </span>
     <span class='ocr_line' id='line_1_27' title="bbox 178 1556 1623 1611; baseline -0.001 -14"><span class='ocrx_word' id='word_1_165' title='bbox 178 1557 335 1598; x_wconf 85' lang='lat' dir='ltr'>oblitus</span> <span class='ocrx_word' id='word_1_166' title='bbox 358 1556 626 1598; x_wconf 78' lang='lat' dir='ltr'>seueritatem</span> <span class='ocrx_word' id='word_1_167' title='bbox 652 1557 865 1609; x_wconf 80' lang='lat' dir='ltr'>excreuit,</span> <span class='ocrx_word' id='word_1_168' title='bbox 899 1571 1036 1611; x_wconf 88' lang='lat' dir='ltr'>neque</span> <span class='ocrx_word' id='word_1_169' title='bbox 1059 1557 1293 1598; x_wconf 75' lang='lat' dir='ltr'>sanctitatis</span> <span class='ocrx_word' id='word_1_170' title='bbox 1326 1557 1491 1598; x_wconf 91' lang='lat' dir='ltr'>inimico</span> <span class='ocrx_word' id='word_1_171' title='bbox 1524 1557 1623 1596; x_wconf 87' lang='lat' dir='ltr'>ami-</span> 
     </span>
     <span class='ocr_line' id='line_1_28' title="bbox 177 1615 1622 1670; baseline -0.001 -14"><span class='ocrx_word' id='word_1_172' title='bbox 177 1629 248 1656; x_wconf 88' lang='lat' dir='ltr'>cus</span> <span class='ocrx_word' id='word_1_173' title='bbox 282 1615 464 1655; x_wconf 74' lang='lat' dir='ltr'>existere</span> <span class='ocrx_word' id='word_1_174' title='bbox 495 1620 568 1656; x_wconf 86' lang='lat' dir='ltr'>aut</span> <span class='ocrx_word' id='word_1_175' title='bbox 599 1615 872 1656; x_wconf 75' lang='lat' dir='ltr'>assentatoris</span> <span class='ocrx_word' id='word_1_176' title='bbox 906 1615 1050 1669; x_wconf 84' lang='lat' dir='ltr'>pocius</span> <span class='ocrx_word' id='word_1_177' title='bbox 1083 1629 1208 1670; x_wconf 82' lang='lat' dir='ltr'>quam</span> <span class='ocrx_word' id='word_1_178' title='bbox 1241 1615 1446 1669; x_wconf 86' lang='lat' dir='ltr'>pontificis</span> <span class='ocrx_word' id='word_1_179' title='bbox 1483 1619 1622 1668; x_wconf 81' lang='lat' dir='ltr'>partes</span> 
     </span>
     <span class='ocr_line' id='line_1_29' title="bbox 177 1671 1622 1728; baseline 0 -16"><span class='ocrx_word' id='word_1_180' title='bbox 177 1678 446 1727; x_wconf 76' lang='lat' dir='ltr'>presentare</span> <span class='ocrx_word' id='word_1_181' title='bbox 472 1673 684 1714; x_wconf 82' lang='lat' dir='ltr'>sustinuit.</span> <span class='ocrx_word' id='word_1_182' title='bbox 762 1671 981 1713; x_wconf 83' lang='lat' dir='ltr'>Cete*rum</span> <span class='ocrx_word' id='word_1_183' title='bbox 1034 1673 1173 1728; x_wconf 90' lang='lat' dir='ltr'>specie</span> <span class='ocrx_word' id='word_1_184' title='bbox 1227 1673 1418 1725; x_wconf 84' lang='lat' dir='ltr'>hostem,</span> <span class='ocrx_word' id='word_1_185' title='bbox 1471 1686 1622 1713; x_wconf 86' lang='lat' dir='ltr'>reuera</span> 
     </span>
     <span class='ocr_line' id='line_1_30' title="bbox 176 1731 1622 1786; baseline -0.001 -16"><span class='ocrx_word' id='word_1_186' title='bbox 176 1731 354 1771; x_wconf 74' lang='lat' dir='ltr'>amicum</span> <span class='ocrx_word' id='word_1_187' title='bbox 399 1731 611 1782; x_wconf 73' lang='lat' dir='ltr'>exhibuit,</span> <span class='ocrx_word' id='word_1_188' title='bbox 653 1731 750 1785; x_wconf 87' lang='lat' dir='ltr'>quia</span> <span class='ocrx_word' id='word_1_189' title='bbox 781 1731 865 1771; x_wconf 86' lang='lat' dir='ltr'>fida</span> <span class='ocrx_word' id='word_1_190' title='bbox 898 1732 1121 1772; x_wconf 86' lang='lat' dir='ltr'>concordie</span> <span class='ocrx_word' id='word_1_191' title='bbox 1161 1731 1336 1786; x_wconf 82' lang='lat' dir='ltr'>pignora</span> <span class='ocrx_word' id='word_1_192' title='bbox 1367 1745 1415 1771; x_wconf 88' lang='lat' dir='ltr'>ac</span> <span class='ocrx_word' id='word_1_193' title='bbox 1447 1743 1622 1785; x_wconf 80' lang='lat' dir='ltr'>syncera</span> 
     </span>
     <span class='ocr_line' id='line_1_31' title="bbox 176 1788 1622 1844; baseline -0.001 -15"><span class='ocrx_word' id='word_1_194' title='bbox 176 1789 473 1830; x_wconf 74' lang='lat' dir='ltr'>familiaritatis</span> <span class='ocrx_word' id='word_1_195' title='bbox 507 1789 719 1843; x_wconf 79' lang='lat' dir='ltr'>stipendia</span> <span class='ocrx_word' id='word_1_196' title='bbox 751 1789 898 1844; x_wconf 86' lang='lat' dir='ltr'>pocius</span> <span class='ocrx_word' id='word_1_197' title='bbox 930 1789 1027 1829; x_wconf 81' lang='lat' dir='ltr'>iusti</span> <span class='ocrx_word' id='word_1_198' title='bbox 1062 1790 1212 1842; x_wconf 80' lang='lat' dir='ltr'>rigoris</span> <span class='ocrx_word' id='word_1_199' title='bbox 1244 1803 1368 1844; x_wconf 84' lang='lat' dir='ltr'>quarn</span> <span class='ocrx_word' id='word_1_200' title='bbox 1400 1789 1539 1842; x_wconf 82' lang='lat' dir='ltr'>iniqui&#39;</span> <span class='ocrx_word' id='word_1_201' title='bbox 1562 1788 1622 1828; x_wconf 85' lang='lat' dir='ltr'>fa-</span> 
     </span>
     <span class='ocr_line' id='line_1_32' title="bbox 178 1846 1620 1901; baseline 0 -15"><span class='ocrx_word' id='word_1_202' title='bbox 178 1849 291 1888; x_wconf 87' lang='lat' dir='ltr'>uoris</span> <span class='ocrx_word' id='word_1_203' title='bbox 334 1847 527 1888; x_wconf 79' lang='lat' dir='ltr'>examine</span> <span class='ocrx_word' id='word_1_204' title='bbox 572 1846 849 1899; x_wconf 74' lang='lat' dir='ltr'>ponderabat.</span> <span class='ocrx_word' id='word_1_205' title='bbox 927 1846 1195 1901; x_wconf 82' lang='lat' dir='ltr'>Quapropter</span> <span class='ocrx_word' id='word_1_206' title='bbox 1242 1846 1620 1901; x_wconf 83' lang='lat' dir='ltr'>mansuetissimum</span> 
     </span>
     <span class='ocr_line' id='line_1_33' title="bbox 176 1903 1622 1960; baseline -0.001 -16"><span class='ocrx_word' id='word_1_207' title='bbox 176 1905 390 1958; x_wconf 84' lang='lat' dir='ltr'>ingenium</span> <span class='ocrx_word' id='word_1_208' title='bbox 422 1919 562 1955; x_wconf 73' lang='lat' dir='ltr'>snum,</span> <span class='ocrx_word' id='word_1_209' title='bbox 597 1905 788 1960; x_wconf 86' lang='lat' dir='ltr'>deposita</span> <span class='ocrx_word' id='word_1_210' title='bbox 818 1904 870 1945; x_wconf 77' lang='lat' dir='ltr'>ad</span> <span class='ocrx_word' id='word_1_211' title='bbox 904 1911 1070 1960; x_wconf 90' lang='lat' dir='ltr'>tempus</span> <span class='ocrx_word' id='word_1_212' title='bbox 1104 1906 1353 1955; x_wconf 81' lang='lat' dir='ltr'>clemencia,</span> <span class='ocrx_word' id='word_1_213' title='bbox 1387 1903 1622 1946; x_wconf 85' lang='lat' dir='ltr'>austeritati</span> 
     </span>
     <span class='ocr_line' id='line_1_34' title="bbox 178 1962 1620 2018; baseline -0.001 -16"><span class='ocrx_word' id='word_1_214' title='bbox 178 1963 376 2009; x_wconf 79' lang='lat' dir='ltr'>subiecit,</span> <span class='ocrx_word' id='word_1_215' title='bbox 429 1964 667 2018; x_wconf 74' lang='lat' dir='ltr'>meritoque</span> <span class='ocrx_word' id='word_1_216' title='bbox 709 1962 760 2003; x_wconf 85' lang='lat' dir='ltr'>ad</span> <span class='ocrx_word' id='word_1_217' title='bbox 802 1962 1050 2004; x_wconf 89' lang='lat' dir='ltr'>firmandam</span> <span class='ocrx_word' id='word_1_218' title='bbox 1095 1963 1310 2017; x_wconf 81' lang='lat' dir='ltr'>religionis</span> <span class='ocrx_word' id='word_1_219' title='bbox 1358 1962 1620 2017; x_wconf 87' lang='lat' dir='ltr'>disciplinam</span> 
     </span>
     <span class='ocr_line' id='line_1_35' title="bbox 176 2019 1621 2076; baseline 0.001 -16"><span class='ocrx_word' id='word_1_220' title='bbox 176 2020 329 2074; x_wconf 88' lang='lat' dir='ltr'>aliquid</span> <span class='ocrx_word' id='word_1_221' title='bbox 378 2035 402 2060; x_wconf 86' lang='lat' dir='ltr'>a</span> <span class='ocrx_word' id='word_1_222' title='bbox 448 2021 696 2062; x_wconf 77' lang='lat' dir='ltr'>crudelitate</span> <span class='ocrx_word' id='word_1_223' title='bbox 740 2021 814 2062; x_wconf 88' lang='lat' dir='ltr'>sibi</span> <span class='ocrx_word' id='word_1_224' title='bbox 858 2021 1071 2076; x_wconf 84' lang='lat' dir='ltr'>paulisper</span> <span class='ocrx_word' id='word_1_225' title='bbox 1115 2021 1394 2062; x_wconf 83' lang='lat' dir='ltr'>mutuandum</span> <span class='ocrx_word' id='word_1_226' title='bbox 1440 2019 1621 2075; x_wconf 86' lang='lat' dir='ltr'>putauit.</span> 
     </span>
     <span class='ocr_line' id='line_1_36' title="bbox 179 2078 1621 2134; baseline -0.001 -15"><span class='ocrx_word' id='word_1_227' title='bbox 179 2078 462 2125; x_wconf 72' lang='lat' dir='ltr'>Quamobrem</span> <span class='ocrx_word' id='word_1_228' title='bbox 508 2079 659 2121; x_wconf 86' lang='lat' dir='ltr'>infesto</span> <span class='ocrx_word' id='word_1_229' title='bbox 701 2079 876 2119; x_wconf 88' lang='lat' dir='ltr'>militum</span> <span class='ocrx_word' id='word_1_230' title='bbox 920 2093 1124 2120; x_wconf 84' lang='lat' dir='ltr'>concursu</span> <span class='ocrx_word' id='word_1_231' title='bbox 1165 2079 1343 2134; x_wconf 72' lang='lat' dir='ltr'>petitus,</span> <span class='ocrx_word' id='word_1_232' title='bbox 1388 2079 1621 2134; x_wconf 84' lang='lat' dir='ltr'>applicatos</span> 
     </span>
     <span class='ocr_line' id='line_1_37' title="bbox 179 2136 1622 2193; baseline 0 -17"><span class='ocrx_word' id='word_1_233' title='bbox 179 2138 330 2177; x_wconf 86' lang='lat' dir='ltr'>ceruici</span> <span class='ocrx_word' id='word_1_234' title='bbox 366 2151 440 2178; x_wconf 88' lang='lat' dir='ltr'>suo</span> <span class='ocrx_word' id='word_1_235' title='bbox 472 2137 635 2190; x_wconf 80' lang='lat' dir='ltr'>gladios</span> <span class='ocrx_word' id='word_1_236' title='bbox 677 2136 803 2177; x_wconf 84' lang='lat' dir='ltr'>animi</span> <span class='ocrx_word' id='word_1_237' title='bbox 835 2138 1033 2178; x_wconf 81' lang='lat' dir='ltr'>firmitate</span> <span class='ocrx_word' id='word_1_238' title='bbox 1069 2138 1342 2193; x_wconf 80' lang='lat' dir='ltr'>contempsit,</span> <span class='ocrx_word' id='word_1_239' title='bbox 1374 2143 1622 2191; x_wconf 84' lang='lat' dir='ltr'>tantumque</span> 
     </span>
     <span class='ocr_line' id='line_1_38' title="bbox 178 2194 1622 2250; baseline 0 -16"><span class='ocrx_word' id='word_1_240' title='bbox 178 2209 222 2235; x_wconf 87' lang='lat' dir='ltr'>se</span> <span class='ocrx_word' id='word_1_241' title='bbox 259 2195 298 2235; x_wconf 89' lang='lat' dir='ltr'>iu</span> <span class='ocrx_word' id='word_1_242' title='bbox 325 2194 605 2249; x_wconf 88' lang='lat' dir='ltr'>despiciendis</span> <span class='ocrx_word' id='word_1_243' title='bbox 638 2195 831 2249; x_wconf 88' lang='lat' dir='ltr'>periculis</span> <span class='ocrx_word' id='word_1_244' title='bbox 863 2195 1005 2250; x_wconf 85' lang='lat' dir='ltr'>gessit,</span> <span class='ocrx_word' id='word_1_245' title='bbox 1041 2201 1244 2250; x_wconf 86' lang='lat' dir='ltr'>quantum</span> <span class='ocrx_word' id='word_1_246' title='bbox 1276 2198 1423 2250; x_wconf 85' lang='lat' dir='ltr'>egerat</span> <span class='ocrx_word' id='word_1_247' title='bbox 1452 2195 1493 2235; x_wconf 90' lang='lat' dir='ltr'>in</span> <span class='ocrx_word' id='word_1_248' title='bbox 1525 2207 1622 2249; x_wconf 91' lang='lat' dir='ltr'>pro-</span> 
     </span>
     <span class='ocr_line' id='line_1_39' title="bbox 179 2252 1622 2309; baseline 0 -17"><span class='ocrx_word' id='word_1_249' title='bbox 179 2253 393 2293; x_wconf 83' lang='lat' dir='ltr'>uocandis.</span> <span class='ocrx_word' id='word_1_250' title='bbox 456 2253 593 2293; x_wconf 79' lang='lat' dir='ltr'>Tanto</span> <span class='ocrx_word' id='word_1_251' title='bbox 635 2253 761 2293; x_wconf 85' lang='lat' dir='ltr'>animi</span> <span class='ocrx_word' id='word_1_252' title='bbox 804 2253 958 2294; x_wconf 90' lang='lat' dir='ltr'>robore</span> <span class='ocrx_word' id='word_1_253' title='bbox 998 2253 1187 2308; x_wconf 86' lang='lat' dir='ltr'>preditus</span> <span class='ocrx_word' id='word_1_254' title='bbox 1228 2259 1397 2309; x_wconf 90' lang='lat' dir='ltr'>tamque</span> <span class='ocrx_word' id='word_1_255' title='bbox 1428 2252 1622 2305; x_wconf 73' lang='lat' dir='ltr'>generosi</span> 
     </span>
     <span class='ocr_line' id='line_1_40' title="bbox 177 2310 1621 2365; baseline 0.001 -15"><span class='ocrx_word' id='word_1_256' title='bbox 177 2311 347 2365; x_wconf 84' lang='lat' dir='ltr'>spiritns</span> <span class='ocrx_word' id='word_1_257' title='bbox 380 2310 644 2352; x_wconf 82' lang='lat' dir='ltr'>abundancia.</span> <span class='ocrx_word' id='word_1_258' title='bbox 675 2311 928 2362; x_wconf 78' lang='lat' dir='ltr'>instructus,</span> <span class='ocrx_word' id='word_1_259' title='bbox 971 2311 1113 2352; x_wconf 87' lang='lat' dir='ltr'>diuine</span> <span class='ocrx_word' id='word_1_260' title='bbox 1147 2312 1332 2352; x_wconf 84' lang='lat' dir='ltr'>caritatis</span> <span class='ocrx_word' id='word_1_261' title='bbox 1363 2311 1621 2352; x_wconf 87' lang='lat' dir='ltr'>munimento</span> 
     </span>
     <span class='ocr_line' id='line_1_41' title="bbox 178 2368 1621 2423; baseline -0.001 -14"><span class='ocrx_word' id='word_1_262' title='bbox 178 2369 369 2422; x_wconf 83' lang='lat' dir='ltr'>superior</span> <span class='ocrx_word' id='word_1_263' title='bbox 411 2368 581 2409; x_wconf 86' lang='lat' dir='ltr'>humani</span> <span class='ocrx_word' id='word_1_264' title='bbox 622 2369 780 2409; x_wconf 87' lang='lat' dir='ltr'>timoris</span> <span class='ocrx_word' id='word_1_265' title='bbox 820 2369 980 2410; x_wconf 84' lang='lat' dir='ltr'>uiribus</span> <span class='ocrx_word' id='word_1_266' title='bbox 1012 2370 1221 2423; x_wconf 87' lang='lat' dir='ltr'>apparuit.</span> <span class='ocrx_word' id='word_1_267' title='bbox 1285 2369 1414 2410; x_wconf 78' lang='lat' dir='ltr'>Cuius</span> <span class='ocrx_word' id='word_1_268' title='bbox 1455 2383 1530 2409; x_wconf 79' lang='lat' dir='ltr'>rex</span> <span class='ocrx_word' id='word_1_269' title='bbox 1562 2368 1621 2409; x_wconf 90' lang='lat' dir='ltr'>in—</span> 
     </span>
     <span class='ocr_line' id='line_1_42' title="bbox 179 2426 1621 2480; baseline 0 -14"><span class='ocrx_word' id='word_1_270' title='bbox 179 2426 310 2473; x_wconf 83' lang='lat' dir='ltr'>hibita</span> <span class='ocrx_word' id='word_1_271' title='bbox 343 2441 457 2477; x_wconf 72' lang='lat' dir='ltr'>nece,</span> <span class='ocrx_word' id='word_1_272' title='bbox 490 2440 583 2467; x_wconf 91' lang='lat' dir='ltr'>cum</span> <span class='ocrx_word' id='word_1_273' title='bbox 627 2440 721 2466; x_wconf 86' lang='lat' dir='ltr'>eum</span> <span class='ocrx_word' id='word_1_274' title='bbox 763 2439 846 2466; x_wconf 92' lang='lat' dir='ltr'>non</span> <span class='ocrx_word' id='word_1_275' title='bbox 880 2429 1104 2467; x_wconf 78' lang='lat' dir='ltr'>temeraria</span> <span class='ocrx_word' id='word_1_276' title='bbox 1140 2427 1313 2477; x_wconf 71' lang='lat' dir='ltr'>offensa,</span> <span class='ocrx_word' id='word_1_277' title='bbox 1346 2426 1421 2468; x_wconf 89' lang='lat' dir='ltr'>sed</span> <span class='ocrx_word' id='word_1_278' title='bbox 1452 2426 1621 2480; x_wconf 89' lang='lat' dir='ltr'>publice</span> 
     </span>
     <span class='ocr_line' id='line_1_43' title="bbox 179 2484 1623 2537; baseline -0.001 -12"><span class='ocrx_word' id='word_1_279' title='bbox 179 2484 416 2525; x_wconf 73' lang='lat' dir='ltr'>seueritatis</span> <span class='ocrx_word' id='word_1_280' title='bbox 448 2484 600 2524; x_wconf 85' lang='lat' dir='ltr'>fiducia</span> <span class='ocrx_word' id='word_1_281' title='bbox 641 2484 900 2525; x_wconf 87' lang='lat' dir='ltr'>concitatum</span> <span class='ocrx_word' id='word_1_282' title='bbox 931 2484 1310 2537; x_wconf 84' lang='lat' dir='ltr'>animaduerteret,</span> <span class='ocrx_word' id='word_1_283' title='bbox 1359 2484 1623 2526; x_wconf 86' lang='lat' dir='ltr'>consciencie</span> 
     </span>
     <span class='ocr_line' id='line_1_44' title="bbox 178 2541 1621 2597; baseline -0.001 -14"><span class='ocrx_word' id='word_1_284' title='bbox 178 2542 330 2583; x_wconf 90' lang='lat' dir='ltr'>rubore</span> <span class='ocrx_word' id='word_1_285' title='bbox 371 2541 567 2596; x_wconf 86' lang='lat' dir='ltr'>perfusus</span> <span class='ocrx_word' id='word_1_286' title='bbox 607 2541 859 2596; x_wconf 88' lang='lat' dir='ltr'>scelerisque</span> <span class='ocrx_word' id='word_1_287' title='bbox 900 2555 1027 2594; x_wconf 85' lang='lat' dir='ltr'>quam</span> <span class='ocrx_word' id='word_1_288' title='bbox 1060 2543 1227 2597; x_wconf 89' lang='lat' dir='ltr'>repulse</span> <span class='ocrx_word' id='word_1_289' title='bbox 1266 2541 1429 2597; x_wconf 89' lang='lat' dir='ltr'>pudore</span> <span class='ocrx_word' id='word_1_290' title='bbox 1471 2541 1621 2596; x_wconf 77' lang='lat' dir='ltr'>egrior‚</span> 
     </span>
    </p>
   </div>
   <div class='ocr_carea' id='block_1_9' title="bbox 110 2599 1622 2656">
    <p class='ocr_par' dir='ltr' id='par_1_9' title="bbox 110 2599 1622 2656">
     <span class='ocr_line' id='line_1_45' title="bbox 110 2599 1622 2656; baseline 0.001 -16"><span class='ocrx_word' id='word_1_291' title='bbox 110 2612 148 2640; x_wconf 76' lang='lat'>40</span> <span class='ocrx_word' id='word_1_292' title='bbox 178 2599 378 2641; x_wconf 89' lang='lat' dir='ltr'>continuo</span> <span class='ocrx_word' id='word_1_293' title='bbox 413 2600 572 2655; x_wconf 86' lang='lat' dir='ltr'>regiam</span> <span class='ocrx_word' id='word_1_294' title='bbox 603 2599 768 2655; x_wconf 86' lang='lat' dir='ltr'>repetit,</span> <span class='ocrx_word' id='word_1_295' title='bbox 803 2599 1077 2656; x_wconf 86' lang='lat' dir='ltr'>quietamque</span> <span class='ocrx_word' id='word_1_296' title='bbox 1108 2600 1288 2642; x_wconf 90' lang='lat' dir='ltr'>frontem</span> <span class='ocrx_word' id='word_1_297' title='bbox 1320 2599 1622 2642; x_wconf 87' lang='lat' dir='ltr'>contumeliose</span> 
     </span>
    </p>
   </div>
   <div class='ocr_carea' id='block_1_10' title="bbox 1683 404 1782 437">
    <p class='ocr_par' dir='ltr' id='par_1_10' title="bbox 1683 404 1782 437">
     <span class='ocr_line' id='line_1_46' title="bbox 1683 404 1782 437; baseline -0.02 -5"><span class='ocrx_word' id='word_1_298' title='bbox 1683 414 1708 437; x_wconf 80' lang='lat' dir='ltr'>p.</span> <span class='ocrx_word' id='word_1_299' title='bbox 1732 404 1782 432; x_wconf 76' lang='lat'>562</span> 
     </span>
    </p>
   </div>
   <div class='ocr_carea' id='block_1_11' title="bbox 1673 1682 1782 1710">
    <p class='ocr_par' dir='ltr' id='par_1_11' title="bbox 1673 1682 1782 1710">
     <span class='ocr_line' id='line_1_47' title="bbox 1673 1682 1782 1710; baseline -0.009 0"><span class='ocrx_word' id='word_1_300' title='bbox 1673 1682 1782 1710; x_wconf 57' lang='lat' dir='ltr'>cxli*</span> 
     </span>
    </p>
   </div>
  </div>
 </body>
</html>
