1884 3126
244 966 280 992 10

241 1254 278 1281 15

243 1542 280 1569 20

242 1830 279 1858 25

244 2119 281 2146 30

243 2408 280 2436 35

246 2694 282 2723 40

317 311 398 352 670
861 329 913 333 -
973 299 1082 343 XVI
1142 324 1195 331 —-—-

315 435 475 476 aditum
506 431 678 487 perinde
710 445 758 471 ac
789 430 915 470 fatale
948 429 1027 469 sibi
1060 428 1338 480 domicilium,
1373 427 1631 469 consciencie
1661 442 1746 468 ma-

315 492 505 545 lignitate
559 487 779 540 confusus,
832 487 1061 528 exhorruit.
1137 487 1320 526 Gauisus
1365 486 1583 539 Absalon,
1634 487 1745 541 quod

318 549 493 589 salutem
526 560 643 587 suam
676 545 837 586 somnio
871 558 997 599 quam
1027 543 1141 584 hosti
1173 544 1344 584 credere
1375 547 1661 599 preoptasset,
1695 543 1747 584 ad

316 606 491 646 classem
525 618 570 645 se
603 603 770 658 recepit.
832 602 967 656 Igitur
1000 615 1095 642 cum
1127 601 1336 643 exercitus
1367 606 1528 651 noster,
1560 615 1746 642 commu-

311 676 403 703 nem
438 674 634 715 agrorum
667 661 953 701 uastacionern
978 659 1100 699 unius
1133 658 1248 699 urbis
1277 658 1440 700 excidio
1473 663 1746 714 anteponens,

315 718 598 760 exhauriende
629 718 845 772 prouincie
879 717 1097 758 consilium
1129 716 1320 770 cepisset,
1347 717 1474 771 inque
1495 717 1633 771 pontis
1655 730 1748 772 per-

313 776 557 817 transeundi
588 776 791 829 angustiis
815 775 1022 827 hererent,
1056 773 1209 814 crebris
1238 774 1545 829 oppidanorum
1576 789 1748 829 myopa-

313 834 484 874 ronibus
517 834 792 873 incessuntur.
854 831 936 879 Qui
968 846 1070 872 mox
1100 832 1415 885 sagittariorum
1447 832 1500 872 ab
1531 832 1748 874 Absalone

312 905 494 945 regeque
527 892 746 931 missorum
790 903 920 945 opera
952 889 1186 942 deturbati,
1219 889 1455 930 infestande
1488 889 1747 931 commodius

312 949 456 989 classis
488 947 654 1002 gracia*
685 948 915 989 continenti
957 962 1002 988 se
1043 946 1230 1001 tradunt,
1272 951 1522 1002 nostrosque
1563 948 1746 989 clamore

312 1020 394 1047 non
441 1007 577 1047 minus
623 1020 749 1060 quam
793 1005 938 1046 iaculis
984 1006 1184 1055 insecuti,
1225 1018 1300 1059 per
1333 1019 1536 1046 summam
1577 1006 1747 1060 ignauie

313 1064 690 1118 exprobracionem
725 1063 902 1117 perinde
934 1076 983 1103 ac
1005 1062 1126 1103 uictis
1157 1062 1361 1104 insultare
1395 1068 1610 1117 ceperunt.
1654 1063 1747 1111 Quo

312 1122 417 1172 uiso,
442 1122 588 1176 reliqui
612 1136 665 1163 ex
687 1121 918 1175 oppidanis,
941 1121 1099 1175 passim
1120 1121 1320 1175 correptis
1346 1121 1527 1175 scaphis,
1559 1121 1748 1162 menibus

312 1180 467 1232 eciam,
510 1193 591 1233 que
630 1179 880 1232 tuebantur,
926 1178 1125 1232 desertis,
1167 1179 1209 1219 in
1251 1178 1385 1233 ripam
1426 1192 1471 1219 se
1513 1179 1748 1233 conferunt,

309 1237 457 1278 relicta
487 1251 511 1277 a
539 1237 672 1278 Danis
704 1235 977 1278 tabernacula
1007 1236 1237 1291 predaturi.
1283 1235 1434 1291 Neque
1466 1237 1575 1277 enim
1607 1237 1747 1291 regios

313 1295 494 1349 equites,
541 1295 712 1335 nauium
760 1295 983 1335 transitum
1030 1295 1070 1335 in
1114 1298 1227 1335 terra
1273 1295 1562 1349 opperientes,
1607 1295 1748 1335 fumus

311 1352 697 1405 tabernaculorum,
730 1366 810 1407 que
832 1352 944 1393 Dani
976 1351 1240 1393 discedentes
1263 1352 1524 1405 cremabant,
1556 1351 1747 1393 incendio

314 1414 427 1451 ortus
458 1411 511 1451 ab
543 1410 642 1464 ipsis
673 1385 853 1451 discerni
874 1410 1133 1465 paciebatur.
1172 1409 1211 1450 A
1234 1410 1386 1464 quibus
1418 1423 1510 1450 cum
1542 1410 1748 1465 inopinati

313 1468 560 1523 attonitique
607 1469 940 1519 incursarentur,
986 1481 1083 1522 pars
1128 1468 1170 1508 in
1210 1468 1388 1532 scaphas
1428 1467 1605 1522 refugit,
1651 1482 1748 1523 pars

311 1526 436 1567 armis
468 1527 509 1567 in
542 1525 633 1580 ripa
664 1531 736 1566 aut
759 1526 878 1580 aquis
907 1526 950 1566 in
972 1524 1096 1566 amne
1118 1525 1299 1566 exicium
1331 1524 1492 1566 habuit.
1540 1525 1747 1566 Natantes

312 1598 337 1624 a
368 1584 593 1638 sagittariis
624 1583 849 1637 interfecti,
881 1583 1130 1638 nauigantes
1163 1584 1314 1635 euersi,
1346 1583 1474 1623 iustas
1505 1583 1633 1624 irrisis
1655 1598 1679 1624 a
1702 1598 1747 1624 se

311 1641 443 1682 Danis
474 1655 607 1696 penas
638 1642 822 1683 luerunt.
872 1641 938 1682 Ita
961 1639 1326 1706 Walagostenses,
1357 1641 1485 1696 paulo
1508 1645 1608 1682 ante
1631 1641 1747 1682 falsis

312 1705 554 1741 nostrorum
587 1699 823 1754 opprobriis
855 1699 1109 1751 exultantes,
1140 1712 1252 1739 nunc
1274 1699 1428 1739 ciuium
1451 1700 1492 1739 in
1524 1703 1750 1754 conspectu

311 1770 388 1798 suo
412 1762 654 1799 neoatmum
677 1757 914 1798 miseranda
935 1755 1024 1797 fata
1045 1757 1160 1797 luctu
1181 1756 1562 1811 prosequebantur.
1611 1754 1746 1811 Quod}

312 1814 524 1856 Oznenses
547 1815 659 1856 fama
681 1815 857 1869 experti,
880 1814 1147 1855 suburbanos
1172 1820 1343 1868 penates
1365 1814 1481 1855 ocius
1500 1814 1746 1856 cremandos

314 1879 480 1925 curant,
525 1887 577 1914 ne
616 1873 765 1914 iisdem
807 1873 951 1914 hostes
992 1872 1045 1913 ad
1077 1873 1259 1913 menium
1301 1886 1472 1913 suorum
1507 1872 1747 1913 incendium

314 1935 543 1972 uterentur.
618 1931 755 1985 Igitur
800 1929 900 1971 dum
946 1930 1056 1971 ultro
1103 1944 1148 1971 se
1193 1930 1314 1971 tectis
1355 1929 1560 1985 spoliant,
1600 1931 1748 1985 ingens

313 1988 405 2029 urbi
447 2002 521 2029 sue
562 1992 842 2030 tutamentum
883 1988 1127 2039 conciliant,
1170 2001 1252 2043 quo
1294 1987 1485 2029 domibus
1517 1989 1747 2040 tenuiores,

313 2046 392 2087 hoc
438 2047 630 2088 menibus
675 2047 860 2087 tuciores
907 2045 1056 2087 effecti.
1133 2046 1222 2087 Rus
1268 2047 1357 2099 regi
1402 2046 1546 2100 rapine
1593 2046 1747 2087 extitit.

313 2103 443 2144 Cuius
490 2104 706 2146 sentencia
756 2104 945 2145 Absalon
991 2103 1266 2144 Iulinensium
1313 2104 1457 2144 finium
1507 2103 1746 2159 arciumque

313 2161 580 2203 Zuinensium
635 2161 1000 2216 expugnacionem
1052 2174 1255 2216 peragere
1306 2161 1466 2213 iussus,
1512 2160 1747 2203 Esbernum

312 2218 482 2260 fratrem
516 2220 689 2261 Zuinam
717 2234 811 2261 cum
844 2220 1065 2260 commisse
1095 2219 1172 2260 sibi
1203 2219 1347 2260 classis
1378 2224 1498 2273 parte
1529 2219 1746 2274 premittit,

314 2281 388 2317 aut
431 2291 546 2318 arces
591 2278 703 2333 ipsas
747 2275 804 2331 (si
848 2276 933 2318 fors
979 2275 1154 2331 sineret)
1200 2280 1443 2331 capturum,
1489 2280 1562 2317 aut
1603 2290 1747 2318 earum

313 2334 575 2387 custodibus,
609 2335 746 2391 quoad
779 2349 824 2376 se
855 2334 992 2376 Iulino
1023 2335 1177 2376 reuerti
1211 2334 1479 2387 contigisset,
1510 2334 1654 2388 fugam
1686 2335 1747 2375 in-

311 2393 602 2435 terclusurum.
665 2393 856 2441 Quarum
899 2393 1023 2433 ianue
1062 2391 1247 2434 uenienti
1278 2391 1468 2433 Esberno
1510 2405 1644 2433 uacue
1676 2405 1746 2447 pa-

314 2454 446 2504 tuere,
479 2451 865 2505 propugnatoribus
896 2450 1090 2491 nimirum
1121 2450 1352 2490 aduentum
1373 2450 1558 2491 hostium
1587 2450 1745 2491 furtiuo

314 2507 502 2550 discessu
534 2508 885 2563 precurrentibus.
927 2508 1066 2549 Ambe
1097 2507 1241 2562 itaque
1271 2507 1464 2548 incendio
1498 2507 1608 2549 date.
1653 2507 1747 2555 Qua

314 2565 366 2606 de
397 2580 454 2607 re·
474 2566 684 2621 Absalon,
715 2566 992 2607 Iulinensium
1031 2566 1157 2607 rebus
1202 2565 1456 2620 absumptis,
1493 2579 1577 2605 non
1609 2565 1747 2606 solum

314 2622 535 2679 longinqui
559 2623 663 2664 fumi
686 2623 1057 2678 contemplacione,
1088 2636 1235 2664 uerum
1258 2623 1390 2664 eciam
1421 2622 1629 2664 sociorum
1649 2622 1747 2663 inde

317 2683 624 2724 reuertencium
646 2681 931 2723 affirmacione
954 2680 1110 2723 cercior
1131 2680 1281 2735 factus,
1313 2680 1366 2722 ad
1398 2694 1539 2737 regem
1560 2679 1745 2736 reuertit,

1783 0 1884 152 1

1771 954 1884 986 (3ch

1876 1336 1884 1410 ...1.-
1882 1295 1884 1299 .
1879 1263 1884 1273 ,.
1880 1232 1884 1237 r
1882 1203 1884 1207 .
