1884 3126
50 926 84 953 10

56 1216 88 1243 15

50 1507 87 1534 20

50 1792 88 1819 25

50 2087 88 2115 30

54 2372 92 2401 35

54 2662 91 2692 40

654 284 708 290 -
768 258 908 302 XIIII
969 285 1022 290 ——
1481 263 1563 303 609

114 402 268 445 gyrare
299 403 384 430 non
417 393 603 444 possent.
668 388 836 444 Quippe
877 390 1073 446 pertinax
1104 391 1201 445 gelu
1234 391 1369 432 ueluti
1400 391 1561 445 glutino

114 446 294 502 quodam
326 448 450 501 lignis
482 446 629 488 limum
662 448 932 490 astrinxerat.
979 448 1075 496 Quo
1099 449 1257 502 euenit,
1288 454 1334 490 ut
1365 463 1564 490 curruum

114 510 315 557 rectores,
347 504 495 546 iisdem
518 505 690 556 relictis,
712 504 902 546 iumenta
925 506 1124 548 oneribus
1146 506 1378 549 subderent
1399 507 1564 563 ipsique

113 563 373 618 pedestrium
406 561 628 605 ductorum
653 562 791 604 officia
814 563 1021 616 subirentg
1055 578 1235 619 quorum
1259 578 1402 606 ocreas
1424 565 1565 620 gelate

114 621 303 662 sordium
333 621 467 673 tabes,
500 634 632 676 supra
655 634 782 675 quam
806 621 907 663 tibie
929 621 1038 663 ferre
1067 626 1278 677 poterant,
1312 623 1564 664 onerabant.

115 679 210 721 Hos
253 693 347 720 cum
390 678 608 733 Absalon,
651 692 759 734 equo
801 681 1056 734 preteriens,
1097 681 1371 722 miseratoriis
1423 681 1563 722 uerbis

115 742 475 793 prosequeretur,
531 736 722 792 duraque
773 752 848 792 pro
899 738 1038 793 patria
1087 739 1254 794 perpeti
1308 739 1562 793 predicaret,

116 795 441 850 responderunt,
474 795 643 836 maioris
677 809 849 836 erumne
881 810 989 847 esse,
1022 796 1230 851 captiuum
1265 795 1490 851 pyraticis*
1520 797 1561 838 in

116 854 311 895 transtris
344 852 588 906 considere,
634 854 814 909 plusque
858 867 902 894 se
940 868 995 895 ex
1025 854 1210 909 presenti
1242 855 1386 895 labore
1413 855 1417 908 Ι
1446 855 1564 896 uolu-

116 912 245 966 ptatis
291 926 417 967 quam
466 911 758 953 amaritudinis
810 925 975 966 capere.
1057 911 1195 966 Igitur
1246 912 1563 967 expedicionem

120 983 256 1023 orsus,
289 983 383 1011 cuni
415 983 548 1024 prope
581 969 751 1011 Monam
783 971 994 1021 uenisset,
1027 969 1200 1010 obuium
1240 971 1409 1026 accipit,
1440 985 1565 1026 quem

117 1041 253 1082 nuper
287 1027 337 1068 ad
372 1027 560 1069 eiusdem
592 1027 729 1069 insule
760 1028 1096 1082 promontorium
1120 1042 1323 1070 nouarum
1348 1042 1486 1069 rerum
1512 1044 1566 1069 ex

119 1085 271 1127 Sclauo
304 1085 699 1140 cognoscendarum
732 1100 859 1127 causa
891 1086 1194 1127 transmiserat.
1256 1085 1349 1127 Illic
1388 1087 1565 1142 accepit,

120 1145 299 1185 classem
333 1143 583 1197 Sclauicam,
607 1143 843 1185 Swaldensi
872 1143 911 1184 in
946 1148 1071 1198 portu
1103 1148 1350 1198 morantem,
1382 1144 1566 1199 petende

119 1201 246 1244 Mene
277 1201 544 1257 propositum
575 1216 741 1257 gerere,
773 1202 821 1243 in·
849 1202 1023 1243 australi
1053 1202 1185 1256 ipsius
1215 1202 1358 1243 littore
1389 1203 1565 1257 equites,

119 1260 286 1315 pedites
307 1261 350 1301 in
371 1259 695 1315 septentrionali
717 1260 940 1313 edituram,
963 1260 1135 1314 nauigia
1158 1274 1262 1301 uero
1281 1260 1565 1316 Kyalbyensis

120 1319 234 1360 sinus
265 1318 529 1359 anfractibus
561 1318 857 1359 immissuram.
921 1318 1058 1365 Quam
1089 1318 1237 1359 iccirco
1276 1319 1418 1373 copias
1450 1333 1566 1372 spar-

119 1376 280 1430 gendas
314 1376 512 1430 duxisse,
555 1389 609 1417 ne
650 1376 799 1417 ineolis
831 1376 942 1417 ullus
974 1375 1075 1429 fuge
1107 1376 1225 1417 locus
1258 1375 1565 1418 admitteretur.

122 1433 214 1482 Quo
247 1438 480 1489 comperto,
504 1434 708 1490 optimum
742 1435 971 1475 arbitratus
1004 1440 1092 1483 est,
1132 1434 1359 1489 tranquillo
1392 1434 1567 1488 nauiga-

119 1492 247 1534 cionis
289 1506 444 1546 genere
488 1491 660 1534 Coztam
702 1498 874 1547 petere,
908 1507 985 1533 nec
1016 1493 1131 1547 prius
1164 1492 1216 1532 ab
1249 1506 1299 1533 ea
1339 1491 1566 1546 diucrtere,

122 1564 248 1606 quam
282 1551 427 1592 classis
469 1550 630 1592 hostica
671 1564 715 1591 se
754 1551 887 1605 ipsam
923 1565 978 1591 ex
1011 1549 1203 1591 consulto
1245 1549 1422 1604 predicti
1452 1550 1566 1591 sinus

121 1608 329 1662 angustiis
360 1607 612 1663 infudisset„
663 1608 741 1650 Cui
774 1609 807 1650 si
828 1608 1045 1664 inopinate
1067 1608 1342 1662 superuenire
1373 1612 1566 1663 nequeat,

120 1667 303 1722 reliquas
349 1665 536 1708 hostium
585 1667 728 1722 copias
781 1670 985 1721 occupatu
1035 1665 1255 1706 facillimas
1307 1666 1566 1718 autumabat,

121 1724 272 1780 quibus
323 1726 463 1766 nullus
515 1725 677 1780 absque
725 1725 905 1780 nauigiis
952 1724 1112 1765 reditus
1163 1727 1321 1777 pateat.
1403 1724 1566 1765 Sel-auis

119 1782 290 1837 segnius
334 1782 589 1838 agentibus,
637 1783 887 1824 dilacionem
935 1783 1131 1832 miratus,
1178 1781 1401 1822 Falstriam
1447 1782 1565 1836 petit,

118 1841 260 1896 ibique
306 1855 329 1883 e
371 1846 464 1881 tota
506 1841 639 1883 classe
682 1841 781 1882 bina
821 1841 992 1895 nauigia
1033 1841 1157 1895 legit,
1200 1839 1349 1894 quibus
1381 1840 1566 1881 hostium

119 1902 238 1940 actus
271 1899 481 1954 speculari
513 1899 718 1955 precepit.
781 1899 949 1940 Horum
992 1898 1171 1940 alterum
1206 1897 1565 1950 Sialandensibus,

119 1958 297 1998 alterum
343 1956 662 1998 Falstrensibus
706 1958 916 1999 instruere
960 1957 1145 2009 iussum,
1193 1959 1379 2009 statuto,
1421 1962 1491 2010 ut,
1534 1955 1567 1996 si

121 2014 271 2056 eadem
313 2014 368 2055 ab
410 2014 533 2057 hoste
566 2015 660 2070 capi
693 2015 965 2070 contigisset,
997 2015 1158 2068 relique
1193 2014 1336 2054 classis
1367 2013 1565 2068 impensis

118 2072 360 2127 redempcio
393 2076 631 2115 taxaretur.
695 2072 820 2121 Quod
853 2073 1043 2125 audiens,
1079 2071 1148 2126 qui
1172 2085 1195 2111 a
1220 2071 1565 2112 Sialandensibus

120 2131 164 2172 in
196 2130 370 2172 alterius
401 2131 561 2185 nauigii
604 2131 793 2185 regimen
824 2131 988 2172 adcitus
1021 2130 1181 2180 fuerat,
1213 2142 1385 2183 operam
1417 2143 1462 2170 se
1495 2129 1567 2169 da-

120 2193 262 2229 turum
298 2189 591 2242 asseuerabat,
623 2203 676 2231 ne
707 2189 1017 2244 redempcionis
1040 2187 1290 2230 beneficium
1313 2186 1566 2241 captiuitatis

122 2246 276 2287 iniuria
318 2246 474 2300 pacisci
513 2261 687 2288 necesse
730 2247 898 2288 habeat.
961 2246 1082 2294 Quod
1124 2259 1207 2286 non
1239 2245 1409 2298 ignauie
1441 2258 1569 2286 causa

125 2303 310 2345 officium
341 2304 634 2357 detrectando,
667 2305 740 2346 sed
772 2305 985 2360 uigilantis
1007 2303 1211 2345 industrie
1233 2302 1384 2343 fiducia
1411 2305 1415 2354 Ι
1444 2317 1562 2344 secu-

121 2362 287 2403 ritatem
331 2362 614 2417 presumendo
656 2364 848 2405 astruxit.
921 2362 1083 2404 Verum
1124 2361 1340 2402 Absalone
1391 2360 1564 2401 Coztam

121 2433 329 2474 regresso,
363 2420 644 2462 Guemmerus
677 2421 864 2476 quidam,
897 2420 1095 2462 conuiuio
1129 2418 1440 2459 Falstrensibus
1473 2431 1564 2474 pre-

121 2477 226 2530 bito,
250 2492 417 2532 nauem,
440 2491 520 2533 que
544 2478 791 2534 speculandi
813 2479 956 2533 gracia
978 2478 1032 2519 ab
1054 2478 1112 2517 eis
1137 2475 1325 2530 expediri
1346 2475 1563 2529 debuerat,

123 2536 343 2591 epularum
400 2536 623 2578 dulcedine
672 2536 926 2578 retentabat.
1002 2533 1238 2590 Siquidem,
1289 2532 1564 2574 humanitatis

122 2594 262 2648 specie
310 2592 500 2636 fraudem
555 2595 796 2647 occultans,
849 2594 1034 2634 omnium
1085 2592 1357 2634 sobrietatem
1410 2591 1563 2632 eximio

122 2651 308 2706 pocionis
341 2665 470 2693 onere
508 2651 730 2706 fatigatam
771 2652 823 2693 ad
857 2651 1039 2693 salutare
1072 2649 1303 2691 Absalonis
1345 2649 1564 2704 imperium

194 2725 275 2751 Saxo
295 2725 529 2754 Grammaticus.
1382 2722 1428 2758 39

1600 802 1803 831 cnxxvlla

1619 869 1647 893 p.
1667 860 1717 887 874
