1884 3126
54 887 91 914 10

55 1177 93 1204 15

54 1468 91 1495 20

55 1758 92 1786 25

55 2049 93 2076 30

55 2338 92 2366 35

55 2628 93 2656 40

663 245 718 250 —
779 217 923 263 XIIII
986 245 1035 253 ——
1491 225 1573 268 607

120 346 308 390 bandum
339 347 539 402 negabat.
601 348 652 390 In
692 348 805 389 hunc
835 348 1011 391 modum
1052 353 1143 391 tota
1183 363 1295 405 pene
1326 350 1575 394 sialanden-

122 406 228 447 sium
262 406 407 448 classis
440 406 644 448 condixit.
707 405 798 455 Quo
842 408 1033 462 cognito,
1065 423 1143 449 rex
1174 423 1260 450 non
1290 409 1428 451 solum
1458 411 1575 466 ipsis,

121 464 198 506 sed
240 467 281 505 et
310 464 519 506 Absaloni
560 469 705 519 grates
740 464 911 519 habuit,
945 465 1016 521 qui
1038 467 1053 519 ΙΙ
1077 466 1156 508 sibi
1186 471 1276 508 tam
1313 481 1573 523 propensum

122 522 278 563 ciuium
308 521 503 564 fauorem
537 523 703 564 uirtutis
736 522 897 565 meritis
928 524 1173 579 peperisset.
1225 524 1362 580 Igitur
1383 525 1575 569 Absalon

124 586 221 635 post
252 580 364 635 regis
397 580 631 622 discessum
662 580 714 622 ad
746 581 931 623 tuendos
963 581 1103 637 Rugie
1134 582 1240 624 fines
1272 584 1457 634 relictus,
1489 598 1573 627 non

122 643 208 680 tam
241 643 378 680 tutam
410 639 559 681 incolis
591 639 911 694 euagacionem,
944 653 1068 694 quam
1101 653 1290 682 securam
1323 642 1402 697 ipsi
1432 642 1574 697 Danie

122 697 310 752 quietem
341 697 538 752 prestitit,
570 697 905 738 Pomeranorum
939 698 1073 739 classe
1107 698 1243 753 patrie
1282 700 1472 743 terminis
1504 714 1576 742 ex-

125 754 273 796 cedere
304 769 386 797 non
410 756 612 797 audente.
654 755 767 797 Huic
789 755 932 797 Sueno
956 755 1199 798 Arusiensis
1231 771 1325 798 cum
1358 759 1575 814 aliquanta

123 812 366 855 Iutensium
396 828 525 855 manu
558 813 825 855 uoluntarius
859 827 1035 869 operum
1059 828 1200 856 comes
1226 828 1275 856 ac
1307 816 1445 858 socius
1477 817 1572 859 fuit.

260 871 324 913 Eo
352 876 546 927 tempore
569 872 765 927 princeps
786 871 927 927 Rugie
949 871 1227 927 Tetysclauus
1250 888 1344 919 cum
1367 874 1572 916 Iarimaro

125 927 257 970 fratre
282 931 629 985 superueniens,
671 930 824 985 graciis
856 929 1063 971 Absaloni
1106 931 1235 982 actis,
1266 935 1354 973 tum
1390 933 1450 985 ei,
1483 937 1574 974 tum

125 992 267 1029 cetere
300 988 424 1029 classi
456 988 709 1030 suffecturos
751 988 942 1030 excubiis
974 993 1235 1030 commeatus
1268 989 1573 1045 benignissime

125 1046 323 1101 prestitit,
346 1046 494 1099 eisque
517 1047 626 1089 inter
647 1047 821 1100 nauigia
842 1045 1081 1087 diuidendis
1103 1046 1329 1089 industrios
1348 1063 1400 1090 ex
1418 1049 1574 1091 nostris

127 1103 239 1146 uiros
272 1104 419 1159 prefici
449 1105 699 1160 postulauit.
761 1104 865 1158 Sed,
912 1104 1018 1146 Iutis
1063 1104 1191 1146 allata
1222 1107 1378 1160 passim
1411 1110 1452 1147 et
1483 1107 1573 1148 sine

123 1161 427 1205 distribucione
450 1163 728 1218 rapientibus,
750 1161 945 1213 Absalon
968 1162 1046 1204 hac
1079 1163 1370 1205 munificencia
1394 1165 1574 1206 ulterius

124 1221 185 1260 uti
218 1220 368 1274 noluit,
402 1225 597 1276 excepto,
630 1220 742 1277 quod
777 1220 897 1263 halec
920 1233 942 1262 e
965 1225 1142 1276 captura
1174 1221 1253 1263 sibi
1286 1221 1443 1264 deferri
1475 1237 1574 1264 con-

124 1278 271 1332 stituit,
304 1293 358 1321 ne
391 1279 642 1334 obsequium
686 1279 839 1320 iniuria
871 1276 1202 1335 relpenderetur.
1263 1279 1370 1322 Inde
1403 1281 1573 1322 domum

126 1337 406 1391 repetiturus,
449 1337 563 1392 apud
611 1338 794 1379 insulam
837 1336 1063 1394 Thynnam
1111 1350 1335 1392 sequacem
1380 1338 1572 1380 Iutorum

126 1394 303 1436 classem
346 1394 533 1438 dimittit.
602 1395 791 1444 Quorum
832 1395 1045 1437 incaucior
1086 1408 1185 1450 pars
1226 1395 1327 1436 dum
1373 1396 1574 1438 australia

1628 480 1708 514 (339
1711 486 1722 515 J

1630 1300 1659 1325 p.
1677 1291 1728 1319 821

124 1451 274 1495 Fionie
296 1453 431 1495 latera
452 1451 810 1509 preteruehitur,³‘
831 1453 945 1508 apud
963 1453 1114 1494 urbem
1130 1468 1154 1494 a
1172 1453 1348 1495 Kanuto
1367 1453 1572 1496 Priszlaui
1593 1464 1776 1494 CLXXVIb

127 1510 214 1552 filio
246 1511 473 1566 conditam,
506 1513 667 1568 pyratis
701 1511 860 1565 obuiis,
887 1511 1075 1553 terrestri
1104 1512 1184 1553 sibi
1214 1511 1317 1565 fuga
1349 1513 1573 1563 consuluit,

125 1583 345 1625 nauesque
376 1584 475 1612 suas
499 1575 614 1612 metu
638 1569 835 1611 deserere
867 1569 1017 1625 pudori
1041 1584 1126 1611 non
1158 1569 1291 1611 duxit.
1344 1570 1438 1618 Qua
1461 1570 1575 1612 fama

125 1641 328 1669 accensus
360 1627 563 1680 Absalon,
596 1631 812 1670 contracta
844 1628 962 1669 ocius
989 1627 1139 1680 classe,
1171 1641 1326 1682 magno
1361 1627 1573 1670 scrutandi

123 1685 263 1726 studio
296 1686 407 1738 loca,
439 1700 519 1742 que
553 1686 738 1728 maxime
772 1686 932 1741 pyratis
963 1685 1185 1727 familiaria
1216 1691 1418 1740 nouerat,
1458 1685 1574 1727 inda-

122 1744 267 1798 gabat.
342 1743 481 1799 Igitur
527 1758 685 1800 opacos
729 1745 962 1785 insularum
1008 1743 1224 1785 anfractus
1267 1748 1309 1785 et
1355 1743 1574 1785 abstrusos

124 1802 252 1843 maris
284 1802 464 1857 angulos
496 1802 666 1844 assidua
687 1802 970 1856 nauigacione
1002 1803 1193 1855 rimatus,
1225 1802 1400 1843 miseras
1432 1806 1573 1857 capta-

124 1873 215 1900 rum
259 1860 434 1901 nauium
474 1860 672 1917 reliquias
715 1860 934 1916 tristiaque
978 1860 1110 1915 prede
1151 1860 1334 1914 uestigia
1376 1859 1572 1915 repperit.

126 1916 315 1965 Quarum
356 1919 533 1960 inuentu
576 1919 754 1960 ulcionis
796 1919 962 1960 auidior
1002 1917 1214 1970 redditus,
1259 1917 1396 1959 diuisa
1427 1917 1572 1970 classe,

125 1976 352 2030 separatim
385 1976 653 2018 lustracionis
686 1976 871 2018 officium
903 1976 1048 2031 peragi
1081 1975 1227 2029 iussit3
1257 1976 1346 2031 ipse
1379 1975 1431 2016 ad
1461 1975 1573 2016 insu-

123 2033 204 2074 lam
239 2032 548 2088 Ma[n]snetam
580 2049 675 2076 cum
706 2035 878 2090 pociore
911 2033 1245 2076 sialandensium
1279 2033 1412 2075 classe
1440 2033 1446 2085 Ι
1473 2047 1570 2075 con-

123 2091 262 2134 cessit.
324 2092 499 2148 Iamque
541 2094 689 2148 preuie
730 2092 1021 2148 nauigacionis
1065 2105 1246 2133 excursu
1289 2091 1399 2133 socie
1431 2090 1572 2132 classis

126 2155 357 2205 conspectu
388 2156 650 2203 excesserat,
682 2166 777 2192 cum
809 2151 919 2192 forte
952 2149 1126 2205 quidam
1156 2150 1197 2190 in
1236 2149 1445 2190 destinato
1478 2162 1573 2190 con-

126 2207 276 2250 sistens
318 2208 674 2255 litt01·e,'creb1·a
716 2209 816 2264 pilei
861 2207 1141 2250 uentilacione
1182 2207 1442 2261 colloquium
1483 2207 1572 2248 eius

126 2271 329 2320 expetere
360 2267 600 2309 uidebatur.
654 2267 790 2315 Quem
823 2280 978 2320 magne
1009 2266 1071 2308 rei
1101 2265 1297 2307 nuncium
1331 2264 1571 2317 arbitratus,

123 2324 342 2378 incognita
373 2339 429 2367 ex
461 2338 509 2367 eo
542 2323 826 2380 cognoscendi
859 2323 1069 2379 cupidine,
1102 2323 1197 2364 uelo
1232 2323 1385 2378 posito,
1417 2326 1572 2363 terram

124 2382 275 2437 cymba
317 2383 481 2437 petiuit.
558 2383 790 2439 Agnitique
836 2383 997 2424 eminus
1045 2381 1222 2423 hominis
1268 2380 1393 2422 fidem
1438 2380 1574 2434 prima

123 2454 232 2482 uoce
273 2440 513 2494 damnauit,
557 2440 672 2497 quod
715 2454 883 2495 egresse
925 2453 1059 2494 nuper
1104 2454 1129 2480 a
1177 2438 1340 2479 Sclauis
1381 2438 1572 2492 pyratice

123 2512 273 2553 parum
307 2512 356 2540 eo
388 2499 576 2554 prescius
620 2498 775 2540 fuerat.
838 2498 880 2539 Is
912 2511 1094 2552 namque
1127 2497 1315 2539 bissenas
1354 2509 1571 2536 nummum

124 2556 252 2597 libras
300 2557 518 2598 annuatim
563 2556 772 2598 mercedis
818 2556 911 2597 loco
959 2559 1149 2610 pactus,
1179 2553 1349 2609 quocies
1392 2557 1574 2608 quatuor

122 2614 322 2671 pluresue
362 2615 541 2671 pyratici
582 2615 850 2670 mioparones
899 2612 1081 2655 Daniam
1126 2618 1273 2668 petere
1316 2611 1574 2664 statuissent,

1626 2052 1654 2076 p.
1674 2043 1725 2071 872
