1884 3126
216 899 252 926 lo

223 1182 255 1210 15

215 1472 253 1500 20

216 1756 252 1784 25

217 2046 253 2073 30

216 2333 232 2359 3
237 2334 252 2360 5

219 2605 253 2653 230

285 248 365 287 648
847 266 892 270 —
954 237 1039 280 XV
1105 261 1148 265 -—

285 384 421 425 coque
467 369 586 409 edicti
634 380 788 421 genere
836 365 1068 407 exercitum
1119 364 1336 405 construit.
1411 362 1548 410 Quem
1595 369 1716 405 tanta

285 426 498 468 demencia
529 428 719 479 ceperat,
759 427 806 464 ut
838 436 1005 463 manum
1049 435 1142 462 cum
1173 435 1274 476 rege
1314 435 1535 462 conserere
1566 435 1717 477 prope-

284 488 406 532 raret,
438 483 587 523 summi
618 481 782 536 imperii
813 481 924 521 uires
956 480 1161 520 lacessere
1193 478 1346 520 nullius
1379 479 1541 532 negocii
1574 480 1714 521 existi-

284 540 448 581 mando.
497 539 591 587 Quo
614 554 687 580 rex
713 551 734 578 e
761 541 766 587 ¹.
793 538 919 592 plaga
950 537 1124 577 australi
1155 550 1372 591 regressus
1405 535 1517 590 apud
1539 536 1712 592 Dysiam

283 602 454 653 pontem
490 600 681 651 excepto,
714 595 849 636 oranti
881 609 925 636 se
959 594 1182 646 Absaloni,
1215 593 1395 635 fustibus
1436 607 1560 648 quam
1592 595 1716 635 armis

285 669 409 709 agere
450 654 615 706 mallet,
661 668 753 694 cum
796 652 895 693 uiris
935 651 1036 704 sibi,
1076 665 1159 692 non
1194 651 1366 692 canibus
1410 652 1715 705 confligendum

284 712 514 767 respondit.
576 711 710 765 Igitur
740 724 823 752 non
856 711 915 750 ire
948 714 1019 749 aut
1060 708 1211 750 furoris
1254 709 1437 764 impulsu
1470 710 1717 763 concitatus,

285 768 357 810 sed
390 769 615 823 conspicua
646 768 774 811 animi
814 767 1017 808 industria
1057 766 1109 807 ad
1143 766 1433 820 corrigendam
1474 767 1626 807 ciuium
1656 767 1716 808 in-

285 827 510 867 solenciam
544 831 789 879 metumque
812 824 1037 866 consimilis
1068 823 1241 865 audacie
1273 825 1420 865 ceteris
1450 824 1716 865 iniiciendum

283 884 436 938 aliquid
470 885 522 924 ab
553 884 805 924 inuisissima
838 882 915 923 sibi
935 881 1100 923 feritate
1132 881 1415 922 mutuandum
1442 886 1570 933 ratus,
1601 896 1715 923 man-

284 941 549 982 suetudinem
592 941 748 995 ingenii
789 940 876 990 sui,
923 939 1115 993 deposita
1159 938 1212 979 ad
1257 944 1426 994 tempus
1473 940 1717 993 clemencia,

285 998 543 1040 crudelitatis
587 1004 703 1039 actus
746 998 899 1038 imitari
943 997 1095 1051 coegit.
1155 996 1205 1037 In
1235 1002 1365 1051 ponte
1395 1011 1462 1039 res
1493 1002 1611 1052 gesta
1643 1001 1718 1048 est,

285 1056 475 1110 utrisque
534 1057 753 1096 transitum
800 1054 1026 1110 anticipare
1074 1054 1355 1096 studentibus.
1431 1055 1600 1110 Anceps
1647 1053 1716 1096 diu

284 1114 459 1169 prelium
493 1113 597 1165 fuitg
630 1113 804 1167 insignis
836 1113 920 1153 illic
952 1112 1181 1166 agrestium
1213 1126 1358 1167 pugna
1390 1113 1542 1155 extitit.
1605 1112 1719 1160 Quo-

286 1185 375 1212 rum
409 1171 538 1212 aciem
572 1171 799 1212 Absalonis
831 1171 993 1225 equites
1025 1184 1101 1223 per
1130 1170 1265 1224 ignoti
1294 1169 1392 1211 uadi
1427 1170 1716 1225 compendium

284 1230 588 1283 irrumpentes.
629 1229 891 1283 repentinam
940 1227 1161 1269 uictoriam
1207 1227 1390 1270 edidere.
1470 1228 1594 1270 Multi
1636 1228 1720 1269 illic

284 1286 548 1341 popularium
573 1286 675 1338 cesig
708 1286 994 1341 compluribus
1023 1286 1028 1337 ἱ
1057 1286 1188 1326 amnis
1212 1285 1345 1327 exicio
1369 1287 1529 1337 extitit3
1560 1286 1718 1327 ferrum

284 1344 463 1384 uitantes
495 1358 605 1398 aqua
635 1343 861 1399 periclitati
891 1347 1000 1385 sunt.
1066 1343 1258 1397 Reliquie
1288 1343 1390 1398 fuga
1421 1349 1602 1385 seruate.
1652 1343 1719 1384 Ita

286 1401 469 1442 nefarius
492 1402 562 1442 ille
585 1406 698 1442 cetus
722 1401 863 1442 diuino
886 1401 1039 1442 iudicio
1063 1401 1324 1456 profligatus,
1348 1402 1542 1456 sacrilegi
1567 1401 1720 1442 furoris

283 1473 413 1513 penas
446 1459 641 1501 exsoluit.
703 1459 798 1500 Rex
828 1459 1035 1500 Lundiam
1068 1471 1297 1513 regressus,
1331 1460 1594 1500 orientalium
1629 1473 1721 1513 par-

286 1517 394 1557 cium
426 1521 629 1557 armatam
651 1517 819 1571 plebem
842 1516 1076 1558 aduentare
1101 1517 1329 1570 cognoscit,
1354 1518 1476 1558 unius
1498 1517 1579 1558 iam
1602 1531 1719 1558 exer-

287 1575 392 1614 citus
423 1575 580 1627 uictor,
613 1575 790 1615 alterum
838 1580 1104 1629 excepturus.
1178 1573 1308 1615 Cuius
1349 1575 1590 1628 generalem
1624 1588 1720 1615 con-

286 1638 460 1672 uentum
503 1646 645 1686 pugne
686 1632 900 1673 celeritate
942 1645 1188 1686 precurrere
1228 1632 1435 1685 monitus,
1467 1647 1491 1674 a
1523 1632 1718 1674 Lunden-

286 1689 420 1739 sibus,
462 1689 765 1744 stipendiorum
807 1689 898 1731 loco
939 1690 1212 1743 uectigalium
1253 1690 1512 1731 laxacionem
1545 1704 1717 1744 poscen-

283 1746 408 1797 tibus,
430 1747 672 1802 aliquandiu
696 1752 943 1788 retentatur.
992 1747 1155 1795 Quibus
1179 1747 1375 1799 obtentis,
1407 1748 1447 1788 in
1480 1748 1721 1802 proximum

285 1818 476 1858 campum
499 1805 514 1857 ΙΙ
537 1805 766 1846 excessisse
813 1805 1016 1855 contenti,
1058 1805 1224 1859 longius
1268 1820 1387 1856 eum,
1428 1808 1506 1847 sub
1539 1819 1713 1846 excusa-

285 1861 437 1902 cione*
487 1862 643 1903 tuende
694 1863 828 1911 urbis,
879 1864 1073 1918 prosequi
1118 1863 1457 1916 supersederunt.
1532 1863 1579 1904 Id
1627 1863 1717 1917 regi

284 1919 440 1960 tardius
475 1919 617 1960 hostes
649 1920 886 1973 excipiendi
932 1935 1101 1962 causam
1135 1920 1311 1973 pr‘ebuit.
1374 1921 1615 1975 Getungam
1648 1934 1718 1975 ap-

284 1976 443 2031 pellant
483 1983 652 2032 pontem
697 1979 792 2027 (am
824 1977 1013 2020 Raude
1057 1978 1387 2033 Gyldingebro)‚
1433 1978 1545 2033 apud
1595 1992 1718 2033 quein

284 2037 440 2086 armata
465 2035 729 2090 popularium
754 2049 908 2077 corona
931 2036 1132 2077 consedit.
1180 2035 1372 2078 urandes
1403 2037 1501 2077 illue
1532 2035 1719 2091 lapidum

286 2105 460 2133 aceruos
492 2093 741 2147 prohibendi
774 2094 913 2148 pontis
944 2094 1084 2147 gracia
1108 2107 1255 2134 uecors
1288 2094 1411 2134 turba
1434 2099 1719 2148 congesserat..

287 2149 383 2190 Rex
413 2149 493 2190 alio
517 2164 679 2191 amnem
703 2151 812 2191 uado
838 2158 1141 2206 transgressus,
1174 2151 1282 2192 ferro
1306 2151 1530 2193 decernere
1561 2151 1721 2193 statuit.

288 2206 371 2247 Sed
412 2206 579 2262 plebem
624 2222 707 2249 non
755 2215 839 2249 tam
883 2209 1098 2263 presencia
1138 2209 1248 2261 regis
1291 2223 1431 2261 arma,
1476 2223 1600 2264 quam
1634 2209 1722 2249 dira

288 2264 469 2306 recentis
501 2267 707 2306 sociorum
742 2267 869 2307 cladis
896 2268 1091 2321 exempla
1125 2266 1351 2309 terrebant.
1413 2266 1722 2321 Missisigitur,

285 2323 354 2377 qui
386 2327 558 2377 pontem
581 2338 605 2364 a
632 2338 731 2377 rege
764 2325 898 2379 repeti
930 2329 1216 2379 precarentur,
1249 2325 1301 2365 ab
1335 2325 1457 2365 armis
1490 2339 1534 2366 se
1568 2324 1721 2365 disces-

286 2394 425 2421 suram
458 2381 673 2434 promittit.
736 2382 944 2436 Precipue
977 2396 1120 2435 regem
1151 2381 1405 2433 Absalonis,
1445 2381 1521 2435 [in]
1554 2382 1720 2422 nimiam

286 2438 516 2491 agrestium
548 2443 732 2492 stragem
760 2439 978 2480 uitandam
1001 2440 1188 2488 dicentis,
1221 2445 1555 2494 temperamenta
1585 2440 1723 2480 flecte-

287 2495 399 2537 bant.
470 2495 667 2551 Repetito
706 2502 858 2552 ponte,
899 2497 1109 2552 supplices
1153 2511 1176 2538 a
1216 2497 1437 2540 sedicionis
1480 2498 1722 2538 auctoribus

286 2552 339 2592 ad
385 2553 494 2607 regis
541 2567 681 2608 genua
726 2569 872 2596 manus
920 2555 1176 2608 tenduntur,
1215 2559 1450 2610 cunctaque
1492 2554 1722 2596 famulandi

286 2609 420 2656 officia
465 2611 630 2653 auidius
674 2613 989 2697 prquittuntur.
1053 2610 1157 2658 Cum
1203 2613 1255 2655 de
1298 2612 1379 2654 fide
1421 2613 1722 2666 ambigeretur,

1790 539 1849 566 ‚94

1792 1293 1852 1321 ,94
