1884 3126
275 899 311 925 10

275 1185 310 1211 15

273 1472 310 1499 20

351 250 432 293 452
887 265 936 271 —
997 236 1135 279 XIIII
1197 260 1250 266 —-

349 370 548 415 soluenda
579 368 734 410 milicia
766 365 985 407 arbitrium
1008 365 1272 420 sequebatur.
1321 362 1431 418 Sepe
1453 363 1638 405 lixarum
1669 364 1787 407 rede-

348 430 505 471 undum
546 424 870 467 uociferancium
911 423 1136 463 clamorem
1177 425 1342 463 secutus
1387 421 1563 462 classem
1618 422 1788 465 dimisit.

349 487 412 527 Ob
459 485 572 525 cuius
619 481 844 523 molliciem
890 480 1076 521 animata
1121 479 1426 520 Barbarorum·
1458 479 1654 520 atrocitas
1703 495 1787 522 non

346 543 482 583 solum
514 554 609 581 eum
642 539 741 580 foris
772 541 1075 592 peruagantem
1109 537 1370 591 contempsit,
1403 536 1475 577 sed
1509 537 1641 577 eciam
1673 537 1788 579 domi

345 599 637 640 consistentem
668 596 834 636 inuasit.
878 595 960 642 Qui
982 608 1075 635 cum
1098 594 1140 635 in
1162 594 1372 649 Fyoniam
1394 593 1504 635 forte
1527 608 1549 635 e
1572 593 1788 636 Sialandia

345 655 623 709 nauigacionc
671 652 965 704 contenderet,
1016 652 1174 706 piratas
1215 656 1311 706 post
1356 655 1523 705 tergum
1570 652 1787 694 imminere

345 713 616 762 conspiciens,
650 710 773 751 auide
805 710 938 765 petito
972 709 1111 750 littore
1134 709 1488 763 armamentisque
1521 710 1715 751 omnibus
1746 711 1787 751 in

343 764 518 824 predam
560 769 736 821 relictis,
784 782 865 809 non
907 767 994 807 sine
1036 766 1189 807 rubore
1222 771 1263 807 et
1295 770 1408 807 metu
1449 767 1618 821 nauigio
1650 769 1786 810 cessit.

345 827 579 867 Interiectis
611 826 743 877 annis,
778 839 871 866 cum
903 824 1016 878 apud
1049 824 1308 865 Sialandiam
1331 824 1440 865 febri
1461 838 1503 865 se
1525 825 1788 878 implicatum

343 885 534 935 sentiret,
578 883 784 938 Fyoniam
824 896 977 936 usquc,
1019 882 1135 922 cuius
1178 886 1268 922 erat
1309 882 1529 933 oriundus,
1573 884 1785 936 concessit,

343 942 550 995 spiritum,
582 941 654 981 ubi
677 946 909 994 acceperat,
941 939 1194 980 redditurus.
1238 939 1332 980 Illic
1356 939 1577 994 desperato
1608 940 1786 995 languo-

342 1000 397 1039 ris
439 998 647 1050 remedio,
691 998 788 1052 quia
829 998 989 1050 corpori
1022 1011 1103 1037 non
1135 1001 1323 1051 poterat,
1365 998 1529 1051 spiritui
1566 999 1786 1040 consulere

342 1057 525 1109 cupiens,
555 1056 716 1109 regiam
738 1060 899 1095 uestem
922 1055 1084 1094 cuculla
1105 1059 1332 1108 permutat,
1355 1060 1588 1110 uocataque
1607 1056 1787 1096 militum

343 1114 528 1165 cohorte,
561 1114 703 1167 palam
738 1126 869 1166 regno
903 1112 1133 1153 renunciat.
1195 1111 1412 1153 Creditum
1444 1113 1555 1154 enim
1597 1118 1658 1154 est
1690 1118 1731 1154 et
1762 1128 1787 1154 a

343 1185 557 1211 sacrorum
582 1171 724 1224 peritis
749 1170 962 1220 traditum,
988 1170 1093 1210 nihil
1115 1169 1330 1211 abolendis
1354 1170 1528 1224 piaculis
1549 1171 1785 1225 penitencie

342 1229 546 1282 religione
578 1228 792 1268 ualencius
823 1228 1012 1281 reperiri.
1073 1226 1191 1268 Tunc
1212 1227 1375 1282 Elyuus
1406 1242 1430 1268 a
1462 1229 1554 1268 uico
1577 1228 1785 1282 Wisingo,

341 1286 412 1340 qui
445 1289 487 1326 et
517 1286 605 1338 ipsc
650 1299 748 1338 egro
794 1299 888 1326 cum
930 1285 1021 1325 aliis
1053 1285 1283 1338 assidebat,
1317 1290 1487 1326 cunctos
1519 1285 1570 1326 de
1602 1286 1783 1327 creando

341 1357 441 1397 rege
474 1343 768 1397 circumspectis
800 1356 888 1384 esse
912 1342 1124 1396 suffragiis
1145 1343 1275 1395 iubet,
1308 1347 1456 1397 utpote
1488 1345 1671 1397 presenti
1702 1345 1784 1384 iam

341 1401 496 1442 milicia
541 1401 710 1442 liberos.
795 1400 886 1447 Que
934 1414 1019 1441 uox
1058 1401 1190 1441 uitam
1231 1401 1362 1454 regis,
1417 1401 1785 1456 quantulacunque

340 1459 539 1508 restabat,
571 1458 816 1512 absumpsit,
849 1472 948 1512 egre
981 1458 1167 1510 ferentis,
1201 1458 1338 1499 adhuc
1368 1459 1467 1499 uiuo
1509 1458 1587 1499 sibi
1629 1473 1787 1500 succes-

343 1529 480 1557 sorem
511 1516 678 1570 inquiri.

479 1573 690 1615 Defuncto
729 1573 877 1622 Erico,
921 1573 1168 1627 ambiguum
1208 1573 1343 1628 plebis
1383 1573 1434 1614 de
1478 1587 1608 1627 regno
1640 1574 1786 1615 suffra-

341 1631 458 1684 gium
489 1631 581 1672 fuit.
645 1631 811 1685 Quippe
842 1630 1039 1680 Kanutus
1071 1631 1114 1671 in
1146 1630 1272 1682 Iutia,
1305 1630 1444 1672 Sueno
1479 1631 1591 1684 apud
1623 1631 1784 1673 Sialan-

342 1689 467 1741 diam,
499 1689 645 1743 Magni
677 1690 796 1740 alter,
829 1689 935 1729 alter
957 1689 1180 1743 superioris
1203 1688 1316 1729 Erici
1347 1689 1467 1741 filius,
1502 1689 1663 1742 ingenti
1694 1704 1783 1730 am-

293 1760 305 1785 :
340 1746 429 1787 bitu
460 1760 639 1800 regnum
668 1747 882 1801 petebant.
928 1745 1144 1801 Siquidem
1166 1746 1276 1787 hunc
1299 1750 1490 1800 paterna,
1521 1747 1641 1787 illum
1665 1747 1780 1788 auita

344 1803 492 1845 merita
522 1804 807 1845 uenerabilem
846 1804 1069 1845 faciebant.
1132 1804 1324 1845 Suenone
1362 1804 1505 1858 itaque
1537 1804 1781 1846 Sialanden-

342 1862 449 1902 sium
481 1861 682 1915 suffragia
704 1862 928 1914 ambiente,
955 1876 1003 1902 ac
1029 1862 1239 1916 plerisque
1263 1862 1514 1916 peticionem
1546 1862 1635 1903 eius
1667 1862 1783 1903 fauo-

342 1919 532 1960 rabiliter
572 1919 892 1973 accipientibus,
937 1919 1097 1960 Olauus
1138 1920 1390 1973 cognomine
1431 1919 1614 1972 Balbus,
1662 1920 1785 1974 prisci

343 1977 468 2018 moris
501 1978 760 2018 emulacione
792 1981 1016 2031 permotus,
1050 1981 1231 2029 cunctos,
1265 1978 1334 2032 qui
1366 1978 1527 2031 regium
1562 1978 1599 2018 ei
1630 1991 1785 2018 nomen

275 2049 291 2075 3
342 2034 588 2087 tribuerent,
616 2035 851 2089 ipsumque,
874 2035 908 2075 si
929 2035 1148 2089 reciperet,
1170 2040 1402 2084 execratus,
1425 2035 1574 2075 adduci
1598 2049 1640 2076 se
1663 2049 1785 2089 posse

341 2092 552 2146 negabat,
597 2098 644 2133 ut
690 2093 731 2132 in
776 2093 883 2133 hanc
922 2106 1068 2134 uocem
1114 2093 1349 2133 inconsulta
1388 2093 1524 2147 patrie
1567 2093 1784 2134 maiestate

342 2154 620 2204 procurreret,
653 2154 726 2190 aut
756 2151 918 2204 regium
953 2149 1153 2191 honorem
1191 2150 1356 2204 priuato
1388 2154 1530 2205 preter
1570 2150 1785 2204 publicum

343 2208 463 2262 regni
493 2222 739 2249 consensum
770 2208 966 2249 deferret.
1029 2207 1244 2262 Siquidem
1278 2208 1499 2248 eleccionis
1530 2207 1667 2248 locum
1696 2207 1784 2248 Sia-

342 2265 529 2306 landiam
561 2279 674 2316 esse,
717 2265 780 2306 ius
821 2279 922 2306 uero
954 2279 1082 2319 penes
1113 2265 1331 2319 popularis
1361 2265 1523 2305 arbitrii
1554 2265 1784 2306 communi-

274 2335 310 2360 as,
342 2326 472 2363 tatem
504 2324 730 2364 consistere
763 2323 1034 2365 memorabat.
1084 2323 1379 2364 Hesitantibus
1411 2323 1568 2363 cunctis
1600 2327 1726 2376 atque
1758 2337 1782 2363 a

345 2381 557 2421 sentencia
588 2381 897 2436 aliquantulum
937 2380 1204 2433 cedentibus,
1247 2379 1374 2421 Steno
1407 2380 1597 2435 quidam,
1645 2385 1784 2434 spreto

345 2442 537 2478 ueterum
556 2440 651 2490 ritu,
674 2438 924 2490 Suenonem,
952 2438 1122 2479 occultis
1146 2437 1206 2491 [a]
1229 2451 1272 2478 se
1288 2438 1504 2492 promissis
1526 2451 1782 2492 aggressum,

346 2495 461 2548 regio
492 2497 651 2550 primus
682 2496 848 2537 nomine
870 2496 1045 2546 censuit,
1078 2496 1364 2550 maioremque
1387 2496 1591 2536 concionis
1622 2500 1784 2549 partem

347 2551 401 2591 ad
431 2553 612 2607 similem
648 2554 761 2595 uocis
798 2567 946 2594 ausum
978 2553 1158 2595 induxit.
1218 2553 1369 2608 Itaque
1410 2553 1660 2593 sentenciam
1694 2553 1784 2593 eius

279 2620 315 2647 40
345 2614 610 2662 prosecutum
641 2612 805 2667 uulgus,
838 2610 951 2666 quod
983 2610 1155 2652 arbitrio
1177 2625 1252 2652 suo
1275 2610 1520 2666 paulo-ante
1542 2610 1784 2665 permittere

1809 1607 1884 1634 CX)
