1884 3126
258 231 312 272 60
847 233 1115 275 —11—

373 360 438 403 En
472 360 606 401 uirtus
637 373 714 401 sua
746 374 941 416 quenque
971 365 1128 416 monet,
1161 362 1354 404 meritum
1387 362 1495 404 bene
1525 376 1668 418 regem
1725 381 1752 406 p·
1772 374 1804 399 94

373 418 470 460 Rite
502 418 635 472 sequi,
666 417 879 473 dignaque
911 418 1063 462 ducem
1093 420 1302 474 grauitate
1335 421 1456 462 tueri.

373 476 508 517 Euses
540 475 774 528 Teutonici,
806 476 944 531 galee,
974 477 1224 532 armillaque
1253 479 1450 531 nitentes,

374 534 524 575 Lorice
555 534 641 575 talo
674 534 869 588 immisse,
902 548 1005 589 quas
1039 535 1219 577 contulit
1251 536 1350 577 olim

213 604 228 630 5
374 591 514 633 Roluo
548 592 647 644 suis,
679 606 885 634 memores
917 597 1072 634 acuant
1102 593 1141 634 in
1177 593 1308 649 prelia
1339 597 1516 635 mentes.

375 649 461 691 Res
493 650 598 704 petit
630 654 671 691 et
702 664 777 705 par
809 654 885 704 est,
919 665 1169 706 quecunque
1202 665 1275 706 per
1308 652 1398 693 ocia
1429 665 1593 694 summa

376 707 500 749 Nacti
531 722 636 762 pace
667 722 824 762 sumus,
857 708 958 750 belli
989 708 1155 751 dicione
1186 710 1350 762 mereri,

375 765 464 807 Nec
495 766 602 808 letos
635 780 783 808 cursus
815 766 958 808 mestis
989 780 1224 821 preponere
1254 767 1393 819 rebus,

375 825 464 865 Aut
496 823 609 866 duris
641 838 807 879 semper
838 838 960 866 casus
992 824 1180 879 preferre
1213 826 1436 868 secundos.

196 896 228 922 ιο
374 882 519 924 Mente
551 882 640 937 pari
672 896 868 937 proceres
899 885 1055 924 sortem
1087 883 1301 938 capiamus
1334 888 1558 939 utramque,
1713 890 1838 920 xvmb

376 940 465 981 Nec
497 954 636 982 mores
667 941 837 983 fortuna
868 944 1005 995 regat,
1038 941 1134 995 quia
1166 941 1369 983 condecet
1401 956 1509 997 eque

375 998 560 1040 Delicias
592 1013 639 1040 ac
672 999 777 1040 dura
806 1000 905 1054 pati,
938 998 1145 1054 uultuque
1175 999 1254 1040 sub
1286 999 1357 1040 illo

375 1057 592 1098 Duc-amus
624 1057 776 1110 tristes,
810 1070 891 1112 quo
925 1056 1068 1098 dulces
1102 1057 1316 1098 hausimus
1348 1071 1495 1100 annos.

378 1114 531 1156 Omnia
565 1128 646 1170 que
678 1116 767 1170 poti
798 1114 1029 1156 temulento
1062 1115 1341 1170 prompsimus
1375 1129 1459 1169 orc,

198 1186 228 1212 15
375 1173 574 1214 Fortibus
607 1172 779 1215 edamus
812 1173 974 1224 animis,
1008 1177 1049 1213 et
1081 1178 1184 1214 uota
1215 1187 1443 1229 sequamur

376 1230 461 1272 Per
491 1245 701 1272 summum
733 1232 870 1273 iurata
901 1231 1062 1282 Iouem,
1097 1245 1358 1286 superosque
1390 1235 1597 1286 potentes.

378 1289 598 1330 Danorum
629 1290 789 1344 primus
821 1289 946 1331 herus
979 1292 1042 1330 est
1073 1303 1211 1340 meus,
1243 1290 1344 1331 assit
1375 1289 1524 1339 eidem,

379 1347 437 1387 Vt
459 1346 618 1401 probus
641 1351 705 1389 est
728 1348 926 1403 quisque3
950 1347 1096 1401 procul
1114 1346 1222 1400 hinc,
1240 1348 1387 1403 procul
1405 1352 1495 1390 este
1511 1348 1704 1402 fugaces!

378 1405 495 1446 Forti
528 1420 635 1460 opus
667 1409 729 1447 est
761 1405 983 1460 stabilique
1016 1405 1120 1457 uiro,
1152 1419 1234 1447 non
1266 1410 1384 1461 terga
1415 1406 1578 1448 ferente

194 1475 231 1502 ευ
377 1463 426 1504 In
460 1462 648 1516 dubium,
680 1463 835 1505 belliue
865 1466 1005 1504 truces
1036 1467 1252 1505 metuente
1283 1468 1469 1519 paratus.

376 1520 566 1562 Maxima
599 1535 699 1576 sepe
731 1521 826 1563 duci
857 1521 991 1562 uirtus
1024 1535 1077 1562 ex
1110 1521 1241 1563 milite
1272 1521 1443 1576 pendet.

375 1579 512 1620 Tanto
545 1580 701 1621 etenim
733 1581 930 1634 princeps
961 1579 1092 1620 aciem
1125 1579 1310 1622 securior
1341 1579 1482 1630 intrat,

379 1638 551 1685 Quanto
584 1637 701 1678 illum
732 1638 881 1679 melius
913 1650 1135 1692 procerum
1166 1637 1389 1692 stipauerit
1420 1651 1587 1692 agmen.
1733 1650 1758 1673 τ’·
1778 1642 1813 1668 95

377 1695 565 1750 Arripiat
597 1695 738 1750 digitis
769 1695 1033 1750 pugnacibus
1065 1709 1182 1741 arma
1212 1695 1395 1746 satelles,

195 1765 232 1792 :25
377 1752 572 1795 Iniiciens
605 1753 798 1795 dextram
830 1753 997 1808 capulo,
1029 1753 1309 1809 clypeumque
1340 1757 1569 1805 retentans,

378 1811 513 1865 Inque
545 1811 676 1853 hostis
708 1816 825 1866 ruat,
859 1816 900 1852 et
929 1811 1068 1854 nullos
1102 1812 1314 1867 expalleat
1343 1811 1463 1853 ictus.

380 1869 516 1910 Nemo
549 1883 593 1911 se
625 1873 737 1911 retro
769 1869 1004 1912 feriendum
1037 1869 1216 1924 prebeat
1250 1869 1373 1920 hosti,

379 1926 515 1969 Nemo
549 1941 671 1969 enses
703 1931 821 1982 tergo
854 1928 1059 1982 excipiat3
1096 1927 1306 1982 pugnacia
1337 1939 1501 1981 semper

379 1986 562 2027 Pectora
594 1986 841 2028 uulneribus
872 1988 1059 2040 pateant.
1122 1984 1362 2027 Certamina
1393 1984 1528 2039 prima

199 2053 235 2079 30
379 2044 537 2086 Fronte
568 2048 721 2098 gerunt
752 2044 903 2098 aquile,
937 2050 977 2086 et
1011 2042 1166 2099 rapidis
1198 2058 1242 2085 se
1273 2043 1446 2085 rictibus
1478 2045 1631 2097 urgent

381 2102 605 2143 Anteriorc
635 2102 756 2156 loco;
789 2102 950 2157 species
982 2116 1058 2143 uos
1090 2101 1199 2143 alitis
1237 2107 1375 2157 equet,

379 2161 574 2201 Aduerso
606 2161 761 2202 nullam
794 2164 1034 2202 metuentes
1066 2173 1242 2215 corpore
1273 2160 1457 2214 plagam.

380 2218 492 2261 Ecce
522 2217 666 2259 furens
699 2232 891 2273 equoque
924 2218 986 2259 sui
1018 2218 1218 2259 fidencior
1249 2217 1396 2270 hostis,

381 2276 514 2319 Ferro
548 2279 676 2327 artus,
709 2276 944 2331 faciemque
976 2280 1124 2318 aurata
1155 2275 1316 2317 casside
1347 2278 1500 2326 tectus,

200 2344 236 2371 35
383 2335 432 2376 In
465 2333 624 2375 medios
656 2334 788 2376 fertur
821 2347 989 2386 cuneos,
1022 2348 1099 2375 ceu
1135 2333 1302 2375 uincere
1335 2337 1476 2375 certus

381 2392 688 2446 Intimidusque
719 2392 818 2446 fuge
853 2395 894 2434 et
923 2392 1039 2433 nullo
1073 2391 1320 2447 superabilis
1353 2404 1471 2432 ausu.

383 2450 553 2492 Suetica
586 2450 672 2500 (me
704 2448 925 2503 miserum)
957 2450 1104 2491 Dauos
1136 2448 1290 2491 fiducia
1321 2447 1492 2504 spernit,

380 2509 491 2550 Ecce
522 2511 661 2549 truces
694 2507 825 2549 oculis
858 2508 1019 2560 Gotthi,
1052 2507 1234 2562 uisuque
1266 2506 1426 2548 feroces

384 2565 575 2611 Cristatis
606 2565 739 2621 galeis
769 2565 984 2620 hastisque
1016 2564 1264 2606 sonantibus
1294 2565 1470 2617 instant3

201 2637 240 2666 40
383 2624 433 2666 In
465 2629 611 2667 nostro
645 2623 828 2666 ualidam
859 2627 1111 2680 peragentes
1143 2623 1347 2678 sanguine
1379 2621 1555 2676 cladem,
