1884 3126
35 903 73 930 10

35 1195 70 1221 15

34 1485 71 1511 20

620 251 669 256 —-
732 227 872 269 XIIII
932 254 987 260 —
1474 229 1556 270 543

105 355 279 412 pulandi
314 356 456 410 gracia
487 354 539 395 ad
581 354 700 396 littus
733 355 951 410 appellere
985 355 1209 409 uoluisset,
1241 355 1294 396 ab
1327 354 1559 405 Absalone‚

104 415 209 456 nihil
251 414 415 455 hostilis
454 413 603 469 prede,
646 414 757 468 quod
803 414 891 455 eius
934 414 1090 469 rapinis
1131 417 1300 469 pateat,
1333 427 1558 469 superesse

103 473 353 529 perdoctus,
396 485 658 527 rmagnopeie
709 472 947 537 gratulatus
1000 476 1085 525 est,
1133 472 1246 527 quod
1293 477 1377 512 tam
1427 485 1560 538 paru—a

104 545 254 572 manus
286 530 418 572 nihilo
440 529 696 597 languidius,
729 544 855 585 quam
878 530 912 570 si
933 530 1022 585 ipse
1044 530 1225 584 adesset,
1258 544 1345 572 rem
1378 530 1559 586 propriis

104 590 305 656 gessisset
349 589 558 643 auspiciis
633 587 747 629 Hinc
795 602 887 629 cum
934 589 1041 630 alios
1086 588 1226 630 insule
1273 589 1378 630 fines
1430 589 1558 630 armis

104 649 277 703 ignique
309 651 530 700 tentasset,
563 646 738 687 domum
771 646 989 687 concessit.

243 706 428 748 Rursum
482 706 593 746 circa
643 705 835 745 autumni
887 704 1091 760 principia
1143 705 1275 746 classe
1327 719 1558 760 regressus,

105 765 286 819 primam
308 763 528 805 uastandis
551 763 664 818 agris
689 776 861 817 operam
886 763 1016 816 dedit,
1039 769 1099 816 ut,
1123 768 1267 817 segete
1290 768 1556 818 consumpta,

105 824 263 865 incolas
296 821 617 863 muniendarum
661 823 829 862 urbium
862 821 1146 863 instrumento
1189 822 1388 876 priuaret.
1451 822 1556 863 Cum

103 882 155 922 ad
190 881 339 923 urbem
371 880 522 921 Arkon
551 885 554 927 Ι
584 893 730 934 sparso
764 879 914 921 milicie
943 893 1100 933 genere
1130 882 1408 934 peruenisset,
1441 880 1557 935 oppi—

105 938 216 991 dani,
249 939 404 980 fiducia
436 939 602 989 uirium,
634 943 827 992 portam,
860 951 986 992 quam
1020 938 1119 979 urbs
1152 939 1319 979 unicam
1361 938 1558 991 habebat,

105 998 279 1052 egressi,
310 1012 363 1038 ne
397 997 597 1037 uirtutem
632 1010 751 1036 suam
783 996 895 1036 intra
925 997 1067 1037 menia
1091 996 1354 1050 cohiberent,
1388 997 1557 1038 obuiam

105 1060 416 1110 processerunt.
491 1055 607 1103 Quos
650 1068 745 1104 rex,
787 1053 919 1094 Danis
963 1069 1017 1096 ex
1061 1054 1251 1096 consulto
1293 1056 1556 1108 cedentibus,

104 1115 274 1168 longius
307 1114 504 1155 menibus
538 1126 741 1154 amouere
775 1120 961 1165 conatus,
996 1120 1223 1168 postquam
1256 1119 1427 1167 sperato
1461 1127 1558 1154 cau-

105 1173 239 1213 ciores
292 1171 619 1224 animaduertit,
671 1171 909 1212 incursatos
962 1172 1108 1212 urbem
1160 1179 1354 1225 repetere
1408 1173 1556 1226 coegit.

105 1230 238 1272 Porta
285 1235 453 1283 tamen,
502 1244 553 1270 ne
604 1229 700 1284 equi
748 1230 892 1269 iaculis
942 1229 1293 1281 confoderentur,
1338 1230 1556 1272 abstinuit.

104 1288 224 1330 Tunc
257 1288 548 1330 Sialandensis
583 1302 712 1342 eques
745 1286 959 1334 Nicolaus,
991 1288 1128 1329 forma
1161 1293 1201 1328 et
1233 1289 1390 1329 uirtute
1422 1289 1558 1343 preci-

103 1361 228 1401 puus,
262 1347 346 1388 telo
368 1360 442 1401 per
466 1352 633 1400 portam
655 1346 825 1399 iniecto,
849 1346 1060 1400 quendam
1085 1360 1138 1386 ex
1161 1346 1354 1387 hostibus
1377 1348 1416 1387 in
1440 1348 1557 1388 aditu

104 1405 403 1447 resistentibus
448 1404 684 1445 exanimem
727 1404 1000 1458 prostrauit„
1028 1406 1344 1459 innocuusque,
1398 1406 1556 1446 reflexo

104 1464 297 1519 protinus
329 1477 454 1518 equo,
488 1462 691 1504 discessit.
755 1461 885 1503 Cuius
919 1463 1081 1503 facinus
1114 1462 1415 1515 Thorbernus,
1448 1464 1557 1505 inter

106 1523 331 1577 precipuos
364 1521 579 1562 Sialnndie
612 1521 775 1576 equites
808 1521 1107 1573 numerandus,
1140 1522 1230 1576 pari
1261 1521 1450 1574 audacia,
1483 1521 1555 1562 sed

105 1580 262 1634 dispari
295 1579 464 1621 fortuna
496 1579 728 1631 emulatus,
773 1593 865 1619 cum
902 1594 1030 1620 unum
1064 1593 1115 1619 ex
1150 1580 1363 1629 hostibus,
1397 1580 1556 1621 directa

104 1640 145 1679 in
178 1638 352 1693 globum
384 1638 543 1686 lancea,
574 1637 853 1689 uulnerasset,
885 1638 1158 1692 reditumque
1182 1638 1348 1679 reflexis
1382 1638 1556 1679 habenis

104 1701 330 1746 tentasset,
373 1696 432 1736 ita
473 1695 612 1749 lapide
653 1696 764 1736 ictus
797 1701 883 1749 est,
928 1702 975 1737 ut
1018 1697 1174 1737 multus
1208 1710 1230 1736 e
1262 1697 1401 1751 capite
1435 1710 1557 1737 cruor

31 1772 68 1799 25
101 1754 445 1809 profunderetur.
491 1753 628 1801 Quam
653 1754 707 1795 ob
730 1768 820 1796 rem
845 1755 973 1808 longa
996 1756 1184 1809 corporis
1207 1754 1425 1796 debilitate
1460 1769 1557 1795 con-

34 2064 71 2091 30

35 2351 72 2378 35

38 2640 74 2669 40

104 1817 261 1866 tracta,
304 1826 439 1854 serani
481 1811 814 1853 incolumitatem
857 1827 958 1867 egre
1005 1813 1289 1868 recuperauit.
1365 1813 1556 1854 Bnrisius

106 1885 288 1926 quoque,
322 1870 421 1911 dum
454 1870 686 1912 nobilitatis
719 1884 793 1911 sue
815 1872 1086 1925 splendorem
1118 1872 1355 1925 conspicuis
1388 1871 1556 1912 uirtutis

105 1930 304 1984 operibus
338 1942 494 1983 equare
527 1929 696 1980 nititur,
739 1929 860 1969 simili
903 1929 1081 1970 audacie
1114 1943 1270 1984 genere
1304 1934 1425 1984 porte
1459 1943 1556 1984 pro-

104 1994 368 2042 pugnatores
402 1987 602 2037 adortus
645 1993 731 2028 tam
756 2001 961 2052 asperum
996 1987 1091 2028 saxi
1136 1984 1279 2031 illctum
1311 1989 1450 2042 capite
1484 2002 1556 2028 ex-

105 2046 228 2100 cepit,
261 2049 306 2085 ut
338 2058 448 2099 pene
491 2058 598 2110 equo
640 2045 846 2087 exanimis
891 2045 1176 2087 delaberetur.
1250 2045 1328 2086 Oui
1369 2046 1557 2101 corporis

106 2103 267 2145 uiribus
301 2102 462 2144 carenti
501 2103 711 2145 sociorum
755 2104 1046 2155 interuentus,
1088 2117 1141 2145 ne
1174 2103 1227 2144 ab
1260 2104 1451 2145 hostibus
1484 2118 1557 2158 op-

104 2162 381 2217 primeretur,
422 2161 581 2206 auxilio
625 2161 717 2203 fuit.
790 2161 885 2209 Quo
928 2162 1091 2214 euenit,
1136 2166 1181 2202 ut
1212 2162 1401 2216 Rugiani
1446 2162 1556 2203 haud

105 2233 316 2276 quaquam
349 2218 426 2260 sibi
458 2220 550 2260 t'uto
584 2224 704 2260 extra
737 2221 876 2261 menia
899 2219 1138 2261 dimicaturi
1159 2220 1417 2270 uiderentur,
1446 2220 1557 2261 intra

106 2293 188 2334 que
234 2282 317 2318 tam
369 2277 624 2318 obstinatam
668 2278 850 2319 hostium
898 2279 1161 2333 presenciam
1211 2278 1556 2333 experiebantur.

106 2336 210 2377 Inde
242 2335 295 2376 ad
327 2336 593 2390 prouinciam
616 2336 846 2378 Asmodam
880 2340 971 2376 tota
996 2336 1127 2378 classe
1160 2350 1418 2377 concessum.
1470 2337 1556 2376 Ab·

105 2395 239 2447 salon,
262 2408 355 2435 cum
381 2398 422 2434 et
442 2393 688 2435 fortitudine
712 2399 753 2434 et
774 2394 909 2449 prima
931 2395 991 2435 rei
1014 2394 1163 2436 bellice
1195 2394 1352 2448 pericia
1376 2394 1557 2446 uigeret,

107 2452 337 2493 accedente
370 2452 579 2502 exercitu,
610 2452 733 2506 primi
765 2452 944 2505 agminis
978 2451 1154 2505 ducem,
1186 2456 1450 2503 reuertente,
1483 2465 1554 2492 ex-

106 2510 229 2551 tremi
281 2510 474 2551 comitem
526 2523 653 2563 agere
711 2516 1024 2563 consueuerat,
1081 2523 1334 2564 semperque
1394 2510 1555 2551 Danice

106 2569 341 2609 iuuentutis
374 2567 727 2622 promptissimos,
759 2581 834 2608 seu
866 2568 996 2622 prede
1029 2582 1105 2609 seu
1136 2568 1270 2621 glorie
1301 2567 1458 2619 studio,
1488 2582 1554 2610 so-

107 2626 223 2668 dales
272 2625 482 2679 habebat,
515 2639 615 2680 rege
644 2624 649 2679 l
678 2625 888 2667 duntaxat
930 2640 1023 2667 cum
1064 2625 1304 2668 robustiore
1345 2627 1556 2669 exercitus

1612 899 1641 924 p.
1660 891 1712 917 803

1613 2000 1708 2034 (312)

1611 2637 1709 2672 p.804
