1884 3126
224 898 257 925 10

225 1189 255 1215 15

217 1466 254 1492 20

218 2045 254 2072 30

219 2333 254 2359 35

294 243 374 284 346
872 259 926 266 --
985 233 1028 276 X
1090 258 1143 264 —

293 368 538 432 sanguinem
588 364 761 406 humani
812 364 999 419 corporis
1049 363 1314 406 lineamentis
1365 363 1544 416 excepit.
1614 361 1726 403 Nato

293 426 435 479 itaque
467 424 550 463 filio
584 426 802 476 paternum
835 437 859 463 a
890 422 1138 464 necessariis
1171 435 1324 477 nomen
1355 421 1598 475 imponitur.
1646 420 1728 468 Qui

292 482 483 524 tandem.
531 480 674 532 agnita
714 494 790 521 sue
835 479 1014 521 ue1itate
1058 479 1323 534 901111ςί1ιί3,
1364 493 1388 520 a
1430 479 1561 534 patris
1602 479 1727 519 inter-

291 538 521 580 sectoribus
553 538 719 578 funesta
752 536 957 593 supplicia
988 537 1143 591 exegit.
1187 536 1316 578 Cuius
1339 536 1448 577 filius
1472 535 1727 590 Thrugillus,

291 595 543 649 cognomine
576 594 832 659 Sprageleg,
874 595 990 636 nullo
1022 594 1246 649 probitatis
1279 594 1461 648 uestigio
1493 608 1518 634 a
1549 598 1725 659 paterne

292 653 459 693 uirtutis
491 652 728 693 imitacione
759 652 925 694 defecit.
978 652 1017 693 A
1050 666 1132 707 quo
1155 651 1269 692 Vluo
1302 653 1484 706 genitus,
1517 652 1723 705 originem

289 710 457 764 ingenio
490 709 740 760 declaiauit,
773 711 932 751 auitum
966 710 1105 751 animo
1139 709 1385 764 sanguinem
1416 713 1723 775 representans.

428 767 624 808 Ceterum
657 772 703 808 ut
734 768 784 808 ad
820 768 1136 820 diuerticulum,
1186 781 1267 822 quo
1310 768 1495 819 excessi,
1543 766 1723 817 redeam,

291 825 472 866 Olauum
507 840 601 866 cum
635 824 825 867 Haraldo
867 826 994 866 fratre
1026 801 1160 866 Danis
1201 826 1400 867 atrociter
1439 825 1727 866 imminentem

288 882 497 934 Kanutus,
525 883 531 934 1
560 884 691 924 classe
724 897 777 924 ex
808 884 965 938 Anglia
994 884 1190 939 petitum,
1223 883 1275 924 ad
1309 897 1501 925 socerum
1531 883 1724 924 Ger-itha.-

289 941 466 993 slauum,
499 941 774 982 Orientalium
797 942 960 994 ducem,
995 941 1118 982 exilio
1151 940 1331 995 migrare
1353 942 1579 996 compulit3
1611 953 1726 981 recu-

288 1004 523 1054 perataque
556 997 776 1053 Noruagia
799 999 977 1051 rediens,
1011 999 1262 1052 Rikardum,
1295 999 1548 1040 acerrimum
1583 999 1726 1039 uxoris

289 1070 457 1098 osorem
490 1056 697 1109 effectum,
706 1032 867 1112 0patria
899 1057 1064 1111 exegit·
1112 1057 1184 1098 sed
1219 1061 1261 1098 et
1292 1071 1481 1098 sororem
1515 1056 1727 1098 Sialandic

289 1114 494 1155 redditam
540 1115 748 1169 regiarum
792 1116 980 1171 parcium
1023 1114 1247 1156 funccione
1287 1114 1473 1156 donauit.
1542 1114 1726 1165 Interea,

287 1172 508 1227 absumpto
542 1172 755 1214 Sueonum
787 1187 888 1228 rege
910 1173 1064 1227 Olauo,
1097 1173 1283 1214 succedit
1317 1172 1552 1225 Omundus,
1583 1187 1607 1214 a
1642 1173 1727 1214 uite

287 1229 564 1270 diuturnitate
596 1245 832 1285 cognomen
879 1231 1065 1272 sortitus.
1131 1230 1259 1272 Cuius
1291 1230 1382 1272 fato
1426 1231 1587 1273 Olauus
1619 1229 1727 1271 Nor-

288 1301 312 1326 u
317 1288 883 1344 1οιοη3131ορ0101111ορει1110
894 1288 1090 1329 nducnm
1106 1293 1267 1354 nactus,
1286 1289 1727 1330 contractaSueonum

288 1359 380 1398 op‹,
413 1345 626 1398 N01uagie
650 1361 854 1388 summam
880 1346 1029 1388 audaci
1062 1347 1342 1402 usurpacione
1365 1346 1580 1402 corripuit,
1605 1346 1725 1412 ·qu0d

286 1402 505 1444 Kanutum
557 1404 742 1447 fraterne
791 1405 882 1459 opis
937 1419 1101 1446 cassum
1157 1418 1205 1445 ac
1259 1404 1531 1447 celeberrima
1576 1404 1725 1445 uirium

286 1466 406 1526 parte
438 1461 682 1503 defunctum
705 1463 962 1505 aduerteret.
1010 1462 1130 1504 Idem
1161 1463 1355 1516 ignarum
1386 1463 1484 1503 iuris
1517 1460 1724 1517 populum

285 1518 526 1573 passimque
549 1525 590 1560 ct
611 1518 615 1574 1
635 1521 791 1575 agresti
811 1535 925 1562 more
948 1521 1162 1562 uiuentem
1179 1521 1341 1575 legibus
1359 1520 1585 1561 salubriter
1602 1519 1724 1561 editis

287 1576 339 1616 ad
373 1577 553 1618 melioris
585 1579 670 1619 uite
701 1578 891 1619 habitum
923 1578 1147 1633 perduxit,
1181 1592 1358 1633 quarum
1390 1581 1562 1619 uetusta
1594 1578 1726 1619 moni-

285 1639 427 1675 menta
457 1635 575 1690 plebs
598 1635 751 1677 Norica
774 1637 961 1691 presenti
981 1636 1262 1678 ueneracione
1284 1636 1586 1691 complectitur.
1634 1634 1726 1677 Nec

287 1692 424 1733 minus
466 1694 506 1733 in
549 1693 673 1736 deum
715 1694 968 1736 uenerabilis
994 1694 1271 1736 'memorabili
1317 1694 1512 1749 exemplo
1557 1697 1723 1735 seruate

219 1756 247 1782 2.
286 1750 502 1804 religionis
536 1752 743 1794 inclaruit.
795 1751 903 1793 Nam
942 1765 1034 1793 cum
1066 1752 1203 1806 prima
1224 1752 1329 1794 feria
1366 1752 1535 1793 cultello
1567 1751 1725 1793 fustem

285 1821 360 1862 per
403 1809 605 1851 incuriam
646 1811 870 1861 secuisset,
919 1814 1044 1865 atque
1082 1810 1135 1850 ab
1166 1810 1257 1862 his,
1292 1810 1363 1865 qui
1402 1809 1596 1865 proxime
1629 1823 1725 1850 con-

286 1866 491 1910 stiterant
516 1869 654 1909 solute
676 1882 699 1908 a
730 1883 774 1909 se
806 1868 1020 1923 religionis
1052 1868 1200 1909 fuisset
1222 1868 1492 1919 ammonitus,
1526 1867 1724 1908 continuo

287 1922 509 1964 dexteram
540 1940 671 1979 suam,
706 1925 817 1981 quod
841 1926 928 1967 eius
953 1926 1183 1967 ministerio
1215 1926 1333 1980 lapse
1358 1925 1508 1966 mentis
1541 1938 1725 1966 errorem

286 1982 549 2047 complesset,
572 1998 741 2035 exosus,
765 1998 931 2039 sparsas
954 1988 1131 2039 repente
1153 1984 1364 2025 scindulas
1385 1983 1501 2037 legit,
1531 1981 1726 2038 factoque

285 2052 339 2079 ex
373 2040 431 2080 eis
462 2039 613 2094 foculo,
647 2042 881 2083 subiectam
911 2043 1093 2097 palmam
1126 2041 1392 2083 cremandam
1426 2040 1615 2096 prebuit,
1643 2040 1727 2082 for-

288 2096 438 2138 tuitum
490 2100 611 2153 culpe
664 2099 834 2141 modum
882 2099 1017 2142 solido
1070 2101 1280 2141 cruciatus
1327 2112 1484 2155 genere
1533 2099 1725 2154 puniens.

289 2154 408 2196 Adeo
453 2157 701 2212 scrupuloso
746 2158 861 2199 cultu
900 2159 1011 2199 leuia
1050 2171 1215 2213 quoque
1257 2157 1470 2211 religionis
1515 2162 1727 2200 momenta

286 2214 497 2266 seruauit,
539 2215 656 2256 cuius
700 2215 888 2257 detracte
920 2216 1082 2257 tristem
1114 2230 1137 2256 a
1170 2230 1214 2257 30
1245 2214 1335 2270 ipso
1368 2229 1521 2270 penam
1554 2216 1726 2270 exigele

288 2275 508 2314 cunctatus
549 2287 633 2314 non
675 2278 751 2315 est.
820 2273 930 2314 Nam
972 2288 1068 2315 cum
1105 2287 1197 2315 reos
1227 2286 1359 2327 penas
1411 2272 1523 2328 apud
1566 2272 1725 2314 inferos

286 2342 459 2370 manere
475 2344 722 2386 persuasum
738 2331 924 2385 haberet,
940 2332 1025 2373 leui
1036 2331 1087 2372 ad
1099 2331 1268 2372 modum
1289 2331 1474 2372 cruciatu
1488 2331 1725 2385 grauiorem

286 2401 534 2441 precurrere
546 2389 707 2441 statuit,
720 2403 973 2444 manumque
996 2389 1049 2430 ad
1067 2393 1287 2444 presentes
1304 2403 1436 2444 penas
1454 2388 1724 2442 perferendas

287 2445 502 2499 paciencie
534 2446 781 2488 duramento
805 2447 972 2488 firmare
995 2461 1119 2502 quam
1144 2447 1326 2488 animam
1348 2445 1587 2487 futurarum
1609 2450 1723 2487 metu

286 2503 548 2556 suspendere
581 2504 717 2546 tucius
750 2504 884 2546 duxit.
932 2504 1012 2555 Ita,
1044 2519 1097 2546 ne
1133 2504 1258 2546 ceteri
1291 2518 1315 2545 a
1347 2503 1576 2545 diuinitatis
1609 2503 1724 2544 cultu

287 2565 582 2610 auocarentur,
615 2576 667 2603 ne
688 2562 766 2602 sibi
787 2561 955 2617 quidem
977 2561 1279 2616 ignoscendum
1310 2562 1492 2617 putauit,
1524 2565 1579 2613 et,
1612 2561 1724 2615 quod

220 2625 256 2652 40
289 2617 356 2671 pie
389 2617 655 2662 dissimulare
680 2619 808 2675 licuit,
837 2620 1082 2675 suppliciter
1104 2619 1314 2676 expiauit3
1347 2631 1523 2675 cumque
1543 2618 1724 2675 presidio

1778 776 1873 810 (194)

1781 893 1877 925 p.5m

1779 1532 1804 1555 p.
1826 1523 1876 1549 515
