<?xml version="1.0" encoding="UTF-8"?>
<!DOCTYPE html PUBLIC "-//W3C//DTD XHTML 1.0 Transitional//EN"
    "http://www.w3.org/TR/xhtml1/DTD/xhtml1-transitional.dtd">
<html xmlns="http://www.w3.org/1999/xhtml" xml:lang="en" lang="en">
 <head>
  <title>
</title>
<meta http-equiv="Content-Type" content="text/html;charset=utf-8" />
  <meta name='ocr-system' content='tesseract 3.04.00' />
  <meta name='ocr-capabilities' content='ocr_page ocr_carea ocr_par ocr_line ocrx_word'/>
</head>
<body>
  <div class='ocr_page' id='page_1' title='image "./saxonisgrammatic00saxouoft_0501.png"; bbox 0 0 1884 3126; ppageno 0'>
   <div class='ocr_carea' id='block_1_1' title="bbox 125 920 157 947">
    <p class='ocr_par' dir='ltr' id='par_1_1' title="bbox 125 920 157 947">
     <span class='ocr_line' id='line_1_1' title="bbox 125 920 157 947; baseline 0 0"><span class='ocrx_word' id='word_1_1' title='bbox 125 920 157 947; x_wconf 85' lang='lat'>10</span> 
     </span>
    </p>
   </div>
   <div class='ocr_carea' id='block_1_2' title="bbox 123 1211 156 1238">
    <p class='ocr_par' dir='ltr' id='par_1_2' title="bbox 123 1211 156 1238">
     <span class='ocr_line' id='line_1_2' title="bbox 123 1211 156 1238; baseline 0.03 -1"><span class='ocrx_word' id='word_1_2' title='bbox 123 1211 156 1238; x_wconf 87' lang='lat'>15</span> 
     </span>
    </p>
   </div>
   <div class='ocr_carea' id='block_1_3' title="bbox 119 1502 155 1529">
    <p class='ocr_par' dir='ltr' id='par_1_3' title="bbox 119 1502 155 1529">
     <span class='ocr_line' id='line_1_3' title="bbox 119 1502 155 1529; baseline 0.028 -1"><span class='ocrx_word' id='word_1_3' title='bbox 119 1502 155 1529; x_wconf 78' lang='lat'>‘20</span> 
     </span>
    </p>
   </div>
   <div class='ocr_carea' id='block_1_4' title="bbox 115 2083 152 2111">
    <p class='ocr_par' dir='ltr' id='par_1_4' title="bbox 115 2083 152 2111">
     <span class='ocr_line' id='line_1_4' title="bbox 115 2083 152 2111; baseline 0 0"><span class='ocrx_word' id='word_1_4' title='bbox 115 2083 152 2111; x_wconf 86' lang='lat'>30</span> 
     </span>
    </p>
   </div>
   <div class='ocr_carea' id='block_1_5' title="bbox 114 2374 151 2402">
    <p class='ocr_par' dir='ltr' id='par_1_5' title="bbox 114 2374 151 2402">
     <span class='ocr_line' id='line_1_5' title="bbox 114 2374 151 2402; baseline 0 0"><span class='ocrx_word' id='word_1_5' title='bbox 114 2374 151 2402; x_wconf 87' lang='lat'>35</span> 
     </span>
    </p>
   </div>
   <div class='ocr_carea' id='block_1_6' title="bbox 121 2668 151 2691">
    <p class='ocr_par' dir='ltr' id='par_1_6' title="bbox 121 2668 151 2691">
     <span class='ocr_line' id='line_1_6' title="bbox 121 2668 151 2691; baseline 0.067 -2"><span class='ocrx_word' id='word_1_6' title='bbox 121 2668 151 2691; x_wconf 73' lang='lat'>10</span> 
     </span>
    </p>
   </div>
   <div class='ocr_carea' id='block_1_7' title="bbox 751 256 1647 300">
    <p class='ocr_par' dir='ltr' id='par_1_7' title="bbox 751 256 1647 300">
     <span class='ocr_line' id='line_1_7' title="bbox 751 256 1647 300; baseline 0.002 -2"><span class='ocrx_word' id='word_1_7' title='bbox 751 279 805 286; x_wconf 93' lang='lat'><strong>—</strong></span> <span class='ocrx_word' id='word_1_8' title='bbox 867 256 959 299; x_wconf 91' lang='lat' dir='ltr'>XII</span> <span class='ocrx_word' id='word_1_9' title='bbox 1019 281 1074 287; x_wconf 92' lang='lat'><strong>—</strong></span> <span class='ocrx_word' id='word_1_10' title='bbox 1564 259 1647 300; x_wconf 82' lang='lat'>407</span> 
     </span>
    </p>
   </div>
   <div class='ocr_carea' id='block_1_8' title="bbox 186 384 1649 1780">
    <p class='ocr_par' dir='ltr' id='par_1_8' title="bbox 186 384 1649 1780">
     <span class='ocr_line' id='line_1_8' title="bbox 193 384 1646 442; baseline 0.001 -15"><span class='ocrx_word' id='word_1_11' title='bbox 193 384 357 428; x_wconf 90' lang='lat' dir='ltr'>diorum</span> <span class='ocrx_word' id='word_1_12' title='bbox 398 399 573 427; x_wconf 88' lang='lat' dir='ltr'>suorum</span> <span class='ocrx_word' id='word_1_13' title='bbox 612 390 852 442; x_wconf 86' lang='lat' dir='ltr'>respectum</span> <span class='ocrx_word' id='word_1_14' title='bbox 894 389 1078 429; x_wconf 86' lang='lat' dir='ltr'>acturos.</span> <span class='ocrx_word' id='word_1_15' title='bbox 1142 385 1262 428; x_wconf 79' lang='lat' dir='ltr'>Inter</span> <span class='ocrx_word' id='word_1_16' title='bbox 1307 391 1474 429; x_wconf 89' lang='lat' dir='ltr'>ceteros</span> <span class='ocrx_word' id='word_1_17' title='bbox 1522 387 1646 441; x_wconf 84' lang='lat' dir='ltr'>enim,</span> 
     </span>
     <span class='ocr_line' id='line_1_9' title="bbox 193 442 1645 500; baseline 0.001 -16"><span class='ocrx_word' id='word_1_18' title='bbox 193 444 265 499; x_wconf 90' lang='lat' dir='ltr'>qui</span> <span class='ocrx_word' id='word_1_19' title='bbox 307 442 337 497; x_wconf 84' lang='grc' dir='ltr'>Η</span> <span class='ocrx_word' id='word_1_20' title='bbox 365 443 832 499; x_wconf 81' lang='lat' dir='ltr'>Constantinopolitane</span> <span class='ocrx_word' id='word_1_21' title='bbox 884 444 999 486; x_wconf 90' lang='lat' dir='ltr'>urbis</span> <span class='ocrx_word' id='word_1_22' title='bbox 1061 445 1274 500; x_wconf 87' lang='lat' dir='ltr'>stipendia</span> <span class='ocrx_word' id='word_1_23' title='bbox 1333 443 1645 499; x_wconf 86' lang='lat' dir='ltr'>mere[re]ntur,</span> 
     </span>
     <span class='ocr_line' id='line_1_10' title="bbox 193 501 1649 558; baseline 0.001 -15"><span class='ocrx_word' id='word_1_24' title='bbox 193 501 356 544; x_wconf 87' lang='lat' dir='ltr'>Danice</span> <span class='ocrx_word' id='word_1_25' title='bbox 398 503 515 544; x_wconf 87' lang='lat' dir='ltr'>uocis</span> <span class='ocrx_word' id='word_1_26' title='bbox 559 503 748 544; x_wconf 89' lang='lat' dir='ltr'>homines</span> <span class='ocrx_word' id='word_1_27' title='bbox 791 502 972 558; x_wconf 90' lang='lat' dir='ltr'>primum</span> <span class='ocrx_word' id='word_1_28' title='bbox 1014 503 1166 545; x_wconf 84' lang='lat' dir='ltr'>milicie</span> <span class='ocrx_word' id='word_1_29' title='bbox 1212 503 1395 558; x_wconf 85' lang='lat' dir='ltr'>gradum</span> <span class='ocrx_word' id='word_1_30' title='bbox 1440 503 1649 556; x_wconf 81' lang='lat' dir='ltr'>obtinent,</span> 
     </span>
     <span class='ocr_line' id='line_1_11' title="bbox 195 560 1646 615; baseline 0.001 -13"><span class='ocrx_word' id='word_1_31' title='bbox 195 573 426 615; x_wconf 90' lang='lat' dir='ltr'>eorumque</span> <span class='ocrx_word' id='word_1_32' title='bbox 466 560 655 603; x_wconf 90' lang='lat' dir='ltr'>custodia</span> <span class='ocrx_word' id='word_1_33' title='bbox 694 575 772 602; x_wconf 83' lang='lat' dir='ltr'>rex</span> <span class='ocrx_word' id='word_1_34' title='bbox 812 561 994 603; x_wconf 84' lang='lat' dir='ltr'>salutem</span> <span class='ocrx_word' id='word_1_35' title='bbox 1036 575 1157 602; x_wconf 87' lang='lat' dir='ltr'>suam</span> <span class='ocrx_word' id='word_1_36' title='bbox 1204 561 1363 604; x_wconf 87' lang='lat' dir='ltr'>uallare</span> <span class='ocrx_word' id='word_1_37' title='bbox 1410 563 1646 604; x_wconf 89' lang='lat' dir='ltr'>consueuit.</span> 
     </span>
     <span class='ocr_line' id='line_1_12' title="bbox 191 618 1647 675; baseline 0.001 -15"><span class='ocrx_word' id='word_1_38' title='bbox 191 619 284 660; x_wconf 90' lang='lat' dir='ltr'>Nec</span> <span class='ocrx_word' id='word_1_39' title='bbox 316 619 584 674; x_wconf 87' lang='lat' dir='ltr'>imperatoris</span> <span class='ocrx_word' id='word_1_40' title='bbox 615 618 785 660; x_wconf 86' lang='lat' dir='ltr'>Ericum</span> <span class='ocrx_word' id='word_1_41' title='bbox 819 619 1014 675; x_wconf 86' lang='lat' dir='ltr'>opinacio</span> <span class='ocrx_word' id='word_1_42' title='bbox 1047 618 1208 662; x_wconf 89' lang='lat' dir='ltr'>fefellit.</span> <span class='ocrx_word' id='word_1_43' title='bbox 1257 619 1418 661; x_wconf 89' lang='lat' dir='ltr'>Verum</span> <span class='ocrx_word' id='word_1_44' title='bbox 1450 634 1495 662; x_wconf 89' lang='lat' dir='ltr'>re</span> <span class='ocrx_word' id='word_1_45' title='bbox 1527 619 1647 662; x_wconf 86' lang='lat' dir='ltr'>dissi-</span> 
     </span>
     <span class='ocr_line' id='line_1_13' title="bbox 191 676 1647 733; baseline 0.002 -16"><span class='ocrx_word' id='word_1_46' title='bbox 191 677 401 718; x_wconf 86' lang='lat' dir='ltr'>mulanter</span> <span class='ocrx_word' id='word_1_47' title='bbox 443 676 612 728; x_wconf 82' lang='lat' dir='ltr'>habita,</span> <span class='ocrx_word' id='word_1_48' title='bbox 654 678 994 719; x_wconf 88' lang='lat' dir='ltr'>uenerandorum</span> <span class='ocrx_word' id='word_1_49' title='bbox 1041 691 1256 719; x_wconf 86' lang='lat' dir='ltr'>sacrorum</span> <span class='ocrx_word' id='word_1_50' title='bbox 1286 678 1429 733; x_wconf 81' lang='lat' dir='ltr'>gracia</span> <span class='ocrx_word' id='word_1_51' title='bbox 1463 678 1647 721; x_wconf 86' lang='lat' dir='ltr'>ciuitatis</span> 
     </span>
     <span class='ocr_line' id='line_1_14' title="bbox 189 734 1648 791; baseline 0.001 -15"><span class='ocrx_word' id='word_1_52' title='bbox 189 735 409 777; x_wconf 88' lang='lat' dir='ltr'>introitum</span> <span class='ocrx_word' id='word_1_53' title='bbox 441 734 662 790; x_wconf 86' lang='lat' dir='ltr'>expetiuit,</span> <span class='ocrx_word' id='word_1_54' title='bbox 694 734 901 791; x_wconf 86' lang='lat' dir='ltr'>prefatus,</span> <span class='ocrx_word' id='word_1_55' title='bbox 933 736 1121 777; x_wconf 81' lang='lat' dir='ltr'><strong>maxime</strong></span> <span class='ocrx_word' id='word_1_56' title='bbox 1143 749 1187 777; x_wconf 89' lang='lat' dir='ltr'>se</span> <span class='ocrx_word' id='word_1_57' title='bbox 1210 750 1261 777; x_wconf 88' lang='lat' dir='ltr'>eo</span> <span class='ocrx_word' id='word_1_58' title='bbox 1285 736 1364 778; x_wconf 88' lang='lat' dir='ltr'>loci</span> <span class='ocrx_word' id='word_1_59' title='bbox 1390 736 1648 780; x_wconf 81' lang='lat' dir='ltr'>celebrande</span> 
     </span>
     <span class='ocr_line' id='line_1_15' title="bbox 189 791 1645 850; baseline 0 -15"><span class='ocrx_word' id='word_1_60' title='bbox 189 793 404 847; x_wconf 83' lang='lat' dir='ltr'>religionis</span> <span class='ocrx_word' id='word_1_61' title='bbox 427 806 571 835; x_wconf 87' lang='lat' dir='ltr'>amore</span> <span class='ocrx_word' id='word_1_62' title='bbox 593 793 860 848; x_wconf 88' lang='lat' dir='ltr'>perductum.</span> <span class='ocrx_word' id='word_1_63' title='bbox 903 791 1174 850; x_wconf 68' lang='lat' dir='ltr'>Imlperator,</span> <span class='ocrx_word' id='word_1_64' title='bbox 1196 794 1438 837; x_wconf 88' lang='lat' dir='ltr'>collaudato</span> <span class='ocrx_word' id='word_1_65' title='bbox 1461 794 1645 850; x_wconf 84' lang='lat' dir='ltr'>petentis</span> 
     </span>
     <span class='ocr_line' id='line_1_16' title="bbox 189 851 1647 908; baseline 0.001 -15"><span class='ocrx_word' id='word_1_66' title='bbox 189 852 347 904; x_wconf 86' lang='lat' dir='ltr'>studio,</span> <span class='ocrx_word' id='word_1_67' title='bbox 394 857 564 907; x_wconf 88' lang='lat' dir='ltr'>postero</span> <span class='ocrx_word' id='word_1_68' title='bbox 599 866 643 893; x_wconf 92' lang='lat' dir='ltr'>se</span> <span class='ocrx_word' id='word_1_69' title='bbox 677 851 743 893; x_wconf 89' lang='lat' dir='ltr'>die</span> <span class='ocrx_word' id='word_1_70' title='bbox 774 852 1061 908; x_wconf 84' lang='lat' dir='ltr'>postulacioni</span> <span class='ocrx_word' id='word_1_71' title='bbox 1094 866 1393 908; x_wconf 80' lang='lat' dir='ltr'>responsurum</span> <span class='ocrx_word' id='word_1_72' title='bbox 1425 853 1647 907; x_wconf 77' lang='lat' dir='ltr'>promittit.</span> 
     </span>
     <span class='ocr_line' id='line_1_17' title="bbox 188 909 1647 965; baseline 0.001 -13"><span class='ocrx_word' id='word_1_73' title='bbox 188 910 382 960; x_wconf 82' lang='lat' dir='ltr'>Interea,</span> <span class='ocrx_word' id='word_1_74' title='bbox 425 910 499 965; x_wconf 91' lang='lat' dir='ltr'>qui</span> <span class='ocrx_word' id='word_1_75' title='bbox 540 924 594 950; x_wconf 82' lang='lat' dir='ltr'>ex</span> <span class='ocrx_word' id='word_1_76' title='bbox 625 909 759 952; x_wconf 90' lang='lat' dir='ltr'>Danis</span> <span class='ocrx_word' id='word_1_77' title='bbox 795 910 1028 952; x_wconf 80' lang='lat' dir='ltr'>Grecorum</span> <span class='ocrx_word' id='word_1_78' title='bbox 1069 911 1265 952; x_wconf 77' lang='lat' dir='ltr'>miliciam</span> <span class='ocrx_word' id='word_1_79' title='bbox 1298 911 1432 952; x_wconf 89' lang='lat' dir='ltr'>secuti</span> <span class='ocrx_word' id='word_1_80' title='bbox 1463 910 1647 964; x_wconf 85' lang='lat' dir='ltr'>fuerant,</span> 
     </span>
     <span class='ocr_line' id='line_1_18' title="bbox 189 967 1644 1025; baseline 0.001 -16"><span class='ocrx_word' id='word_1_81' title='bbox 189 969 448 1024; x_wconf 77' lang='lat' dir='ltr'>imperatore</span> <span class='ocrx_word' id='word_1_82' title='bbox 494 967 638 1021; x_wconf 89' lang='lat' dir='ltr'>adito,</span> <span class='ocrx_word' id='word_1_83' title='bbox 685 982 828 1024; x_wconf 88' lang='lat' dir='ltr'>regem</span> <span class='ocrx_word' id='word_1_84' title='bbox 876 983 999 1010; x_wconf 86' lang='lat' dir='ltr'>suum</span> <span class='ocrx_word' id='word_1_85' title='bbox 1047 969 1343 1011; x_wconf 83' lang='lat' dir='ltr'>consalutandi</span> <span class='ocrx_word' id='word_1_86' title='bbox 1389 973 1644 1025; x_wconf 85' lang='lat' dir='ltr'>potestatem</span> 
     </span>
     <span class='ocr_line' id='line_1_19' title="bbox 188 1026 1647 1082; baseline 0.001 -15"><span class='ocrx_word' id='word_1_87' title='bbox 188 1026 441 1081; x_wconf 80' lang='lat' dir='ltr'>efflagitant,</span> <span class='ocrx_word' id='word_1_88' title='bbox 463 1026 765 1082; x_wconf 80' lang='lat' dir='ltr'>permissisque</span> <span class='ocrx_word' id='word_1_89' title='bbox 787 1028 1043 1081; x_wconf 87' lang='lat' dir='ltr'>segregatim</span> <span class='ocrx_word' id='word_1_90' title='bbox 1069 1027 1214 1082; x_wconf 85' lang='lat' dir='ltr'>egredi</span> <span class='ocrx_word' id='word_1_91' title='bbox 1237 1028 1412 1080; x_wconf 89' lang='lat' dir='ltr'>iussum,</span> <span class='ocrx_word' id='word_1_92' title='bbox 1446 1042 1498 1069; x_wconf 87' lang='lat' dir='ltr'>ne</span> <span class='ocrx_word' id='word_1_93' title='bbox 1521 1028 1647 1070; x_wconf 90' lang='lat' dir='ltr'>simul</span> 
     </span>
     <span class='ocr_line' id='line_1_20' title="bbox 190 1084 1647 1141; baseline 0.001 -15"><span class='ocrx_word' id='word_1_94' title='bbox 190 1085 378 1126; x_wconf 91' lang='lat' dir='ltr'>omnium</span> <span class='ocrx_word' id='word_1_95' title='bbox 412 1084 574 1126; x_wconf 90' lang='lat' dir='ltr'>animos</span> <span class='ocrx_word' id='word_1_96' title='bbox 605 1098 690 1126; x_wconf 92' lang='lat' dir='ltr'>una</span> <span class='ocrx_word' id='word_1_97' title='bbox 722 1086 834 1140; x_wconf 90' lang='lat' dir='ltr'>regis</span> <span class='ocrx_word' id='word_1_98' title='bbox 868 1085 1056 1128; x_wconf 88' lang='lat' dir='ltr'>hortacio</span> <span class='ocrx_word' id='word_1_99' title='bbox 1089 1090 1274 1141; x_wconf 90' lang='lat' dir='ltr'>caperet.</span> <span class='ocrx_word' id='word_1_100' title='bbox 1326 1085 1647 1128; x_wconf 81' lang='lat' dir='ltr'>Suborn&#39;auerat</span> 
     </span>
     <span class='ocr_line' id='line_1_21' title="bbox 190 1143 1647 1201; baseline 0.001 -16"><span class='ocrx_word' id='word_1_101' title='bbox 190 1143 302 1185; x_wconf 91' lang='lat' dir='ltr'>enim</span> <span class='ocrx_word' id='word_1_102' title='bbox 331 1143 561 1198; x_wconf 88' lang='lat' dir='ltr'>imperator</span> <span class='ocrx_word' id='word_1_103' title='bbox 606 1144 825 1198; x_wconf 89' lang='lat' dir='ltr'>utriusque</span> <span class='ocrx_word' id='word_1_104' title='bbox 864 1143 983 1186; x_wconf 91' lang='lat' dir='ltr'>uocis</span> <span class='ocrx_word' id='word_1_105' title='bbox 1027 1144 1209 1198; x_wconf 87' lang='lat' dir='ltr'>peritos,</span> <span class='ocrx_word' id='word_1_106' title='bbox 1249 1158 1326 1199; x_wconf 91' lang='lat' dir='ltr'>per</span> <span class='ocrx_word' id='word_1_107' title='bbox 1358 1158 1464 1201; x_wconf 85' lang='lat' dir='ltr'>quos</span> <span class='ocrx_word' id='word_1_108' title='bbox 1497 1158 1647 1186; x_wconf 90' lang='lat' dir='ltr'>eorum</span> 
     </span>
     <span class='ocr_line' id='line_1_22' title="bbox 186 1201 1645 1257; baseline 0.001 -15"><span class='ocrx_word' id='word_1_109' title='bbox 186 1201 386 1256; x_wconf 84' lang='lat' dir='ltr'>Ericique</span> <span class='ocrx_word' id='word_1_110' title='bbox 426 1201 638 1256; x_wconf 89' lang='lat' dir='ltr'>colloquia</span> <span class='ocrx_word' id='word_1_111' title='bbox 681 1201 878 1244; x_wconf 78' lang='lat' dir='ltr'>disceret.</span> <span class='ocrx_word' id='word_1_112' title='bbox 941 1202 1130 1243; x_wconf 87' lang='lat' dir='ltr'>Primum</span> <span class='ocrx_word' id='word_1_113' title='bbox 1163 1203 1332 1257; x_wconf 75' lang='lat' dir='ltr'>itaque,</span> <span class='ocrx_word' id='word_1_114' title='bbox 1376 1203 1645 1245; x_wconf 87' lang='lat' dir='ltr'>consalutato</span> 
     </span>
     <span class='ocr_line' id='line_1_23' title="bbox 187 1259 1646 1315; baseline 0.001 -15"><span class='ocrx_word' id='word_1_115' title='bbox 187 1273 314 1314; x_wconf 86' lang='lat' dir='ltr'>rege,</span> <span class='ocrx_word' id='word_1_116' title='bbox 363 1259 580 1300; x_wconf 84' lang='lat' dir='ltr'>considere</span> <span class='ocrx_word' id='word_1_117' title='bbox 627 1259 839 1301; x_wconf 87' lang='lat' dir='ltr'>iubentur.</span> <span class='ocrx_word' id='word_1_118' title='bbox 901 1260 1008 1301; x_wconf 87' lang='lat' dir='ltr'>Tum</span> <span class='ocrx_word' id='word_1_119' title='bbox 1052 1260 1123 1302; x_wconf 93' lang='lat' dir='ltr'>ille</span> <span class='ocrx_word' id='word_1_120' title='bbox 1163 1260 1242 1301; x_wconf 89' lang='lat' dir='ltr'>fari</span> <span class='ocrx_word' id='word_1_121' title='bbox 1282 1275 1461 1309; x_wconf 82' lang='lat' dir='ltr'>exorsus</span> <span class='ocrx_word' id='word_1_122' title='bbox 1508 1261 1646 1315; x_wconf 87' lang='lat' dir='ltr'>docet,</span> 
     </span>
     <span class='ocr_line' id='line_1_24' title="bbox 187 1317 1646 1373; baseline 0.001 -15"><span class='ocrx_word' id='word_1_123' title='bbox 187 1317 336 1359; x_wconf 90' lang='lat' dir='ltr'>Danos</span> <span class='ocrx_word' id='word_1_124' title='bbox 368 1317 607 1359; x_wconf 82' lang='lat' dir='ltr'>Grecorum</span> <span class='ocrx_word' id='word_1_125' title='bbox 654 1318 864 1373; x_wconf 89' lang='lat' dir='ltr'>stipendia</span> <span class='ocrx_word' id='word_1_126' title='bbox 908 1324 1120 1360; x_wconf 85' lang='lat' dir='ltr'>merentes</span> <span class='ocrx_word' id='word_1_127' title='bbox 1164 1318 1246 1360; x_wconf 89' lang='lat' dir='ltr'>iam</span> <span class='ocrx_word' id='word_1_128' title='bbox 1281 1318 1440 1360; x_wconf 85' lang='lat' dir='ltr'>dudum</span> <span class='ocrx_word' id='word_1_129' title='bbox 1474 1319 1646 1361; x_wconf 90' lang='lat' dir='ltr'>honoris</span> 
     </span>
     <span class='ocr_line' id='line_1_25' title="bbox 189 1376 1646 1433; baseline 0.002 -17"><span class='ocrx_word' id='word_1_130' title='bbox 189 1389 326 1417; x_wconf 89' lang='lat' dir='ltr'>arcem</span> <span class='ocrx_word' id='word_1_131' title='bbox 371 1376 600 1417; x_wconf 89' lang='lat' dir='ltr'>uirtutibus</span> <span class='ocrx_word' id='word_1_132' title='bbox 644 1376 915 1431; x_wconf 83' lang='lat' dir='ltr'>impetrasse,</span> <span class='ocrx_word' id='word_1_133' title='bbox 955 1376 1166 1431; x_wconf 89' lang='lat' dir='ltr'>indigenis</span> <span class='ocrx_word' id='word_1_134' title='bbox 1211 1377 1358 1418; x_wconf 82' lang='lat' dir='ltr'>exules</span> <span class='ocrx_word' id='word_1_135' title='bbox 1388 1377 1646 1433; x_wconf 87' lang='lat' dir='ltr'>imperitare,</span> 
     </span>
     <span class='ocr_line' id='line_1_26' title="bbox 188 1434 1647 1489; baseline 0.001 -14"><span class='ocrx_word' id='word_1_136' title='bbox 188 1434 409 1488; x_wconf 90' lang='lat' dir='ltr'>multoque</span> <span class='ocrx_word' id='word_1_137' title='bbox 454 1434 556 1475; x_wconf 91' lang='lat' dir='ltr'>foris</span> <span class='ocrx_word' id='word_1_138' title='bbox 603 1448 728 1489; x_wconf 90' lang='lat' dir='ltr'>quam</span> <span class='ocrx_word' id='word_1_139' title='bbox 775 1435 888 1476; x_wconf 90' lang='lat' dir='ltr'>domi</span> <span class='ocrx_word' id='word_1_140' title='bbox 933 1435 1144 1477; x_wconf 85' lang='lat' dir='ltr'>feliciores</span> <span class='ocrx_word' id='word_1_141' title='bbox 1192 1435 1389 1478; x_wconf 85' lang='lat' dir='ltr'>existere.</span> <span class='ocrx_word' id='word_1_142' title='bbox 1452 1435 1520 1477; x_wconf 92' lang='lat' dir='ltr'>Ad</span> <span class='ocrx_word' id='word_1_143' title='bbox 1568 1435 1647 1485; x_wconf 86' lang='lat' dir='ltr'>hec</span> 
     </span>
     <span class='ocr_line' id='line_1_27' title="bbox 186 1492 1647 1548; baseline 0.001 -15"><span class='ocrx_word' id='word_1_144' title='bbox 186 1492 487 1548; x_wconf 88' lang='lat' dir='ltr'>imperatorem</span> <span class='ocrx_word' id='word_1_145' title='bbox 536 1506 679 1534; x_wconf 90' lang='lat' dir='ltr'>eorum</span> <span class='ocrx_word' id='word_1_146' title='bbox 725 1492 821 1534; x_wconf 91' lang='lat' dir='ltr'>fidei</span> <span class='ocrx_word' id='word_1_147' title='bbox 870 1494 1018 1548; x_wconf 87' lang='lat' dir='ltr'>capitis</span> <span class='ocrx_word' id='word_1_148' title='bbox 1065 1493 1129 1534; x_wconf 80' lang='lat' dir='ltr'>sui</span> <span class='ocrx_word' id='word_1_149' title='bbox 1177 1493 1413 1535; x_wconf 90' lang='lat' dir='ltr'>custodiam</span> <span class='ocrx_word' id='word_1_150' title='bbox 1461 1493 1647 1546; x_wconf 89' lang='lat' dir='ltr'>credere,</span> 
     </span>
     <span class='ocr_line' id='line_1_28' title="bbox 189 1550 1647 1608; baseline 0.002 -17"><span class='ocrx_word' id='word_1_151' title='bbox 189 1564 372 1605; x_wconf 86' lang='lat' dir='ltr'>eumque</span> <span class='ocrx_word' id='word_1_152' title='bbox 394 1550 648 1605; x_wconf 87' lang='lat' dir='ltr'>prelacionis</span> <span class='ocrx_word' id='word_1_153' title='bbox 671 1565 794 1593; x_wconf 88' lang='lat' dir='ltr'>usum</span> <span class='ocrx_word' id='word_1_154' title='bbox 819 1565 904 1592; x_wconf 91' lang='lat' dir='ltr'>non</span> <span class='ocrx_word' id='word_1_155' title='bbox 937 1558 1022 1593; x_wconf 88' lang='lat' dir='ltr'>tam</span> <span class='ocrx_word' id='word_1_156' title='bbox 1057 1567 1111 1594; x_wconf 84' lang='lat' dir='ltr'>ex</span> <span class='ocrx_word' id='word_1_157' title='bbox 1143 1565 1294 1593; x_wconf 89' lang='lat' dir='ltr'>eorum</span> <span class='ocrx_word' id='word_1_158' title='bbox 1324 1552 1486 1594; x_wconf 85' lang='lat' dir='ltr'>meritis</span> <span class='ocrx_word' id='word_1_159' title='bbox 1518 1566 1647 1608; x_wconf 87' lang='lat' dir='ltr'>quam</span> 
     </span>
     <span class='ocr_line' id='line_1_29' title="bbox 189 1609 1647 1664; baseline 0.001 -14"><span class='ocrx_word' id='word_1_160' title='bbox 189 1623 240 1650; x_wconf 86' lang='lat' dir='ltr'>ex</span> <span class='ocrx_word' id='word_1_161' title='bbox 282 1609 474 1663; x_wconf 84' lang='lat' dir='ltr'>illorum,</span> <span class='ocrx_word' id='word_1_162' title='bbox 519 1609 591 1664; x_wconf 78' lang='lat' dir='ltr'>qui</span> <span class='ocrx_word' id='word_1_163' title='bbox 631 1614 732 1651; x_wconf 90' lang='lat' dir='ltr'>ante</span> <span class='ocrx_word' id='word_1_164' title='bbox 776 1623 849 1651; x_wconf 88' lang='lat' dir='ltr'>eos</span> <span class='ocrx_word' id='word_1_165' title='bbox 880 1609 1121 1652; x_wconf 79' lang='lat' dir='ltr'>Grecorum</span> <span class='ocrx_word' id='word_1_166' title='bbox 1162 1610 1358 1652; x_wconf 83' lang='lat' dir='ltr'>miliciam</span> <span class='ocrx_word' id='word_1_167' title='bbox 1401 1611 1647 1662; x_wconf 86' lang='lat' dir='ltr'>coluissent,</span> 
     </span>
     <span class='ocr_line' id='line_1_30' title="bbox 187 1667 1644 1723; baseline 0.001 -15"><span class='ocrx_word' id='word_1_168' title='bbox 187 1667 347 1708; x_wconf 90' lang='lat' dir='ltr'>uirtute</span> <span class='ocrx_word' id='word_1_169' title='bbox 378 1667 667 1722; x_wconf 88' lang='lat' dir='ltr'>progenitum.</span> <span class='ocrx_word' id='word_1_170' title='bbox 738 1667 1011 1723; x_wconf 81' lang='lat' dir='ltr'>Quapropter</span> <span class='ocrx_word' id='word_1_171' title='bbox 1043 1682 1304 1723; x_wconf 77' lang='lat' dir='ltr'>magnopere</span> <span class='ocrx_word' id='word_1_172' title='bbox 1327 1669 1386 1711; x_wconf 90' lang='lat' dir='ltr'>eis</span> <span class='ocrx_word' id='word_1_173' title='bbox 1412 1668 1644 1710; x_wconf 86' lang='lat' dir='ltr'>curandum</span> 
     </span>
     <span class='ocr_line' id='line_1_31' title="bbox 188 1725 1646 1780; baseline 0 -13"><span class='ocrx_word' id='word_1_174' title='bbox 188 1739 304 1778; x_wconf 91' lang='lat' dir='ltr'>esse,</span> <span class='ocrx_word' id='word_1_175' title='bbox 345 1739 397 1765; x_wconf 91' lang='lat' dir='ltr'>ne</span> <span class='ocrx_word' id='word_1_176' title='bbox 437 1725 533 1780; x_wconf 89' lang='lat' dir='ltr'>plus</span> <span class='ocrx_word' id='word_1_177' title='bbox 574 1725 826 1767; x_wconf 85' lang='lat' dir='ltr'>temulencie</span> <span class='ocrx_word' id='word_1_178' title='bbox 871 1739 997 1780; x_wconf 87' lang='lat' dir='ltr'>quam</span> <span class='ocrx_word' id='word_1_179' title='bbox 1038 1726 1278 1768; x_wconf 81' lang='lat' dir='ltr'>sobrietatis</span> <span class='ocrx_word' id='word_1_180' title='bbox 1319 1726 1469 1769; x_wconf 87' lang='lat' dir='ltr'>studiis</span> <span class='ocrx_word' id='word_1_181' title='bbox 1510 1726 1646 1769; x_wconf 91' lang='lat' dir='ltr'>indul-</span> 
     </span>
    </p>
   </div>
   <div class='ocr_carea' id='block_1_9' title="bbox 117 1783 1644 1840">
    <p class='ocr_par' dir='ltr' id='par_1_9' title="bbox 117 1783 1644 1840">
     <span class='ocr_line' id='line_1_32' title="bbox 117 1783 1644 1840; baseline 0.001 -16"><span class='ocrx_word' id='word_1_182' title='bbox 117 1811 131 1818; x_wconf 80' lang='grc'>-</span> <span class='ocrx_word' id='word_1_183' title='bbox 183 1788 347 1838; x_wconf 87' lang='lat' dir='ltr'>gerent,</span> <span class='ocrx_word' id='word_1_184' title='bbox 381 1789 578 1838; x_wconf 87' lang='lat' dir='ltr'>suscepte</span> <span class='ocrx_word' id='word_1_185' title='bbox 613 1783 763 1826; x_wconf 91' lang='lat' dir='ltr'>milicie</span> <span class='ocrx_word' id='word_1_186' title='bbox 796 1784 946 1826; x_wconf 87' lang='lat' dir='ltr'>melius</span> <span class='ocrx_word' id='word_1_187' title='bbox 989 1784 1188 1836; x_wconf 86' lang='lat' dir='ltr'>affuturi,</span> <span class='ocrx_word' id='word_1_188' title='bbox 1229 1785 1263 1826; x_wconf 88' lang='lat' dir='ltr'>si</span> <span class='ocrx_word' id='word_1_189' title='bbox 1294 1799 1434 1840; x_wconf 92' lang='lat' dir='ltr'>neque</span> <span class='ocrx_word' id='word_1_190' title='bbox 1467 1800 1511 1827; x_wconf 89' lang='lat' dir='ltr'>se</span> <span class='ocrx_word' id='word_1_191' title='bbox 1544 1785 1644 1826; x_wconf 92' lang='lat' dir='ltr'>uino</span> 
     </span>
    </p>
   </div>
   <div class='ocr_carea' id='block_1_10' title="bbox 180 1842 1647 2713">
    <p class='ocr_par' dir='ltr' id='par_1_10' title="bbox 180 1842 1647 2713">
     <span class='ocr_line' id='line_1_33' title="bbox 186 1842 1646 1896; baseline 0.001 -14"><span class='ocrx_word' id='word_1_192' title='bbox 186 1855 321 1896; x_wconf 90' lang='lat' dir='ltr'>neque</span> <span class='ocrx_word' id='word_1_193' title='bbox 353 1855 497 1896; x_wconf 82' lang='lat' dir='ltr'>regem</span> <span class='ocrx_word' id='word_1_194' title='bbox 529 1842 883 1883; x_wconf 89' lang='lat' dir='ltr'>sollicitudinibus</span> <span class='ocrx_word' id='word_1_195' title='bbox 925 1847 1190 1886; x_wconf 87' lang='lat' dir='ltr'>onerassent.</span> <span class='ocrx_word' id='word_1_196' title='bbox 1253 1843 1361 1885; x_wconf 83' lang='lat' dir='ltr'>Fore</span> <span class='ocrx_word' id='word_1_197' title='bbox 1403 1850 1571 1896; x_wconf 89' lang='lat' dir='ltr'>autem,</span> <span class='ocrx_word' id='word_1_198' title='bbox 1613 1843 1646 1884; x_wconf 90' lang='lat' dir='ltr'>si</span> 
     </span>
     <span class='ocr_line' id='line_1_34' title="bbox 184 1899 1647 1956; baseline 0.001 -17"><span class='ocrx_word' id='word_1_199' title='bbox 184 1900 443 1954; x_wconf 83' lang='lat' dir='ltr'>frugalitatis</span> <span class='ocrx_word' id='word_1_200' title='bbox 469 1913 659 1940; x_wconf 86' lang='lat' dir='ltr'>normam</span> <span class='ocrx_word' id='word_1_201' title='bbox 682 1899 987 1954; x_wconf 87' lang='lat' dir='ltr'>deseruissent,</span> <span class='ocrx_word' id='word_1_202' title='bbox 1021 1907 1067 1941; x_wconf 87' lang='lat' dir='ltr'>ut</span> <span class='ocrx_word' id='word_1_203' title='bbox 1090 1901 1285 1943; x_wconf 90' lang='lat' dir='ltr'>miliciam</span> <span class='ocrx_word' id='word_1_204' title='bbox 1308 1915 1477 1956; x_wconf 88' lang='lat' dir='ltr'>segnes,</span> <span class='ocrx_word' id='word_1_205' title='bbox 1509 1900 1647 1954; x_wconf 82' lang='lat' dir='ltr'>iurgia</span> 
     </span>
     <span class='ocr_line' id='line_1_35' title="bbox 185 1958 1647 2015; baseline 0.002 -17"><span class='ocrx_word' id='word_1_206' title='bbox 185 1958 347 1999; x_wconf 85' lang='lat' dir='ltr'>alacres</span> <span class='ocrx_word' id='word_1_207' title='bbox 395 1962 724 2012; x_wconf 83' lang='lat' dir='ltr'>exequerentur.</span> <span class='ocrx_word' id='word_1_208' title='bbox 785 1958 951 2000; x_wconf 88' lang='lat' dir='ltr'>Monuit</span> <span class='ocrx_word' id='word_1_209' title='bbox 982 1973 1164 2015; x_wconf 91' lang='lat' dir='ltr'>quoque,</span> <span class='ocrx_word' id='word_1_210' title='bbox 1206 1974 1283 2012; x_wconf 89' lang='lat' dir='ltr'>ne,</span> <span class='ocrx_word' id='word_1_211' title='bbox 1330 1973 1501 2001; x_wconf 89' lang='lat' dir='ltr'>manum</span> <span class='ocrx_word' id='word_1_212' title='bbox 1552 1973 1647 2000; x_wconf 83' lang='lat' dir='ltr'>cum</span> 
     </span>
     <span class='ocr_line' id='line_1_36' title="bbox 187 2015 1647 2073; baseline 0.003 -19"><span class='ocrx_word' id='word_1_213' title='bbox 187 2015 379 2057; x_wconf 87' lang='lat' dir='ltr'>hostibus</span> <span class='ocrx_word' id='word_1_214' title='bbox 424 2016 685 2068; x_wconf 84' lang='lat' dir='ltr'>conserturi,</span> <span class='ocrx_word' id='word_1_215' title='bbox 732 2017 936 2058; x_wconf 84' lang='lat' dir='ltr'>maiorem</span> <span class='ocrx_word' id='word_1_216' title='bbox 984 2017 1072 2059; x_wconf 78' lang='lat' dir='ltr'>uite</span> <span class='ocrx_word' id='word_1_217' title='bbox 1117 2031 1241 2073; x_wconf 89' lang='lat' dir='ltr'>quam</span> <span class='ocrx_word' id='word_1_218' title='bbox 1288 2017 1458 2059; x_wconf 90' lang='lat' dir='ltr'>uirtutis</span> <span class='ocrx_word' id='word_1_219' title='bbox 1502 2031 1647 2059; x_wconf 85' lang='lat' dir='ltr'>curam</span> 
     </span>
     <span class='ocr_line' id='line_1_37' title="bbox 184 2074 1646 2130; baseline 0.001 -15"><span class='ocrx_word' id='word_1_220' title='bbox 184 2078 375 2128; x_wconf 83' lang='lat' dir='ltr'>agerent,</span> <span class='ocrx_word' id='word_1_221' title='bbox 409 2087 519 2115; x_wconf 89' lang='lat' dir='ltr'>neue</span> <span class='ocrx_word' id='word_1_222' title='bbox 540 2078 720 2116; x_wconf 87' lang='lat' dir='ltr'>mortem</span> <span class='ocrx_word' id='word_1_223' title='bbox 744 2074 847 2130; x_wconf 85' lang='lat' dir='ltr'>fuga</span> <span class='ocrx_word' id='word_1_224' title='bbox 872 2080 1181 2130; x_wconf 88' lang='lat' dir='ltr'>precurrerent,</span> <span class='ocrx_word' id='word_1_225' title='bbox 1215 2079 1289 2117; x_wconf 89' lang='lat' dir='ltr'>aut</span> <span class='ocrx_word' id='word_1_226' title='bbox 1319 2076 1502 2118; x_wconf 89' lang='lat' dir='ltr'>salutem</span> <span class='ocrx_word' id='word_1_227' title='bbox 1527 2089 1646 2118; x_wconf 91' lang='lat' dir='ltr'>suam</span> 
     </span>
     <span class='ocr_line' id='line_1_38' title="bbox 184 2132 1646 2189; baseline 0.002 -17"><span class='ocrx_word' id='word_1_228' title='bbox 184 2132 357 2186; x_wconf 86' lang='lat' dir='ltr'>ignauie</span> <span class='ocrx_word' id='word_1_229' title='bbox 391 2132 576 2186; x_wconf 88' lang='lat' dir='ltr'>presidio</span> <span class='ocrx_word' id='word_1_230' title='bbox 610 2138 843 2185; x_wconf 87' lang='lat' dir='ltr'>tuerentur,</span> <span class='ocrx_word' id='word_1_231' title='bbox 875 2134 1144 2188; x_wconf 86' lang='lat' dir='ltr'>promittens,</span> <span class='ocrx_word' id='word_1_232' title='bbox 1177 2149 1234 2178; x_wconf 75' lang='lat' dir='ltr'>se.</span> <span class='ocrx_word' id='word_1_233' title='bbox 1269 2148 1363 2175; x_wconf 88' lang='lat' dir='ltr'>cum</span> <span class='ocrx_word' id='word_1_234' title='bbox 1395 2135 1576 2189; x_wconf 88' lang='lat' dir='ltr'>primum</span> <span class='ocrx_word' id='word_1_235' title='bbox 1605 2134 1646 2175; x_wconf 90' lang='lat' dir='ltr'>in</span> 
     </span>
     <span class='ocr_line' id='line_1_39' title="bbox 185 2190 1646 2248; baseline 0.003 -18"><span class='ocrx_word' id='word_1_236' title='bbox 185 2190 366 2246; x_wconf 85' lang='lat' dir='ltr'>patriam</span> <span class='ocrx_word' id='word_1_237' title='bbox 397 2190 620 2242; x_wconf 79' lang='lat' dir='ltr'>redissent,</span> <span class='ocrx_word' id='word_1_238' title='bbox 656 2190 825 2232; x_wconf 82' lang='lat' dir='ltr'>fidelem</span> <span class='ocrx_word' id='word_1_239' title='bbox 858 2205 1004 2232; x_wconf 90' lang='lat' dir='ltr'>eorum</span> <span class='ocrx_word' id='word_1_240' title='bbox 1038 2206 1212 2248; x_wconf 86' lang='lat' dir='ltr'>operam</span> <span class='ocrx_word' id='word_1_241' title='bbox 1246 2192 1464 2234; x_wconf 88' lang='lat' dir='ltr'>beneficiis</span> <span class='ocrx_word' id='word_1_242' title='bbox 1496 2207 1646 2248; x_wconf 85' lang='lat' dir='ltr'>pensa-</span> 
     </span>
     <span class='ocr_line' id='line_1_40' title="bbox 184 2248 1645 2306; baseline 0.003 -18"><span class='ocrx_word' id='word_1_243' title='bbox 184 2253 354 2301; x_wconf 67' lang='lat' dir='ltr'>turum,</span> <span class='ocrx_word' id='word_1_244' title='bbox 396 2248 510 2303; x_wconf 92' lang='lat' dir='ltr'>quod</span> <span class='ocrx_word' id='word_1_245' title='bbox 544 2250 579 2290; x_wconf 93' lang='lat' dir='ltr'>si</span> <span class='ocrx_word' id='word_1_246' title='bbox 610 2249 788 2291; x_wconf 87' lang='lat' dir='ltr'>uiriliter</span> <span class='ocrx_word' id='word_1_247' title='bbox 832 2249 1079 2292; x_wconf 88' lang='lat' dir='ltr'>dimicantes</span> <span class='ocrx_word' id='word_1_248' title='bbox 1127 2251 1318 2306; x_wconf 87' lang='lat' dir='ltr'>spiritum</span> <span class='ocrx_word' id='word_1_249' title='bbox 1351 2251 1393 2292; x_wconf 92' lang='lat' dir='ltr'>in</span> <span class='ocrx_word' id='word_1_250' title='bbox 1426 2251 1517 2294; x_wconf 89' lang='lat' dir='ltr'>acie</span> <span class='ocrx_word' id='word_1_251' title='bbox 1550 2265 1645 2305; x_wconf 91' lang='lat' dir='ltr'>pro-</span> 
     </span>
     <span class='ocr_line' id='line_1_41' title="bbox 184 2305 1645 2362; baseline 0.003 -16"><span class='ocrx_word' id='word_1_252' title='bbox 184 2305 419 2356; x_wconf 86' lang='lat' dir='ltr'>fudissent,</span> <span class='ocrx_word' id='word_1_253' title='bbox 463 2307 724 2362; x_wconf 86' lang='lat' dir='ltr'>propinquos</span> <span class='ocrx_word' id='word_1_254' title='bbox 758 2321 904 2349; x_wconf 88' lang='lat' dir='ltr'>eorum</span> <span class='ocrx_word' id='word_1_255' title='bbox 937 2322 985 2349; x_wconf 85' lang='lat' dir='ltr'>ac</span> <span class='ocrx_word' id='word_1_256' title='bbox 1016 2309 1276 2351; x_wconf 84' lang='lat' dir='ltr'>necessarios</span> <span class='ocrx_word' id='word_1_257' title='bbox 1308 2309 1471 2351; x_wconf 92' lang='lat' dir='ltr'>honore</span> <span class='ocrx_word' id='word_1_258' title='bbox 1503 2322 1645 2361; x_wconf 87' lang='lat' dir='ltr'>prose-</span> 
     </span>
     <span class='ocr_line' id='line_1_42' title="bbox 183 2364 1646 2421; baseline 0.003 -17"><span class='ocrx_word' id='word_1_259' title='bbox 183 2370 396 2405; x_wconf 88' lang='lat' dir='ltr'>cuturum.</span> <span class='ocrx_word' id='word_1_260' title='bbox 447 2364 526 2406; x_wconf 84' lang='lat' dir='ltr'>His</span> <span class='ocrx_word' id='word_1_261' title='bbox 560 2364 755 2421; x_wconf 79' lang='lat' dir='ltr'>at[a]que</span> <span class='ocrx_word' id='word_1_262' title='bbox 788 2368 1090 2408; x_wconf 85' lang='lat' dir='ltr'>consentaneis</span> <span class='ocrx_word' id='word_1_263' title='bbox 1124 2367 1256 2408; x_wconf 87' lang='lat' dir='ltr'>modis</span> <span class='ocrx_word' id='word_1_264' title='bbox 1291 2367 1512 2408; x_wconf 86' lang='lat' dir='ltr'>uniuersos</span> <span class='ocrx_word' id='word_1_265' title='bbox 1545 2366 1646 2408; x_wconf 85' lang='lat' dir='ltr'>affa-</span> 
     </span>
     <span class='ocr_line' id='line_1_43' title="bbox 180 2423 1645 2477; baseline 0.001 -14"><span class='ocrx_word' id='word_1_266' title='bbox 180 2427 262 2463; x_wconf 69' lang='lat' dir='ltr'>tus·</span> <span class='ocrx_word' id='word_1_267' title='bbox 295 2436 553 2477; x_wconf 76' lang='lat' dir='ltr'>propensam</span> <span class='ocrx_word' id='word_1_268' title='bbox 587 2423 807 2465; x_wconf 77' lang='lat' dir='ltr'>Danorum</span> <span class='ocrx_word' id='word_1_269' title='bbox 840 2423 967 2466; x_wconf 84' lang='lat' dir='ltr'>fidem</span> <span class='ocrx_word' id='word_1_270' title='bbox 1001 2425 1152 2466; x_wconf 80' lang='lat' dir='ltr'>(irecie</span> <span class='ocrx_word' id='word_1_271' title='bbox 1197 2425 1452 2467; x_wconf 84' lang='lat' dir='ltr'>conciliauit.</span> <span class='ocrx_word' id='word_1_272' title='bbox 1516 2423 1645 2466; x_wconf 85' lang='lat' dir='ltr'>Cuius</span> 
     </span>
     <span class='ocr_line' id='line_1_44' title="bbox 182 2480 1647 2536; baseline 0.003 -16"><span class='ocrx_word' id='word_1_273' title='bbox 182 2480 240 2521; x_wconf 88' lang='lat' dir='ltr'>rei</span> <span class='ocrx_word' id='word_1_274' title='bbox 271 2480 503 2534; x_wconf 56' lang='lat' dir='ltr'>impurator</span> <span class='ocrx_word' id='word_1_275' title='bbox 544 2495 619 2536; x_wconf 85' lang='lat' dir='ltr'>per</span> <span class='ocrx_word' id='word_1_276' title='bbox 662 2481 918 2523; x_wconf 83' lang='lat' dir='ltr'>subornatos</span> <span class='ocrx_word' id='word_1_277' title='bbox 966 2483 1126 2524; x_wconf 84' lang='lat' dir='ltr'>cercior</span> <span class='ocrx_word' id='word_1_278' title='bbox 1158 2482 1316 2530; x_wconf 83' lang='lat' dir='ltr'>factus,</span> <span class='ocrx_word' id='word_1_279' title='bbox 1360 2483 1468 2524; x_wconf 83' lang='lat' dir='ltr'>falso</span> <span class='ocrx_word' id='word_1_280' title='bbox 1501 2482 1647 2525; x_wconf 83' lang='lat' dir='ltr'>Grecis</span> 
     </span>
     <span class='ocr_line' id='line_1_45' title="bbox 181 2538 1645 2596; baseline 0.003 -17"><span class='ocrx_word' id='word_1_281' title='bbox 181 2538 395 2593; x_wconf 88' lang='lat' dir='ltr'>sapiencie</span> <span class='ocrx_word' id='word_1_282' title='bbox 428 2539 748 2592; x_wconf 81' lang='lat' dir='ltr'>prerogatiuam</span> <span class='ocrx_word' id='word_1_283' title='bbox 791 2541 944 2581; x_wconf 77' lang='lat' dir='ltr'>ascribi</span> <span class='ocrx_word' id='word_1_284' title='bbox 989 2541 1150 2595; x_wconf 83' lang='lat' dir='ltr'>inquit,</span> <span class='ocrx_word' id='word_1_285' title='bbox 1191 2540 1303 2596; x_wconf 79' lang='lat' dir='ltr'>qnod</span> <span class='ocrx_word' id='word_1_286' title='bbox 1352 2540 1471 2582; x_wconf 82' lang='lat' dir='ltr'>ducis</span> <span class='ocrx_word' id='word_1_287' title='bbox 1519 2539 1645 2582; x_wconf 89' lang='lat' dir='ltr'>fidem</span> 
     </span>
     <span class='ocr_line' id='line_1_46' title="bbox 183 2597 1645 2652; baseline 0.001 -16"><span class='ocrx_word' id='word_1_288' title='bbox 183 2600 415 2646; x_wconf 68' lang='lat' dir='ltr'>notassent,</span> <span class='ocrx_word' id='word_1_289' title='bbox 436 2597 555 2637; x_wconf 81' lang='lat' dir='ltr'>cuius</span> <span class='ocrx_word' id='word_1_290' title='bbox 577 2603 748 2647; x_wconf 78' lang='lat' dir='ltr'>gentem</span> <span class='ocrx_word' id='word_1_291' title='bbox 771 2598 901 2638; x_wconf 76' lang='lat' dir='ltr'>tocies</span> <span class='ocrx_word' id='word_1_292' title='bbox 920 2598 1101 2640; x_wconf 78' lang='lat' dir='ltr'>alienam</span> <span class='ocrx_word' id='word_1_293' title='bbox 1126 2599 1304 2652; x_wconf 67' lang='lat' dir='ltr'>perfidie</span> <span class='ocrx_word' id='word_1_294' title='bbox 1327 2598 1645 2652; x_wconf 81' lang='lat' dir='ltr'>cognouissent3</span> 
     </span>
     <span class='ocr_line' id='line_1_47' title="bbox 182 2654 1647 2713; baseline 0.003 -18"><span class='ocrx_word' id='word_1_295' title='bbox 182 2654 391 2712; x_wconf 78' lang='lat' dir='ltr'>siquilcin</span> <span class='ocrx_word' id='word_1_296' title='bbox 442 2654 743 2710; x_wconf 73' lang='lat' dir='ltr'>probatissimo</span> <span class='ocrx_word' id='word_1_297' title='bbox 791 2656 1009 2712; x_wconf 81' lang='lat' dir='ltr'>popularis</span> <span class='ocrx_word' id='word_1_298' title='bbox 1059 2656 1301 2700; x_wconf 76' lang='lat' dir='ltr'>constancia</span> <span class='ocrx_word' id='word_1_299' title='bbox 1351 2657 1647 2713; x_wconf 65' lang='lat' dir='ltr'>experimento</span> 
     </span>
    </p>
   </div>
   <div class='ocr_carea' id='block_1_11' title="bbox 1701 453 1796 488">
    <p class='ocr_par' dir='ltr' id='par_1_11' title="bbox 1701 453 1796 488">
     <span class='ocr_line' id='line_1_48' title="bbox 1701 453 1796 488; baseline 0.042 -5"><span class='ocrx_word' id='word_1_300' title='bbox 1701 453 1796 488; x_wconf 81' lang='lat'><strong>(228)</strong></span> 
     </span>
    </p>
   </div>
   <div class='ocr_carea' id='block_1_12' title="bbox 1702 805 1803 838">
    <p class='ocr_par' dir='ltr' id='par_1_12' title="bbox 1702 805 1803 838">
     <span class='ocr_line' id='line_1_49' title="bbox 1702 805 1803 838; baseline 0 -7"><span class='ocrx_word' id='word_1_301' title='bbox 1702 813 1730 838; x_wconf 85' lang='lat' dir='ltr'>p.</span> <span class='ocrx_word' id='word_1_302' title='bbox 1752 805 1803 831; x_wconf 84' lang='lat'>611</span> 
     </span>
    </p>
   </div>
  </div>
 </body>
</html>
