1884 3126
38 926 71 953 10

40 1218 71 1244 15

35 1508 72 1534 ‘20

37 2093 52 2118 3
57 2095 73 2119 Ο

37 2676 72 2703 40

642 289 694 296 ——-
711 300 722 313 .
758 260 897 309 XIIII
958 292 1010 299 -
1471 261 1554 310 515

105 391 230 433 finem
262 391 452 444 adortus,
484 407 589 446 cum,
622 392 785 448 ingenti
817 394 950 450 preda
981 398 1098 446 acta,
1129 393 1183 435 ad
1215 393 1333 435 littus
1364 396 1554 434 reuerte-

105 454 241 502 retur,
282 450 493 506 Rugiani,
536 456 804 506 repetentem
844 467 974 494 naues
1024 452 1257 494 exercitum
1304 450 1552 506 hisdemque

105 507 353 551 scandendis
395 511 605 551 intentum
649 524 672 550 a
718 514 840 564 tergo
886 525 961 566 per
1007 510 1181 552 insidias
1226 509 1552 551 circunfundere

105 567 348 620 gestientes,
371 567 535 623 magnis
567 568 729 609 uiribus
761 569 803 610 in
824 569 1007 610 insulam
1029 584 1051 611 e
1075 568 1306 610 continenti
1328 567 1553 609 traiiciunt.

105 625 189 666 Per
219 624 332 666 idem
364 633 531 681 tempus
554 631 700 667 coorta
732 627 886 668 nebule
918 628 981 668 uis
1003 627 1183 682 spissam
1206 627 1296 668 celo
1329 626 1553 680 caliginem

103 683 296 726 intendit.
361 684 454 733 Que
486 699 553 726 res
583 684 765 726 incertos
798 686 867 726 uie
890 685 1036 727 Danos
1069 691 1196 740 atque
1220 698 1362 725 errore
1394 684 1553 726 nebule

103 741 342 795 implicatos
373 742 618 798 aliquandiu
649 743 878 784 subsistere
911 744 1063 798 coegit.
1143 742 1405 791 lrediderim,
1438 742 1551 784 hunc

104 802 212 840 aeris
245 800 436 842 habitum
469 799 678 857 pro*picie
717 801 888 843 fortune
927 802 1173 843 interuentu
1212 800 1357 842 future
1400 814 1547 842 eorum

103 858 281 900 uictorie
311 860 519 914 paruisse.
567 859 744 915 Iamque
771 859 925 911 Sclaui,
959 860 1056 915 quia
1078 859 1257 901 nubium
1284 860 1288 910 Ι
1318 858 1551 900 obscuritas

101 917 340 971 prospicere
371 931 456 958 non
487 918 667 970 sinebat,
701 919 891 972 caliginis
924 932 1065 959 errore
1099 917 1303 973 protracti
1324 917 1365 958 in
1388 917 1551 958 medios

103 975 235 1017 ferme
271 975 411 1017 hostes
434 975 684 1029 inciderant,
718 990 825 1029 cum,
859 976 999 1018 subito
1036 976 1225 1017 discussa
1259 975 1347 1016 sole
1382 975 1552 1027 nebula,

104 1033 314 1074 exercitus
355 1048 486 1089 prope
526 1034 699 1076 modum
743 1039 960 1077 consertos
1001 1033 1226 1090 aspiceres.
1300 1032 1420 1074 Tunc
1462 1033 1552 1074 Pri-

104 1091 287 1145 sclauus,
321 1092 419 1132 olim
451 1107 474 1134 e
508 1092 679 1134 Sclauia
710 1093 930 1148 profugus,
974 1107 1082 1148 equo
1116 1091 1370 1148 prouolans,
1403 1091 1552 1133 adesse

104 1149 309 1191 barbaros
355 1149 598 1206 factamque
628 1151 761 1193 Danis
795 1156 940 1207 optate
973 1165 1114 1206 pugne
1147 1150 1334 1205 copiam,
1366 1150 1553 1202 nunciat,

103 1208 335 1249 exhortans
368 1222 513 1250 omncs
536 1209 736 1250 inuictam
760 1208 908 1251 Danici
930 1210 1109 1250 nominis
1134 1207 1310 1250 emulari
1334 1208 1548 1250 uirtutem.

104 1264 373 1321 Responsum
406 1280 431 1308 a
461 1281 562 1321 rege
592 1272 668 1320 est,
700 1274 944 1324 reperturos
977 1269 1140 1319 hostes,
1174 1266 1245 1322 qui
1276 1265 1411 1307 fatum
1445 1265 1549 1321 fuge

104 1324 294 1379 preferre
338 1326 524 1379 cupiant.
596 1325 732 1380 Igitur
774 1327 908 1379 Dani,
953 1340 1135 1382 quorum
1166 1324 1327 1366 animos
1370 1337 1550 1379 preceps

109 1382 204 1422 belli
246 1382 399 1438 cupido
442 1384 710 1438 exagitabat,
754 1389 893 1440 preter
936 1383 1150 1439 usi[}tatu111
1191 1396 1334 1438 pugne
1376 1396 1549 1434 morem,

105 1439 289 1482 confusis
333 1442 551 1496 copiarum
593 1441 834 1494 ordinibus,
864 1445 1115 1499 conspectos
1159 1441 1301 1483 hostes
1332 1441 1551 1482 incursare

104 1504 320 1553 ceperunt.
370 1498 462 1541 Nec
498 1499 658 1541 tardior
689 1501 867 1542 uictoria
890 1515 1013 1556 quam
1037 1501 1219 1556 impetus
1250 1498 1341 1549 fuit,
1364 1512 1551 1553 pugnam

104 1557 208 1608 fuga
248 1559 591 1611 precum-entibus
633 1558 805 1600 Sclauis.
867 1559 918 1601 In
960 1574 1042 1615 quo
1085 1571 1289 1613 procursu
1332 1556 1415 1598 duo
1447 1558 1550 1611 regii

104 1614 255 1656 milites
287 1615 345 1657 ita
388 1616 497 1658 inter
539 1632 601 1658 sc·
626 1617 811 1659 fortuitis
844 1631 1048 1673 equorum
1090 1616 1342 1672 impulsibus
1375 1628 1550 1656 coneur-

104 1677 262 1726 rerunt,
295 1679 342 1715 ut
374 1680 553 1730 uterque
586 1689 794 1717 excussus
834 1679 1187 1731 prosterneretur.
1261 1675 1397 1728 Super
1445 1687 1551 1728 quos

104 1746 205 1783 reX,
252 1737 476 1774 corruente
508 1747 640 1788 equo,
681 1734 741 1775 ita
771 1735 1048 1790 precipitatus
1090 1738 1172 1784 est,
1216 1738 1265 1775 ut
1305 1732 1426 1773 leuus
1460 1731 1549 1773 eius

55 1801 71 1825 Γ»
103 1789 283 1843 cubitus,
317 1796 491 1845 pertuso
516 1791 680 1847 clypeo,
703 1796 814 1834 terre
836 1793 966 1833 alcius
996 1792 1256 1846 infigeretur.
1300 1788 1551 1844 Absalon<i>

105 1848 246 1902 itaque
279 1849 467 1902 erigendi
501 1850 591 1891 eius
634 1851 776 1904 gracia
817 1850 1073 1892 descendere
1108 1850 1289 1905 cupienti
1322 1861 1464 1900 manu,
1498 1862 1549 1889 ne

104 1906 367 1959 subsisteret,
412 1907 570 1958 innuit,
615 1908 793 1950 feliciter
825 1923 869 1950 se
900 1909 1065 1964 lapsum
1098 1912 1323 1964 reputans,
1357 1907 1389 1947 si
1423 1905 1548 1946 modo

105 1964 291 2006 hostium
335 1965 525 2007 cladibus
569 1966 848 2009 attolleretur.
924 1967 1008 2009 Sed
1056 1966 1120 2007 hie
1166 1970 1346 2007 euentus
1390 1963 1550 2006 tristior

105 2023 243 2077 specie
284 2037 410 2078 quam
452 2024 591 2066 omine
631 2023 721 2067 fuit.
792 2025 924 2080 Regis
965 2039 1146 2080 namque
1193 2025 1338 2080 lapsus
1385 2022 1550 2063 hostilis

104 2081 224 2121 ruine
255 2082 498 2136 presagium
539 2082 678 2124 edidit.
743 2083 910 2139 Quippe
942 2084 1129 2140 superati
1171 2083 1259 2124 sine
1290 2081 1422 2137 prelio
1455 2080 1550 2121 bar-

105 2139 194 2179 bari
237 2140 410 2194 impune
452 2140 768 2184 obterebantur.
843 2143 1031 2190 Quorum
1070 2155 1225 2195 magna
1263 2153 1360 2196 pars
1398 2138 1548 2190 sinum,

103 2210 180 2251 per
212 2211 335 2252 quem
378 2199 618 2251 traiecerat,
662 2200 828 2241 auidius
859 2205 1081 2255 repetens,
1123 2200 1303 2241 salutem
1335 2197 1377 2237 in
1409 2196 1547 2248 undis,

105 2268 231 2309 quam
263 2256 493 2309 querebat,
534 2258 694 2310 amisitg
736 2271 812 2299 nec
853 2259 987 2300 minor
1030 2257 1227 2299 fluctibus
1268 2268 1392 2311 quam
1433 2253 1547 2296 ferro

103 2313 434 2368 periclitancium
475 2329 676 2356 numerus
718 2316 870 2359 extitit.
931 2317 1062 2368 Pars,
1095 2330 1177 2371 quo
1211 2316 1346 2356 tucius
1382 2313 1546 2352 hostem

57 2383 68 2407 .·
103 2371 276 2421 uitaret,
319 2386 391 2413 ore
430 2377 553 2414 tenus
597 2373 648 2414 de
680 2373 885 2415 industria
925 2375 1045 2430 aquis
1089 2387 1242 2428 corpus
1273 2373 1547 2412 immerserat.

104 2427 317 2470 Nec‘hoc
362 2430 530 2485 quidem
577 2431 722 2472 auxilii
765 2446 920 2486 genus,
971 2446 1053 2488 quo
1097 2433 1233 2472 minus
1273 2445 1297 2470 a
1340 2428 1474 2469 Danis
1505 2427 1545 2469 in

107 2486 255 2528 eadem
297 2488 407 2529 uada.
446 2487 798 2530 descendentibus
840 2490 1204 2542 interimerentur,
1246 2486 1453 2528 latebram
1488 2486 1545 2527 eis

104 2550 294 2599 prestare
325 2547 476 2601 potuit.
539 2546 752 2602 Cumque,
786 2549 936 2590 ceteris
975 2549 1085 2589 intra
1127 2555 1280 2602 aquam
1312 2544 1549 2600 prostratis,

106 2617 214 2644 unus
252 2604 415 2656 adhuc,
457 2605 670 2646 occultum
710 2605 889 2661 pedibus
931 2620 1081 2648 saxum
1126 2603 1397 2659 complexuS,
1435 2603 1548 2643 socie

103 2663 233 2717 stragi
273 2675 496 2718 superesse
539 2662 777 2717 uideretur,
814 2663 1025 2718 Absalon,
1066 2662 1268 2704 milit-ibus
1312 2660 1363 2700 ad
1407 2661 1547 2715 oppri-

1342 2727 1410 2767 33*

1604 800 1709 828 Chllb

1609 868 1636 892 p.
1657 859 1707 887 753

1611 1387 1705 1421 (290)
