1884 3126
146 899 176 926 10

148 1190 176 1216 15

137 1482 175 1508 20

139 2062 176 2088 30

139 2351 175 2378 35

139 2643 174 2672 40

795 232 1067 275 —X—
1575 233 1658 274 349

207 363 413 407 audacter
445 367 616 418 agente,
647 361 848 418 ignauum
880 362 1063 416 gessisse
1085 362 1261 403 militem
1284 362 1544 415 uiderentur,
1579 376 1663 417 quo

207 422 447 479 prompcius
487 423 530 463 in
573 435 690 474 eam,
738 433 864 475 quam
908 419 1049 462 hostes
1095 426 1435 474 occupauerant,
1483 421 1663 461 insulam

207 481 476 533 traiicerent,
519 479 644 520 aliam
678 478 818 520 eidem
850 478 1032 519 uicinam
1063 478 1268 532 ingressi,
1310 479 1498 520 medium
1530 479 1663 519 amnis

208 540 399 594 spacium
432 537 719 579 contabulatis
750 536 934 578 molibus
967 540 1175 578 sternunt.
1222 536 1315 578 Illic
1346 537 1553 592 siquidem
1587 537 1663 578 flu-

207 599 315 648 uius,
347 596 480 638 lacius
506 595 774 637 manantibus
807 594 939 649 aquis,
973 594 1108 635 amnis
1141 594 1315 635 modum
1348 595 1570 644 excedens,
1603 596 1663 636 iu-

207 655 345 711 gentis
378 655 522 709 stagni
555 654 740 710 speciem
774 653 940 708 prebet.
987 652 1095 693 Tum
1119 651 1233 693 Vluo
1267 667 1380 706 suos,
1412 668 1467 694 ne
1499 653 1662 695 hostem

208 717 328 769 cepto
374 713 675 766 deturbarent,
708 709 1001 762 ammo‘ssnitos,
1045 710 1324 752 traiicientem
1364 711 1457 753 telis
1497 712 1660 753 eminus

207 786 256 813 ac
279 772 442 825 sagittis
466 772 680 812 incessere
703 770 835 821 iubet,
870 769 1061 810 futurum
1094 769 1235 810 taliter
1265 769 1473 825 inquiens,
1508 775 1553 811 ut
1574 771 1663 825 ipse

209 844 287 872 sua
319 829 397 871 sibi
429 843 557 871 manu
592 828 783 870 ultimam
815 827 895 869 fati
927 828 1120 869 semitam
1166 831 1362 870 strueret.
1424 828 1661 884 Progresso

208 902 310 930 uero
333 887 503 942 longius
531 901 674 943 opere,
705 885 839 928 ueluti
871 893 1043 927 nostros
1076 885 1254 927 transitu
1286 886 1589 941 prohibiturus,
1621 886 1662 926 in

208 946 390 988 aduersa
412 945 503 1001 ripa
526 945 783 1001 pbalangem
807 943 1005 1000 explicat.
1050 943 1146 992 Quo
1170 944 1260 985 uiso
1283 944 1409 998 Dani,
1429 945 1661 987 traiiciendi

209 1004 450 1059 cupidiores
483 1003 634 1054 effecti,
666 1002 916 1058 frequentes
950 1016 1186 1044 onerauere
1220 1007 1406 1057 pontem.
1445 1003 1527 1044 Vbi
1562 1003 1659 1044 dum

210 1062 416 1114 conserti,
458 1061 556 1114 sed,
598 1062 640 1103 in
682 1074 806 1116 quam
849 1061 1136 1115 periculosum
1178 1061 1258 1101 iter
1289 1061 1660 1116 progrederentur,

206 1121 343 1176 ignari
367 1120 526 1162 bellum
546 1120 755 1161 instanter
776 1122 997 1174 appetunt,
1030 1119 1171 1161 subito
1205 1118 1423 1161 desidente
1449 1120 1660 1174 congerie,

207 1180 319 1221 inter
350 1178 488 1220 undas
521 1177 696 1219 auidum
725 1191 872 1233 pugne
904 1177 1101 1232 spiritum
1134 1176 1441 1232 deposuerunt.
1486 1177 1662 1233 Siquem

209 1250 309 1279 uero
334 1235 403 1291 (ut
424 1236 465 1277 in
490 1250 539 1277 eo
564 1235 806 1277 discrimine
829 1235 1021 1277 accidere
1044 1234 1175 1290 solet)
1200 1236 1330 1277 semel
1364 1236 1417 1276 ad
1450 1250 1659 1277 summum

206 1296 361 1337 fluctus
393 1293 554 1346 retulit,
590 1295 785 1350 protinus
808 1294 979 1335 alterius
1011 1290 1297 1348 amplexiflbus
1330 1291 1583 1349 implicatus,
1616 1294 1657 1334 iu

206 1353 466 1409 profundum
496 1353 712 1405 periturus
743 1351 1086 1394 abstrahebatur.
1146 1351 1214 1393 Ita
1246 1352 1345 1393 dum
1378 1352 1499 1393 mixti
1532 1357 1658 1407 atquc

208 1412 313 1452 alius
345 1411 415 1453 alii
456 1410 710 1452 coherentes
753 1410 934 1451 inuicem
980 1425 1105 1466 opem
1149 1410 1350 1465 exigunt,
1399 1415 1546 1451 mutuo
1580 1411 1657 1451 sibi

206 1470 389 1511 exicium
412 1472 681 1524 pepererunt,
714 1473 769 1521 et,
801 1482 927 1523 quem
959 1469 1109 1511 salutis
1141 1469 1234 1523 quis
1267 1475 1484 1510 auctorem
1517 1469 1657 1523 peciit,

207 1527 415 1569 infelicem
462 1526 540 1567 fati
586 1527 782 1568 comitem
831 1526 991 1569 habuit.
1054 1527 1206 1582 Neque
1253 1526 1390 1577 enim,
1444 1541 1657 1568 armorum

206 1585 396 1641 pondere
426 1584 574 1640 pressi,
605 1589 742 1626 tutum
774 1585 948 1626 natandi
981 1590 1183 1627 euentum
1217 1586 1387 1639 assequi
1410 1591 1656 1639 potuerunt.

207 1644 273 1685 Ita
306 1643 445 1696 Vluo,
467 1644 470 1647 ’
490 1642 712 1685 Danorum
745 1642 949 1698 deceptor
981 1645 1116 1696 magis
1149 1657 1275 1698 quam
1318 1644 1476 1695 uictor,
1521 1644 1658 1685 aliena

208 1702 460 1754 temeritate,
493 1701 608 1756 quod
632 1700 811 1756 propriis
844 1701 1005 1743 uiribus
1037 1702 1254 1757 nequibat,
1288 1701 1483 1752 obtinuit,
1518 1702 1657 1742 certis-

159 1772 172 1796 '›
205 1760 352 1801 simam
378 1760 563 1800 hostium
585 1760 785 1800 uirtutem
808 1759 1019 1801 salubrius
1045 1760 1319 1802 cunctacione
1352 1773 1497 1815 pugne
1530 1774 1656 1814 quam

205 1819 365 1873 impetu
398 1818 698 1872 proculcando.
754 1817 882 1859 Cuius
913 1819 1113 1860 facinoris
1145 1818 1428 1860 insecuturam
1461 1824 1657 1860 metuens

206 1877 431 1927 ulcionem,
466 1876 576 1931 quod
609 1875 686 1916 sibi
720 1875 815 1916 hinc
848 1876 1023 1918 classem
1059 1877 1245 1928 obstare,
1277 1876 1374 1918 inde
1407 1890 1550 1930 regem
1583 1877 1657 1917 im-

208 1935 364 1976 minere
387 1942 404 1982 j}
427 1934 708 1988 conspiceret,
741 1934 889 1976 salutis
924 1934 1154 1976 obtinende
1187 1935 1404 1977 consilium
1428 1939 1473 1975 ut
1497 1935 1657 1976 uiribus

207 1992 389 2043 difficile,
419 1992 479 2032 ita
511 1997 603 2034 arte
637 1992 995 2047 promptissimum
1028 1994 1229 2048 repperit.
1274 1992 1444 2047 Fugam
1474 2007 1656 2048 namque

206 2050 459 2105 diligencius
491 2051 631 2091 animo
665 2050 1003 2105 circunspiciens,
1037 2065 1131 2093 cum
1164 2051 1335 2091 unicum
1368 2051 1459 2092 eius
1488 2051 1657 2092 diuerti-

207 2109 347 2150 culum
379 2108 422 2148 in
455 2108 598 2149 classis
631 2108 878 2150 desercione
909 2113 1071 2150 restare
1112 2109 1482 2160 animaduerteret,
1517 2114 1656 2160 noctu,

206 2166 436 2208 maioribus
467 2165 650 2220 nauigiis
681 2166 864 2220 relictis,
896 2168 938 2208 in
970 2168 1213 2222 proximam
1244 2168 1378 2221 ripam
1413 2168 1656 2208 uniuersum

205 2224 372 2279 scaphis
404 2222 569 2265 traiecit
601 2224 851 2278 exercitum,
884 2226 1031 2281 sicque
1067 2225 1330 2267 clandestino
1362 2239 1531 2266 secessu
1556 2239 1656 2266 usus

205 2283 388 2337 potitum
433 2281 608 2323 latebris
656 2296 808 2336 agmen
855 2283 1042 2324 abducit.
1104 2283 1302 2324 Diluculo
1356 2283 1496 2335 Dani,
1544 2284 1656 2325 socie

207 2340 335 2381 cladis
367 2340 575 2382 ulcionem
610 2340 776 2382 auidius
807 2341 1030 2395 sicientes,
1065 2341 1163 2382 dum
1194 2342 1237 2382 in
1271 2341 1451 2383 hostium
1486 2342 1658 2395 nauigia

203 2402 356 2450 ruunt,
401 2397 547 2439 eadem
579 2405 900 2452 propugnatore
932 2413 1072 2440 uacua
1102 2400 1333 2454 reperiunt.
1395 2399 1517 2453 Rex,
1561 2400 1653 2440 lacu

205 2456 375 2498 lustrari
406 2456 536 2508 iusso,
570 2470 800 2498 mersorum
824 2470 1002 2512 corpora
1025 2458 1145 2499 uncis
1168 2462 1241 2498 aut
1265 2457 1507 2498 euerriculis
1531 2463 1656 2512 capta

205 2514 317 2569 apud
341 2515 489 2566 Asum,
522 2514 768 2567 contiguum
791 2516 904 2556 amni
927 2515 1143 2570 oppidum,
1175 2516 1382 2570 supremis
1409 2516 1655 2570 procui-uuit

207 2571 366 2613 officiis.
412 2572 596 2613 Olauum
630 2586 731 2612 uero
764 2586 839 2627 per
863 2572 1220 2628 Noruagiensium
1246 2572 1452 2629 quosdam
1474 2574 1655 2628 pecunia

205 2643 230 2671 a
260 2645 305 2672 se
337 2635 561 2686 corruptos
594 2629 826 2671 domestico
861 2631 974 2672 bello
1008 2631 1333 2687 opprimendum
1366 2632 1543 2672 curauit.
1587 2631 1654 2675 Ita

1707 716 1819 744 Cllll¹¹

1718 1318 1743 1340 p,
1766 1309 1817 1335 5¹20

1715 1947 1809 1981 (ieci
