1884 3126
263 199 344 242 222
823 221 876 227 —
936 195 1024 238 VII
1083 220 1136 227 ——

267 328 361 370 culo
393 326 607 383 publicum
639 326 828 368 redimat.
891 324 955 367 Eo
994 325 1144 368 deinde
1174 323 1483 382 respondente,
1514 324 1699 381 legitime

266 385 553 427 dimicacionis
607 384 784 426 formam
841 383 1022 425 duorum
1077 398 1297 425 numerum
1353 383 1560 425 excedere
1613 397 1697 424 non

262 444 439 496 debere,
473 443 532 483 nil
564 442 821 495 mirandum,
854 442 989 496 inquit
1020 441 1250 496 Syualdus,
1283 441 1496 483 hominem
1524 440 1698 482 celibem

261 502 466 556 proleque
499 514 679 542 uacuum
714 500 877 541 oblatos
910 499 1145 541 detrectare
1183 513 1448 555 congressus,
1480 498 1545 539 cui
1577 498 1699 551 inops

214 584 229 609 ς,
261 559 409 600 caloris
441 561 592 599 natura
624 557 811 599 deforme
843 557 1027 612 eorporis
1058 557 1267 613 animique
1298 557 1431 611 frigus
1467 556 1699 598 incusserit.

198 868 230 894 10

194 1502 230 1529 20

194 2138 230 2164 30

261 616 350 658 Nec
383 616 541 657 liberos
563 615 615 657 ab
648 629 697 657 eo
722 615 912 657 diuersos
935 615 1133 667 existere,
1166 628 1290 669 quem
1313 629 1387 655 sue
1410 614 1698 669 generacionis

261 679 479 716 auctorem
501 673 739 725 habuerint,
773 672 887 728 quod
918 674 970 714 ab
1001 673 1093 728 ipso
1117 686 1339 715 commune
1361 670 1559 714 nascendi
1589 672 1700 726 prin-

262 732 415 787 cipium
452 732 671 773 traxerint.
749 731 815 772 Ita
855 745 900 772 se
943 743 991 771 ac
1033 730 1143 772 filios
1184 731 1309 772 unius
1347 730 1527 772 hominis
1565 729 1658 770 loco
1692 726 1697 783 l

262 789 496 831 censendos
530 804 637 841 esse,
670 788 821 844 quibus
862 788 995 830 ueluti
1025 803 1157 829 unum
1189 802 1341 844 corpus
1381 802 1406 829 a
1436 792 1585 828 natura
1630 787 1698 828 tri-

261 848 412 888 butum
433 847 643 889 uideatur.
696 846 825 888 Cuius
848 846 1026 888 conuicii
1047 845 1201 888 rubore
1223 850 1440 901 permotus
1463 844 1699 896 Haldanus,

260 906 564 961 prouocacioni
610 918 760 959 parere
801 905 931 959 cepit,
978 908 1065 944 tam
1107 904 1451 946 contumeliosam
1499 902 1700 943 celibatus

261 963 643 1019 exprobracionem
706 962 887 1017 egregiis
949 961 1114 1003 uirtutis
1176 961 1372 1017 operibus
1433 965 1701 1016 pensaturus.

262 1021 454 1076 Cumque
485 1036 560 1076 per
593 1034 770 1074 opacam
800 1020 908 1061 forte
940 1020 1123 1061 nemoris
1163 1020 1405 1074 indaginem
1436 1018 1698 1073 graderetur,

261 1079 478 1120 herentem
521 1078 656 1120 obiter
698 1091 898 1132 quercum
938 1076 1066 1118 humo
1106 1076 1304 1119 radicitus
1344 1077 1476 1128 eruit,
1516 1075 1699 1131 solisque

216 1156 230 1180 ς
261 1137 486 1192 spoliatam
527 1136 652 1177 ramis
686 1135 728 1176 in
773 1134 951 1176 solidam
983 1135 1101 1175 claue
1142 1135 1324 1190 speciem
1367 1133 1698 1176 transformauit.

263 1195 357 1243 Quo
391 1194 627 1249 gestamine
660 1192 806 1246 fretus,
839 1193 911 1233 tali
944 1206 1110 1234 carmen
1143 1192 1353 1234 breuitate
1387 1191 1619 1246 compegit:

319 1306 383 1348 En
414 1306 533 1360 rude,
565 1305 678 1361 quod
709 1305 891 1360 gerimus
924 1304 1080 1346 obnixo
1113 1306 1282 1358 uertice,
1314 1305 1480 1361 pondus
1522 1333 1525 1334 ν

374 1364 566 1406 Vulnera
595 1363 825 1405 uerticibus
857 1363 1122 1418 exiciumque
1152 1362 1273 1405 feret.

320 1421 545 1477 Sedneque
578 1421 766 1463 frondosi
797 1425 1014 1476 gestamen
1046 1420 1208 1463 roboris
1239 1421 1370 1462 ullum

377 1480 528 1522 Omine
561 1479 767 1521 Gotenses
800 1478 1033 1520 horridiore
1063 1482 1240 1534 premet.

319 1537 469 1579 Ardua
501 1538 756 1579 comminuet
786 1536 933 1578 nodosi
963 1537 1119 1578 robora
1151 1537 1260 1591 colli,

376 1594 433 1637 Et
463 1610 569 1638 caua
600 1595 784 1637 siluestri
816 1599 1007 1649 tempora
1038 1594 1149 1636 mole
1179 1598 1298 1636 teret.

320 1653 456 1695 Claua
487 1652 657 1708 quidem
693 1667 842 1694 seuum
876 1648 1013 1708 patrie
1041 1652 1253 1693 domitura
1283 1651 1468 1693 furorem

376 1710 506 1753 Nulla
536 1712 668 1766 magis
701 1711 841 1752 Suetis
872 1709 1059 1752 exicialis
1092 1711 1193 1764 erit3

319 1769 429 1812 Ossa
459 1769 648 1818 domans,
678 1770 926 1824 lacerosque
955 1768 1093 1809 uirum
1124 1767 1315 1809 libranda
1345 1782 1423 1823 per
1454 1772 1569 1810 artus

376 1827 512 1882 Impia
541 1831 744 1883 prerupto
776 1826 920 1881 stipite
951 1831 1071 1880 terga
1101 1831 1275 1881 premet,

321 1884 537 1938 Cognatos
567 1899 766 1939 pressura
796 1885 920 1937 lares,
949 1884 1094 1925 fusura
1125 1898 1317 1925 cruorem

379 1942 510 1996 Ciuis,
544 1947 586 1983 et
615 1943 656 1984 in
687 1942 864 1998 patriam
895 1942 1133 1998 perniciosa
1163 1942 1267 1984 lues.

264 2058 343 2099 His
366 2058 486 2100 dictis
510 2057 744 2114 Syualdum
769 2072 861 2099 cum
884 2061 1046 2113 septem
1071 2057 1164 2098 filiis
1190 2060 1455 2109 attentatum,
1478 2056 1702 2098 acerrimas

263 2130 408 2158 eorum
441 2117 551 2158 uires
584 2116 740 2158 eximia
776 2116 896 2157 claue
928 2115 1040 2157 mole
1072 2115 1311 2168 frustratus,
1351 2114 1485 2155 exicio
1517 2114 1699 2156 tradidit.

397 2174 462 2215 Ea
507 2177 760 2228 tempestate
805 2172 1080 2214 Harthbenus
1125 2172 1322 2228 quidam,
1369 2172 1422 2213 ab
1465 2170 1701 2228 Helsyngia

264 2232 460 2284 ueniens,
505 2237 649 2287 raptas
695 2245 842 2285 regum
893 2230 998 2272 filias
1050 2235 1197 2286 stupro
1242 2229 1386 2271 fedare
1430 2229 1563 2283 glorie
1607 2230 1700 2270 loco

263 2290 457 2343 ducebat,
488 2289 607 2331 illum
638 2290 847 2344 perimere
879 2289 1039 2340 solitus,
1071 2303 1094 2329 a
1126 2302 1207 2343 quo
1245 2287 1490 2343 peragende
1522 2286 1701 2329 Veneris

263 2362 341 2389 usu
390 2347 704 2403 prohiberetur,
749 2347 933 2388 illustres
982 2346 1155 2401 nupcias
1200 2345 1427 2387 humilibus
1473 2345 1727 2400 p1·eferenS‚'

217 2427 231 2451 ς
262 2409 468 2460 tantoque
512 2419 556 2447 se
603 2405 823 2446 clariorem
859 2401 1142 2454 existimans,
1188 2408 1344 2458 quanto
1395 2402 1701 2458 splendidiores

263 2463 512 2504 concubitus
562 2476 637 2518 per
686 2462 771 2503 uim
821 2462 989 2517 assequi
1039 2462 1263 2517 potuisset.
1353 2459 1442 2502 Nec
1493 2460 1700 2502 ulcionem

266 2520 424 2575 effugit,
455 2521 525 2576 qui
557 2534 602 2561 se
632 2521 670 2561 ei
702 2520 1019 2576 comparacione
1050 2519 1217 2561 uirtutis
1240 2532 1396 2573 equare
1427 2521 1700 2574 presumeret.

264 2578 403 2619 Tanta
433 2592 534 2620 uero
558 2578 741 2634 corporis
772 2577 1063 2632 magnitudine
1087 2581 1189 2631 erat,
1222 2582 1270 2618 ut
1300 2576 1398 2640 .1X.(
1426 2576 1575 2618 cubitis
1607 2588 1702 2631 pro-

1753 1776 1845 1810 (124)
