1884 3126
208 866 239 891 10

206 1154 239 1181 15

202 1443 240 1469 20

204 2021 241 2049 30

207 2311 243 2337 35

207 2601 244 2630 40

273 212 356 252 568
814 229 866 233 —
925 202 1066 244 XIIII
1127 226 1179 232 —-

272 336 399 390 igitur
424 334 537 374 urbis
569 346 651 372 non
683 330 817 384 magis
841 344 915 370 rex
949 329 1209 370 munimenta
1242 343 1367 384 quam
1392 330 1496 370 ritus
1522 334 1713 372 euertere

273 393 455 447 cupiens,
485 390 678 431 uniuersc
701 387 839 442 Rugie
872 387 1070 442 profanos
1103 387 1238 428 cultus
1271 388 1359 428 eius
1390 387 1553 428 excidio
1586 387 1718 429 deleri

272 463 394 504 posse
436 446 731 488 arbitrabatur.
803 443 952 500 Neque
993 445 1105 486 enim
1148 444 1323 488 dubium
1354 444 1559 497 habebat,
1603 446 1716 500 quin,

273 510 466 549 exstante
504 504 752 557 simulacro,
785 503 951 544 facilius
990 503 1127 557 gentis
1161 503 1299 543 menia
1341 517 1466 557 quam
1498 504 1718 558 sacrilegia

272 565 555 605 domarentur.
617 561 769 616 Itaque
810 575 891 616 quo
933 561 1045 602 ocius
1077 561 1440 615 expugnacionem
1482 567 1717 616 perageret,

272 623 488 676 ingentem
527 620 739 674 lignorum
770 619 1012 668 materiam,
1045 618 1248 660 faciendis
1281 618 1483 660 machinis
1521 623 1718 674 opportu-

271 693 385 732 nam,
419 691 574 732 magna
605 691 700 718 cum
731 677 863 718 tocius
894 676 1104 718 exercitus
1135 676 1394 730 fatigacione
1425 677 1673 732 propinquis
1696 692 1718 718 e

271 736 386 778 siluis
420 735 647 790 petendam
679 735 855 776 curauit.
918 734 1080 782 Quibus
1111 734 1212 775 dum
1252 734 1432 776 artifices
1475 735 1719 790 coaptandis

271 793 559 846 intenderent,
602 792 758 834 frustra
804 792 867 833 his
908 792 1033 833 rebus
1075 806 1247 846 operam
1289 791 1390 833 dare
1436 793 1718 842 asseuerabat‚

269 855 436 907 sperato
475 851 601 892 cicius
644 851 792 891 urbem
833 854 1040 904 capturos
1102 849 1421 904 Interrogatus,
1459 864 1644 905 quonam
1675 851 1719 892 id

270 909 446 964 augurio
478 908 787 964 deprehensum
820 907 1012 960 haberet,
1045 922 1099 949 ex
1119 907 1197 949 hoc
1223 908 1488 963 potissimum
1519 909 1719 963 augurari

270 982 314 1009 se
358 967 491 1019 dixit,
532 966 646 1022 quod
688 965 899 1020 Rugiani,
940 965 1154 1021 quondam
1193 979 1218 1006 a
1262 965 1419 1007 Karolo
1451 965 1605 1007 Oesare
1647 981 1719 1008 ex-

272 1025 472 1080 pugnati,
505 1029 780 1078 sanctumque
819 1022 970 1078 Vitum
1002 1022 1354 1078 Coruegiensem,
1387 1024 1586 1078 religiosa
1618 1038 1718 1066 nece

270 1083 492 1137 insignem,
526 1082 694 1123 tributis
726 1082 866 1122 colere
899 1081 1010 1132 iussi,
1043 1080 1242 1122 defuncto
1273 1081 1445 1134 uictore,
1480 1082 1718 1124 libertatem

271 1154 492 1196 reposcere
526 1140 754 1195 cupientes,
788 1139 1035 1181 seruitutem
1062 1139 1366 1194 supersticione
1398 1144 1626 1188 mutarunt,
1658 1140 1719 1181 in-

272 1199 415 1240 stituto
448 1198 561 1239 domi
593 1198 840 1247 simulacro,
874 1197 987 1252 quod
1029 1197 1161 1238 sancti
1192 1195 1284 1238 Viti
1314 1197 1518 1239 uocabulo
1550 1212 1720 1239 censue-

270 1260 392 1306 runt3
437 1256 489 1297 ad
522 1257 638 1297 cuius
670 1256 853 1307 cultum,
882 1252 911 1310 tl
943 1255 1193 1310 contemptis
1224 1254 1588 1310 Ooruegiensibus,
1621 1270 1722 1311 pen-

271 1315 396 1356 sionis
428 1328 635 1355 summam
666 1313 894 1355 transferre
926 1318 1142 1368 ceperunt,
1174 1313 1459 1367 affirmantes,
1492 1313 1718 1355 domestico

271 1372 371 1414 Vito
413 1376 628 1413 contentos
672 1375 847 1412 externo
886 1371 1060 1426 obsequi
1101 1385 1186 1412 non
1228 1376 1435 1426 oportere.
1498 1371 1635 1419 Quam
1666 1372 1718 1414 ob

271 1445 360 1472 rem
391 1429 563 1482 Vitum,
596 1430 794 1470 ueniente
835 1429 898 1470 sui
930 1429 1112 1470 solennis
1156 1434 1371 1483 tempore,
1404 1443 1548 1470 eorum
1581 1431 1719 1471 menia

273 1492 554 1543 turpaturum,
587 1502 611 1528 a
644 1487 791 1542 quibus
830 1491 918 1528 tam
950 1487 1127 1528 similem
1162 1491 1345 1528 monstro
1385 1487 1563 1542 figuram
1604 1502 1720 1529 acce-

272 1547 394 1601 perit.
457 1545 609 1587 Merito
649 1559 830 1600 namque
872 1559 969 1586 eum
1000 1545 1053 1586 ab
1085 1545 1149 1586 his
1190 1545 1437 1586 iniuriarum
1468 1559 1599 1600 penas
1631 1547 1720 1587 exi-

272 1618 373 1658 gere
420 1603 599 1655 debere,
644 1604 715 1658 qui
761 1603 1050 1651 uenerabilem
1096 1603 1184 1644 eius
1226 1603 1469 1644 memoriam
1514 1604 1719 1658 sacrilego

273 1662 390 1703 cultu
431 1662 645 1716 complexi
684 1661 867 1703 fuerunt.
930 1660 1023 1702 Hoc
1063 1675 1106 1702 se
1138 1675 1220 1702 non
1252 1674 1307 1702 ex
1351 1661 1606 1702 somniorum
1646 1666 1720 1703 aut

204 1732 237 1758 ⁴2r
271 1733 412 1760 rerum
443 1720 728 1761 accidencium
759 1719 1020 1772 coniecturis,
1053 1718 1126 1760 sed
1158 1719 1249 1760 sola
1280 1719 1559 1773 presagientis
1590 1720 1720 1760 animi

273 1777 504 1832 sagacitate
537 1778 738 1832 colligere
761 1777 1008 1818 testabatur.
1065 1777 1382 1818 Ammirabilior
1414 1777 1572 1818 cunctis
1595 1791 1719 1832 quam

273 1835 510 1877 credibilior
553 1835 761 1890 prediccio
805 1835 958 1876 extitit.
1033 1834 1088 1875 Et
1135 1835 1332 1888 quoniam
1379 1835 1516 1876 insula
1561 1834 1721 1877 Archo-

273 1893 436 1946 nensis,
470 1907 549 1948 que
581 1893 788 1934 Withoua
820 1893 1009 1942 dicitur,
1051 1907 1076 1933 a
1107 1892 1247 1946 Rugie
1280 1893 1508 1947 complexu
1540 1893 1719 1947 paruula

273 1950 370 1991 freti
401 1951 738 2004 interriuacione,
772 1964 852 2005 que
883 1951 958 1991 uix
989 1950 1172 1992 fluminis
1203 1950 1541 2005 magnitudinem
1564 1964 1719 2006 equare

271 2008 481 2063 uideatur,
514 2009 795 2063 abrumpitur,
828 2022 880 2049 ne
903 2023 951 2050 eo
983 2008 1063 2050 loci
1084 2009 1172 2049 ulla
1194 2007 1537 2050 Archonensibus
1558 2009 1719 2050 auxilia

272 2067 600 2122 porrigerentur,
634 2067 782 2119 missis,
815 2067 885 2121 qui
906 2067 1130 2108 transitum
1154 2067 1440 2116 obseruarent,
1471 2066 1718 2121 hostemque

273 2124 451 2165 traiectu
471 2125 755 2180 prohiberent,
788 2129 927 2165 cetera
950 2139 1077 2165 manu
1098 2124 1213 2165 urbis
1236 2124 1498 2166 obsidionem
1529 2125 1719 2179 arripuit,

274 2197 322 2224 ac
362 2183 545 2237 primum
587 2197 760 2238 operam
798 2183 1016 2223 tormentis
1055 2183 1169 2223 uallo
1211 2182 1473 2237 applicandis
1515 2182 1718 2224 exhibuit.

274 2240 476 2293 Absalon,
508 2241 617 2282 inter
641 2241 879 2295 manipulos
911 2244 1142 2281 castrorum
1174 2241 1264 2281 loca
1287 2240 1536 2281 distribuere
1568 2240 1718 2292 iussus,

274 2298 523 2353 designandi
556 2298 743 2340 officium
775 2302 1015 2339 mensurato
1047 2298 1155 2339 inter
1188 2299 1320 2339 maria
1346 2298 1485 2352 spacio
1517 2311 1718 2352 exseque-

274 2357 411 2398 batur.
480 2356 650 2398 Interea
691 2355 892 2411 oppidani
934 2360 1096 2410 portam
1143 2356 1279 2406 urbis,
1324 2369 1404 2410 quo
1448 2356 1580 2397 minor
1626 2370 1720 2396 eam

274 2414 512 2456 attentandi
542 2414 722 2456 facultas
753 2417 940 2468 pateret,
981 2414 1143 2468 ingenti
1185 2414 1405 2468 glebarum
1446 2427 1597 2454 aceruo
1630 2427 1719 2468 pre-

275 2476 529 2524 struxerant,
561 2473 807 2527 aditumque
839 2477 983 2513 coacta
1009 2472 1213 2526 cespitum
1236 2485 1442 2526 compage
1465 2471 1718 2520 claudentes,

276 2534 441 2572 tantum
480 2544 533 2571 ex
563 2544 612 2571 eo
646 2543 771 2584 opere
811 2529 962 2570 fiducie
1003 2529 1328 2582 contrahebant,
1368 2534 1413 2569 ut
1445 2530 1606 2579 turrim,
1638 2543 1719 2583 que

275 2602 402 2647 supra
432 2588 710 2760 'portaKsita
741 2587 902 2641 fuerat,
934 2587 1061 2645 signis
1100 2591 1267 2629 tantum
1309 2587 1542 2643 aquilisque
1578 2592 1719 2642 prote-
