1884 3126
81 879 113 904 lo

80 1168 113 1195 15

76 1460 113 1487 20

724 231 779 247 —
838 218 904 260 VI
967 243 1014 249 -
1507 227 1585 267 199

148 345 392 398 ferentibus,
424 346 560 387 uirum
593 346 798 388 instruere
829 361 1041 401 aggressa,
1075 349 1178 391 scire
1210 364 1265 402 se,
1297 351 1444 406 inquit,
1475 351 1587 394 Star-

147 402 388 456 eatherum,
443 419 543 445 mox
595 409 640 445 ut
683 404 804 446 uictis
854 405 1066 459 pugilibus
1116 412 1342 458 remearet,
1394 409 1586 452 absencie

145 475 275 516 penas
307 461 360 502 ab
393 476 441 503 eo
473 467 761 517 sumpturum,
805 478 830 504 a
873 477 953 518 quo
996 464 1089 518 plus
1135 465 1302 518 ignauie
1343 472 1384 508 et
1426 467 1586 510 libidini

147 534 272 574 quam
321 519 500 561 condicti
543 521 784 562 certaminis
826 520 924 562 fidei
964 522 1173 563 indultum
1215 524 1434 565 existimet.
1510 525 1586 568 Cui

143 577 237 618 ideo
259 578 394 619 acrius
416 578 693 620 resistendum
717 579 819 631 fore,
852 579 965 634 quod
992 580 1169 622 fortibus
1200 595 1382 635 parcere,
1412 583 1586 636 ignauos

144 635 279 677 odisse
325 636 474 678 soleat.
535 636 663 679 Cuius
709 636 1020 692 prediccionem
1064 638 1205 692 Helge
1253 653 1356 694 eque
1402 655 1450 681 ae
1493 656 1586 683 con-

145 693 283 734 silium
326 698 574 748 ueneratus,
621 709 770 750 corpus
816 695 1085 750 animumque
1129 697 1380 751 capessende
1421 699 1586 741 uirtutis

145 751 294 793 ardore
325 752 524 794 firmauit.
571 752 761 809 Cumque
783 753 1076 796 Starcatherus
1108 754 1160 795 ad
1192 756 1329 809 regias
1351 761 1458 797 esset
1490 757 1586 799 edes

145 810 333 862 delatus,
378 810 601 852 uulnerum
646 812 788 853 dolore
832 812 1047 866 neglecto.
1103 813 1217 854 ocius
1257 827 1378 854 curru
1421 814 1584 868 desiliit,

143 882 204 921 ac,
235 868 369 910 ueluti
391 872 477 910 toto
509 869 672 924 integer
700 884 887 925 corpore,
919 870 1155 925 nupcialem
1189 871 1422 926 irrumpens
1454 872 1586 914 thala-

144 941 271 976 mum,
304 940 445 981 pugno
476 927 624 969 ualuas
656 928 873 983 perfregit.
936 927 1053 969 Tunc
1085 929 1190 970 lecto
1226 929 1400 970 exiliens
1431 929 1583 985 Helgo,

144 989 190 1025 ut
221 985 407 1039 coniugis
440 989 530 1026 erat
561 987 732 1028 consilio
765 986 922 1036 doctus,
955 986 1131 1028 aduerse
1156 987 1243 1027 eius
1274 986 1397 1027 fronti
1429 987 1585 1029 ferrum

143 1042 358 1084 immersit.
391 1043 581 1098 Cumque
600 1044 771 1086 secundi
787 1044 972 1085 uulneris
989 1044 1264 1086 meditacione
1275 1045 1412 1086 denuo
1429 1045 1584 1086 ferrum

143 1100 367 1143 adacturus
399 1101 641 1154 uideretur,
674 1102 816 1157 Helga
849 1102 968 1144 thoro
1002 1103 1188 1143 ocissime
1220 1103 1410 1149 euolans,
1441 1117 1583 1144 senem

142 1159 195 1200 ab
226 1159 461 1201 imminenti
491 1160 628 1202 exicio
662 1161 846 1216 correpti
884 1157 1087 1215 umlbonis
1119 1161 1338 1201 interiectu
1382 1160 1581 1211 defendit,

145 1217 257 1271 quod
305 1222 445 1259 tamen
492 1218 545 1259 ab
588 1218 784 1273 Helgone
829 1218 1031 1261 ualidiore
1075 1219 1175 1259 ferri
1216 1218 1396 1273 impulsu
1449 1219 1585 1260 medio

145 1279 264 1316 tenus
297 1276 479 1318 umbone
513 1276 736 1318 dissectum
769 1281 843 1319 est.
888 1276 956 1318 Ita
987 1276 1210 1317 laudabilis
1241 1276 1397 1317 femina
1428 1277 1585 1330 ingenii

144 1333 324 1374 amicum
365 1334 524 1376 auxilio
566 1339 809 1389 prosecuta,
855 1349 987 1390 quem,
1023 1334 1190 1376 consilio
1233 1335 1409 1386 leserat,
1458 1349 1584 1375 manu

144 1392 343 1445 seruauit,
374 1397 503 1447 utque
537 1393 704 1434 monitis
737 1394 946 1446 maritum,
980 1393 1038 1433 ita
1068 1392 1188 1434 factis
1218 1406 1356 1433 senem
1385 1393 1581 1446 protexit.

143 1449 234 1497 Que
266 1464 331 1491 res
363 1450 681 1492 Starcatherum
723 1451 776 1492 ad
808 1451 1138 1492 incolumitatem
1181 1450 1366 1504 Helgoni
1397 1450 1582 1499 tribuen-

144 1507 242 1548 dam
274 1508 465 1562 adduxit,
498 1508 723 1563 prefatum,
755 1510 870 1564 parci
892 1513 1098 1564 oportere,
1131 1509 1195 1549 cui
1227 1512 1385 1549 certum
1417 1507 1583 1548 uirtutis

143 1565 344 1607 indicium
375 1570 546 1621 presens
566 1567 834 1608 'fortitudinis
875 1566 977 1608 fides
1009 1566 1219 1607 exhibeat.
1282 1565 1417 1607 Morte
1459 1566 1582 1620 siqui-

143 1623 239 1665 dem
271 1624 602 1679 indignissimum
636 1625 893 1680 predicabat,
928 1639 1051 1680 quem
1084 1629 1201 1665 tanta
1231 1622 1449 1664 resistendi
1480 1623 1583 1664 fidu-

143 1680 229 1723 cia*
259 1682 430 1736 plenum
463 1684 681 1738 probitatis
712 1684 926 1736 ingenium
959 1686 1218 1724 exornasset.

278 1740 423 1793 Idem,
473 1742 607 1796 plagis
654 1741 837 1782 nondum
887 1740 1162 1782 medicamine
1223 1738 1454 1794 procuratis
1508 1753 1583 1779 nec

143 1798 230 1839 ulla
261 1797 398 1839 adhuc
440 1800 630 1841 cicatrice
662 1801 883 1854 respersis,
927 1799 1062 1840 occiso
1106 1797 1158 1838 ab
1191 1797 1338 1838 emulis
1372 1796 1582 1845 llaldano,

107 1857 112 1863 '
143 1856 329 1897 Suetiam
352 1862 557 1912 repetens,
588 1858 721 1898 filium
741 1858 830 1899 eius
851 1857 1103 1913 Syuardum,
1126 1856 1291 1896 deuicta
1319 1853 1582 1909 quorundam

76 2040 111 2066 30

142 1914 386 1963 rebellione,
419 1920 593 1969 paterne
626 1915 930 1957 dominacionis
952 1915 1150 1956 heredem
1173 1911 1410 1965 conffstituit.
1454 1911 1581 1966 Apud

142 1986 266 2027 quem
319 1972 480 2014 diutule
534 1978 828 2027 conuersatus,
881 1988 975 2015 cum
1023 1972 1244 2014 Frotlionis
1294 1969 1582 2011 fraudulenter

142 2031 329 2086 oppressi
359 2031 493 2072 filium
524 2032 762 2086 Ingellum‚
806 2037 1043 2073 transuerso
1075 2031 1215 2071 animo
1248 2033 1408 2079 actum,
1454 2027 1581 2082 patris

141 2089 479 2131 interfectoribus
522 2090 895 2132 animaduersionis
940 2087 1071 2142 (loco)
1111 2087 1414 2128 humanitatem
1457 2090 1581 2140 atque

142 2147 376 2188 amiciciam
408 2148 626 2203 erogasse,
665 2148 779 2189 fama
820 2149 879 2189 rei
912 2147 1200 2199 crebescente,
1242 2147 1482 2198 cognosset,
1528 2142 1580 2183 ob

142 2209 229 2245 tam
262 2204 478 2246 horridum
510 2205 672 2247 facinus
703 2205 1007 2260 indignacionis
1038 2204 1193 2245 aculeis
1224 2202 1462 2245 lacessitus,
1506 2200 1579 2240 do-

143 2263 360 2318 lenterque
389 2263 541 2316 ferens,
572 2268 690 2305 tante
722 2264 872 2305 indolis
914 2264 1109 2304 iuuenem
1140 2266 1225 2302 tam
1270 2259 1412 2313 inclyti
1452 2258 1580 2312 patris

75 2331 91 2358 3
141 2321 275 2363 filium
306 2320 484 2374 exuisse,
517 2322 720 2363 eximium
745 2322 974 2363 carbonum
998 2321 1152 2361 fascem
1176 2324 1376 2373 tanquam
1399 2316 1580 2370 opimam

142 2379 349 2420 sarcinam
380 2379 563 2420 humeris
594 2380 677 2422 suis
709 2379 894 2420 Daniam
926 2379 1132 2433 petiturus
1164 2374 1377 2430 impendit.
1438 2373 1579 2437 Rogaj

143 2440 208 2477 tus
240 2437 293 2478 ab
326 2436 488 2490 obuiis,
530 2437 629 2491 quid
661 2442 747 2478 tam
791 2437 1004 2478 insolitum
1046 2449 1147 2491 onus
1184 2433 1387 2483 deferret,
1427 2429 1579 2484 [ngelh

142 2494 253 2548 regis
304 2494 604 2536 hebetudinem
650 2495 702 2536 ad
755 2495 956 2536 acuminis
1002 2492 1193 2533 habitum
1243 2488 1489 2552 carbonibus
1535 2501 1578 2552 se

146 2551 450 2605 perducturum
491 2553 685 2594 astruxit.
755 2553 904 2607 Itaque
947 2550 1146 2605 expedita
1189 2554 1230 2590 et
1271 2545 1580 2601 compendiaria

76 2623 113 2650 40
145 2610 293 2652 semita
323 2610 442 2652 uelut
470 2624 554 2670 uno
584 2611 734 2664 spiritu
754 2610 948 2666 rapidum
975 2610 980 2663 Ι
1007 2622 1055 2649 ac
1075 2620 1247 2664 preceps
1267 2605 1346 2647 iter
1367 2602 1580 2658 explicuit,

1638 1175 1653 1199 p
1659 1187 1662 1191 ,
1685 1166 1733 1192 20¹]

1649 1693 1724 1721 lJXb

1634 1919 1726 1953 (113)

1634 2608 1730 2642 p.298
