<?xml version="1.0" encoding="UTF-8"?>
<!DOCTYPE html PUBLIC "-//W3C//DTD XHTML 1.0 Transitional//EN"
    "http://www.w3.org/TR/xhtml1/DTD/xhtml1-transitional.dtd">
<html xmlns="http://www.w3.org/1999/xhtml" xml:lang="en" lang="en">
 <head>
  <title>
</title>
<meta http-equiv="Content-Type" content="text/html;charset=utf-8" />
  <meta name='ocr-system' content='tesseract 3.04.00' />
  <meta name='ocr-capabilities' content='ocr_page ocr_carea ocr_par ocr_line ocrx_word'/>
</head>
<body>
  <div class='ocr_page' id='page_1' title='image "./saxonisgrammatic00saxouoft_0462.png"; bbox 0 0 1884 3126; ppageno 0'>
   <div class='ocr_carea' id='block_1_1' title="bbox 199 913 232 939">
    <p class='ocr_par' dir='ltr' id='par_1_1' title="bbox 199 913 232 939">
     <span class='ocr_line' id='line_1_1' title="bbox 199 913 232 939; baseline -0.03 0"><span class='ocrx_word' id='word_1_1' title='bbox 199 913 232 939; x_wconf 84' lang='lat'>10</span> 
     </span>
    </p>
   </div>
   <div class='ocr_carea' id='block_1_2' title="bbox 200 1201 231 1227">
    <p class='ocr_par' dir='ltr' id='par_1_2' title="bbox 200 1201 231 1227">
     <span class='ocr_line' id='line_1_2' title="bbox 200 1201 231 1227; baseline -0.032 0"><span class='ocrx_word' id='word_1_2' title='bbox 200 1201 231 1227; x_wconf 79' lang='lat'>15</span> 
     </span>
    </p>
   </div>
   <div class='ocr_carea' id='block_1_3' title="bbox 194 1488 230 1515">
    <p class='ocr_par' dir='ltr' id='par_1_3' title="bbox 194 1488 230 1515">
     <span class='ocr_line' id='line_1_3' title="bbox 194 1488 230 1515; baseline 0 0"><span class='ocrx_word' id='word_1_3' title='bbox 194 1488 230 1515; x_wconf 82' lang='lat'>‘20</span> 
     </span>
    </p>
   </div>
   <div class='ocr_carea' id='block_1_4' title="bbox 191 1777 227 1804">
    <p class='ocr_par' dir='ltr' id='par_1_4' title="bbox 191 1777 227 1804">
     <span class='ocr_line' id='line_1_4' title="bbox 191 1777 227 1804; baseline -0.028 0"><span class='ocrx_word' id='word_1_4' title='bbox 191 1777 227 1804; x_wconf 83' lang='lat'>25</span> 
     </span>
    </p>
   </div>
   <div class='ocr_carea' id='block_1_5' title="bbox 190 2066 226 2093">
    <p class='ocr_par' dir='ltr' id='par_1_5' title="bbox 190 2066 226 2093">
     <span class='ocr_line' id='line_1_5' title="bbox 190 2066 226 2093; baseline -0.028 0"><span class='ocrx_word' id='word_1_5' title='bbox 190 2066 226 2093; x_wconf 87' lang='lat'>30</span> 
     </span>
    </p>
   </div>
   <div class='ocr_carea' id='block_1_6' title="bbox 191 2352 227 2380">
    <p class='ocr_par' dir='ltr' id='par_1_6' title="bbox 191 2352 227 2380">
     <span class='ocr_line' id='line_1_6' title="bbox 191 2352 227 2380; baseline 0.028 -1"><span class='ocrx_word' id='word_1_6' title='bbox 191 2352 227 2380; x_wconf 83' lang='lat'>35</span> 
     </span>
    </p>
   </div>
   <div class='ocr_carea' id='block_1_7' title="bbox 270 251 1130 300">
    <p class='ocr_par' dir='ltr' id='par_1_7' title="bbox 270 251 1130 300">
     <span class='ocr_line' id='line_1_7' title="bbox 270 251 1130 300; baseline -0.006 -2"><span class='ocrx_word' id='word_1_7' title='bbox 270 259 350 300; x_wconf 76' lang='lat'>368</span> <span class='ocrx_word' id='word_1_8' title='bbox 841 277 888 282; x_wconf 39' lang='grc' dir='ltr'>-α</span> <span class='ocrx_word' id='word_1_9' title='bbox 953 251 1018 294; x_wconf 84' lang='lat' dir='ltr'>XI</span> <span class='ocrx_word' id='word_1_10' title='bbox 1089 275 1130 280; x_wconf 85' lang='lat'>--—</span> 
     </span>
    </p>
   </div>
   <div class='ocr_carea' id='block_1_8' title="bbox 259 375 1712 1589">
    <p class='ocr_par' dir='ltr' id='par_1_8' title="bbox 259 375 1712 1589">
     <span class='ocr_line' id='line_1_8' title="bbox 271 375 1712 438; baseline -0.005 -14"><span class='ocrx_word' id='word_1_11' title='bbox 271 382 483 438; x_wconf 80' lang='lat' dir='ltr'><strong>Siquidem</strong></span> <span class='ocrx_word' id='word_1_12' title='bbox 516 385 601 422; x_wconf 90' lang='lat' dir='ltr'>tam</span> <span class='ocrx_word' id='word_1_13' title='bbox 632 378 858 421; x_wconf 82' lang='lat' dir='ltr'>infeliciter</span> <span class='ocrx_word' id='word_1_14' title='bbox 889 391 1014 433; x_wconf 89' lang='lat' dir='ltr'>quam</span> <span class='ocrx_word' id='word_1_15' title='bbox 1045 381 1204 418; x_wconf 88' lang='lat' dir='ltr'>temere</span> <span class='ocrx_word' id='word_1_16' title='bbox 1237 376 1463 418; x_wconf 86' lang='lat' dir='ltr'>dimicauit.</span> <span class='ocrx_word' id='word_1_17' title='bbox 1524 375 1712 418; x_wconf 83' lang='lat' dir='ltr'>Maxima</span> 
     </span>
     <span class='ocr_line' id='line_1_9' title="bbox 267 434 1710 499; baseline -0.004 -17"><span class='ocrx_word' id='word_1_18' title='bbox 267 440 457 481; x_wconf 89' lang='lat' dir='ltr'>Iutorum</span> <span class='ocrx_word' id='word_1_19' title='bbox 488 452 584 493; x_wconf 87' lang='lat' dir='ltr'>pars</span> <span class='ocrx_word' id='word_1_20' title='bbox 618 435 719 477; x_wconf 87' lang='lat' dir='ltr'>ferri</span> <span class='ocrx_word' id='word_1_21' title='bbox 739 439 856 477; x_wconf 90' lang='lat' dir='ltr'>metu</span> <span class='ocrx_word' id='word_1_22' title='bbox 877 436 1034 476; x_wconf 91' lang='lat' dir='ltr'>flumen</span> <span class='ocrx_word' id='word_1_23' title='bbox 1058 434 1227 487; x_wconf 79' lang='lat' dir='ltr'>insiluit,</span> <span class='ocrx_word' id='word_1_24' title='bbox 1260 438 1544 499; x_wconf 88' lang='lat' dir='ltr'>prereptoque</span> <span class='ocrx_word' id='word_1_25' title='bbox 1577 434 1710 476; x_wconf 91' lang='lat' dir='ltr'>hostis</span> 
     </span>
     <span class='ocr_line' id='line_1_10' title="bbox 269 488 1708 549; baseline -0.004 -11"><span class='ocrx_word' id='word_1_26' title='bbox 269 497 426 549; x_wconf 88' lang='lat' dir='ltr'>officio,</span> <span class='ocrx_word' id='word_1_27' title='bbox 455 510 533 536; x_wconf 86' lang='lat' dir='ltr'>sua</span> <span class='ocrx_word' id='word_1_28' title='bbox 566 494 607 535; x_wconf 93' lang='lat' dir='ltr'>ui</span> <span class='ocrx_word' id='word_1_29' title='bbox 639 508 764 549; x_wconf 89' lang='lat' dir='ltr'>quam</span> <span class='ocrx_word' id='word_1_30' title='bbox 797 493 934 534; x_wconf 89' lang='lat' dir='ltr'>aliena</span> <span class='ocrx_word' id='word_1_31' title='bbox 966 493 1156 534; x_wconf 82' lang='lat' dir='ltr'>consumi</span> <span class='ocrx_word' id='word_1_32' title='bbox 1189 493 1325 533; x_wconf 86' lang='lat' dir='ltr'>tucius</span> <span class='ocrx_word' id='word_1_33' title='bbox 1360 488 1495 534; x_wconf 83' lang='lat' dir='ltr'>duxit.</span> <span class='ocrx_word' id='word_1_34' title='bbox 1543 492 1708 547; x_wconf 86' lang='lat' dir='ltr'>Itaque,</span> 
     </span>
     <span class='ocr_line' id='line_1_11' title="bbox 269 550 1708 610; baseline -0.002 -15"><span class='ocrx_word' id='word_1_35' title='bbox 269 554 379 610; x_wconf 88' lang='lat' dir='ltr'>quod</span> <span class='ocrx_word' id='word_1_36' title='bbox 411 553 463 594; x_wconf 84' lang='lat' dir='ltr'>ab</span> <span class='ocrx_word' id='word_1_37' title='bbox 494 553 615 593; x_wconf 89' lang='lat' dir='ltr'>hoste</span> <span class='ocrx_word' id='word_1_38' title='bbox 655 551 854 604; x_wconf 86' lang='lat' dir='ltr'>timebat,</span> <span class='ocrx_word' id='word_1_39' title='bbox 899 550 975 592; x_wconf 90' lang='lat' dir='ltr'>sibi</span> <span class='ocrx_word' id='word_1_40' title='bbox 1016 550 1108 605; x_wconf 86' lang='lat' dir='ltr'>ipsa</span> <span class='ocrx_word' id='word_1_41' title='bbox 1140 550 1342 599; x_wconf 89' lang='lat' dir='ltr'>conciuit</span> <span class='ocrx_word' id='word_1_42' title='bbox 1384 550 1510 605; x_wconf 92' lang='lat' dir='ltr'>inque</span> <span class='ocrx_word' id='word_1_43' title='bbox 1541 551 1708 604; x_wconf 86' lang='lat' dir='ltr'>gemino</span> 
     </span>
     <span class='ocr_line' id='line_1_12' title="bbox 266 606 1709 674; baseline -0.002 -22"><span class='ocrx_word' id='word_1_44' title='bbox 266 612 340 652; x_wconf 88' lang='lat' dir='ltr'>fati</span> <span class='ocrx_word' id='word_1_45' title='bbox 372 611 539 652; x_wconf 88' lang='lat' dir='ltr'>delectu</span> <span class='ocrx_word' id='word_1_46' title='bbox 570 608 698 674; x_wconf 79' lang='lat' dir='ltr'>unda,</span> <span class='ocrx_word' id='word_1_47' title='bbox 730 622 855 663; x_wconf 88' lang='lat' dir='ltr'>quam</span> <span class='ocrx_word' id='word_1_48' title='bbox 878 609 1003 649; x_wconf 81' lang='lat' dir='ltr'>almis</span> <span class='ocrx_word' id='word_1_49' title='bbox 1025 609 1163 663; x_wconf 90' lang='lat' dir='ltr'>perire</span> <span class='ocrx_word' id='word_1_50' title='bbox 1186 608 1346 649; x_wconf 88' lang='lat' dir='ltr'>maluit.</span> <span class='ocrx_word' id='word_1_51' title='bbox 1390 606 1396 661; x_wconf 80' lang='lat' dir='ltr'>l</span> <span class='ocrx_word' id='word_1_52' title='bbox 1440 607 1577 662; x_wconf 80' lang='lat' dir='ltr'>Igitur</span> <span class='ocrx_word' id='word_1_53' title='bbox 1609 608 1709 649; x_wconf 91' lang='lat' dir='ltr'>dum</span> 
     </span>
     <span class='ocr_line' id='line_1_13' title="bbox 266 665 1708 721; baseline -0.001 -12"><span class='ocrx_word' id='word_1_54' title='bbox 266 669 445 709; x_wconf 78' lang='lat' dir='ltr'>altelum</span> <span class='ocrx_word' id='word_1_55' title='bbox 488 667 635 708; x_wconf 90' lang='lat' dir='ltr'>mortis</span> <span class='ocrx_word' id='word_1_56' title='bbox 676 680 811 720; x_wconf 84' lang='lat' dir='ltr'>genus</span> <span class='ocrx_word' id='word_1_57' title='bbox 851 666 997 708; x_wconf 85' lang='lat' dir='ltr'>timide</span> <span class='ocrx_word' id='word_1_58' title='bbox 1040 665 1288 716; x_wconf 89' lang='lat' dir='ltr'>declinauit,</span> <span class='ocrx_word' id='word_1_59' title='bbox 1332 666 1513 707; x_wconf 90' lang='lat' dir='ltr'>alterum</span> <span class='ocrx_word' id='word_1_60' title='bbox 1558 666 1708 721; x_wconf 88' lang='lat' dir='ltr'>cupide</span> 
     </span>
     <span class='ocr_line' id='line_1_14' title="bbox 264 722 1709 780; baseline -0.001 -12"><span class='ocrx_word' id='word_1_61' title='bbox 264 725 597 780; x_wconf 87' lang='lat' dir='ltr'>comprehendit,</span> <span class='ocrx_word' id='word_1_62' title='bbox 631 724 816 778; x_wconf 88' lang='lat' dir='ltr'>dumque</span> <span class='ocrx_word' id='word_1_63' title='bbox 850 723 1137 765; x_wconf 86' lang='lat' dir='ltr'>aduersarium</span> <span class='ocrx_word' id='word_1_64' title='bbox 1160 722 1329 777; x_wconf 83' lang='lat' dir='ltr'>refugit,</span> <span class='ocrx_word' id='word_1_65' title='bbox 1362 723 1560 765; x_wconf 82' lang='lat' dir='ltr'>hostilem</span> <span class='ocrx_word' id='word_1_66' title='bbox 1590 724 1630 765; x_wconf 91' lang='lat' dir='ltr'>in</span> <span class='ocrx_word' id='word_1_67' title='bbox 1664 739 1709 766; x_wconf 89' lang='lat' dir='ltr'>se</span> 
     </span>
     <span class='ocr_line' id='line_1_15' title="bbox 263 781 1708 838; baseline 0 -15"><span class='ocrx_word' id='word_1_68' title='bbox 263 784 354 838; x_wconf 89' lang='lat' dir='ltr'>ipsa</span> <span class='ocrx_word' id='word_1_69' title='bbox 405 782 695 824; x_wconf 81' lang='lat' dir='ltr'>crudelitatem</span> <span class='ocrx_word' id='word_1_70' title='bbox 748 782 960 835; x_wconf 80' lang='lat' dir='ltr'>exercuit,</span> <span class='ocrx_word' id='word_1_71' title='bbox 1013 786 1215 836; x_wconf 82' lang='lat' dir='ltr'>tanquam</span> <span class='ocrx_word' id='word_1_72' title='bbox 1266 781 1456 837; x_wconf 89' lang='lat' dir='ltr'>spiritum</span> <span class='ocrx_word' id='word_1_73' title='bbox 1502 781 1708 836; x_wconf 90' lang='lat' dir='ltr'>placidius</span> 
     </span>
     <span class='ocr_line' id='line_1_16' title="bbox 264 839 1707 896; baseline -0.001 -14"><span class='ocrx_word' id='word_1_74' title='bbox 264 840 382 896; x_wconf 90' lang='lat' dir='ltr'>aquis</span> <span class='ocrx_word' id='word_1_75' title='bbox 426 855 553 896; x_wconf 88' lang='lat' dir='ltr'>quam</span> <span class='ocrx_word' id='word_1_76' title='bbox 595 840 681 881; x_wconf 86' lang='lat' dir='ltr'>aeri</span> <span class='ocrx_word' id='word_1_77' title='bbox 721 839 939 881; x_wconf 85' lang='lat' dir='ltr'>redditura</span> <span class='ocrx_word' id='word_1_78' title='bbox 981 853 1030 881; x_wconf 93' lang='lat' dir='ltr'>ac</span> <span class='ocrx_word' id='word_1_79' title='bbox 1059 839 1358 881; x_wconf 88' lang='lat' dir='ltr'>uiolenciorem</span> <span class='ocrx_word' id='word_1_80' title='bbox 1403 839 1566 880; x_wconf 82' lang='lat' dir='ltr'>exitum</span> <span class='ocrx_word' id='word_1_81' title='bbox 1596 839 1707 881; x_wconf 89' lang='lat' dir='ltr'>ferro</span> 
     </span>
     <span class='ocr_line' id='line_1_17' title="bbox 264 897 1709 954; baseline -0.001 -14"><span class='ocrx_word' id='word_1_82' title='bbox 264 912 386 954; x_wconf 86' lang='lat' dir='ltr'>quam</span> <span class='ocrx_word' id='word_1_83' title='bbox 427 898 624 947; x_wconf 81' lang='lat' dir='ltr'>fluctibus</span> <span class='ocrx_word' id='word_1_84' title='bbox 662 902 904 952; x_wconf 77' lang='lat' dir='ltr'>expertura.</span> <span class='ocrx_word' id='word_1_85' title='bbox 978 897 1044 938; x_wconf 82' lang='lat' dir='ltr'>Ita</span> <span class='ocrx_word' id='word_1_86' title='bbox 1087 898 1274 949; x_wconf 85' lang='lat' dir='ltr'>nescias,</span> <span class='ocrx_word' id='word_1_87' title='bbox 1313 897 1493 939; x_wconf 88' lang='lat' dir='ltr'>uiriliter</span> <span class='ocrx_word' id='word_1_88' title='bbox 1530 902 1709 939; x_wconf 91' lang='lat' dir='ltr'>mortem</span> 
     </span>
     <span class='ocr_line' id='line_1_18' title="bbox 264 955 1707 1010; baseline 0 -13"><span class='ocrx_word' id='word_1_89' title='bbox 264 971 318 998; x_wconf 90' lang='lat' dir='ltr'>an</span> <span class='ocrx_word' id='word_1_90' title='bbox 351 956 589 997; x_wconf 87' lang='lat' dir='ltr'>effeminate</span> <span class='ocrx_word' id='word_1_91' title='bbox 622 956 871 1010; x_wconf 88' lang='lat' dir='ltr'>petiuerint,</span> <span class='ocrx_word' id='word_1_92' title='bbox 914 956 1219 1010; x_wconf 88' lang='lat' dir='ltr'>incertumque,</span> <span class='ocrx_word' id='word_1_93' title='bbox 1258 959 1399 996; x_wconf 88' lang='lat' dir='ltr'>utrum</span> <span class='ocrx_word' id='word_1_94' title='bbox 1430 956 1507 996; x_wconf 89' lang='lat' dir='ltr'>fati</span> <span class='ocrx_word' id='word_1_95' title='bbox 1546 955 1707 1009; x_wconf 87' lang='lat' dir='ltr'>cupidis</span> 
     </span>
     <span class='ocr_line' id='line_1_19' title="bbox 262 1013 1708 1069; baseline -0.001 -14"><span class='ocrx_word' id='word_1_96' title='bbox 262 1014 432 1069; x_wconf 85' lang='lat' dir='ltr'>ignauia</span> <span class='ocrx_word' id='word_1_97' title='bbox 463 1028 513 1054; x_wconf 90' lang='lat' dir='ltr'>an</span> <span class='ocrx_word' id='word_1_98' title='bbox 546 1014 681 1055; x_wconf 87' lang='lat' dir='ltr'>uirtus</span> <span class='ocrx_word' id='word_1_99' title='bbox 714 1013 943 1067; x_wconf 82' lang='lat' dir='ltr'>incesserit,</span> <span class='ocrx_word' id='word_1_100' title='bbox 979 1014 1180 1068; x_wconf 90' lang='lat' dir='ltr'>quoniam</span> <span class='ocrx_word' id='word_1_101' title='bbox 1210 1018 1298 1054; x_wconf 91' lang='lat' dir='ltr'>tam</span> <span class='ocrx_word' id='word_1_102' title='bbox 1328 1014 1559 1055; x_wconf 87' lang='lat' dir='ltr'>uehemens</span> <span class='ocrx_word' id='word_1_103' title='bbox 1581 1014 1708 1054; x_wconf 86' lang='lat' dir='ltr'>animi</span> 
     </span>
     <span class='ocr_line' id='line_1_20' title="bbox 265 1071 1707 1126; baseline -0.001 -13"><span class='ocrx_word' id='word_1_104' title='bbox 265 1077 403 1125; x_wconf 89' lang='lat' dir='ltr'>estus,</span> <span class='ocrx_word' id='word_1_105' title='bbox 447 1072 631 1113; x_wconf 86' lang='lat' dir='ltr'>fortesne</span> <span class='ocrx_word' id='word_1_106' title='bbox 673 1086 725 1112; x_wconf 89' lang='lat' dir='ltr'>an</span> <span class='ocrx_word' id='word_1_107' title='bbox 767 1071 900 1112; x_wconf 88' lang='lat' dir='ltr'>timidi</span> <span class='ocrx_word' id='word_1_108' title='bbox 945 1072 1113 1126; x_wconf 90' lang='lat' dir='ltr'>spiritus</span> <span class='ocrx_word' id='word_1_109' title='bbox 1157 1072 1222 1113; x_wconf 91' lang='lat' dir='ltr'>sui</span> <span class='ocrx_word' id='word_1_110' title='bbox 1252 1075 1449 1126; x_wconf 78' lang='lat' dir='ltr'>raptores</span> <span class='ocrx_word' id='word_1_111' title='bbox 1477 1072 1707 1124; x_wconf 83' lang='lat' dir='ltr'>extiterint,</span> 
     </span>
     <span class='ocr_line' id='line_1_21' title="bbox 261 1129 1706 1184; baseline 0 -13"><span class='ocrx_word' id='word_1_112' title='bbox 261 1130 460 1184; x_wconf 79' lang='lat' dir='ltr'>ambigue</span> <span class='ocrx_word' id='word_1_113' title='bbox 477 1130 804 1171; x_wconf 80' lang='lat' dir='ltr'>existimacionis</span> <span class='ocrx_word' id='word_1_114' title='bbox 822 1144 913 1171; x_wconf 88' lang='lat' dir='ltr'>esse</span> <span class='ocrx_word' id='word_1_115' title='bbox 927 1129 1039 1170; x_wconf 89' lang='lat' dir='ltr'>fecit.</span> <span class='ocrx_word' id='word_1_116' title='bbox 1062 1129 1187 1170; x_wconf 89' lang='lat' dir='ltr'>Breui</span> <span class='ocrx_word' id='word_1_117' title='bbox 1202 1133 1299 1184; x_wconf 91' lang='lat' dir='ltr'>post</span> <span class='ocrx_word' id='word_1_118' title='bbox 1316 1129 1404 1170; x_wconf 83' lang='lat' dir='ltr'>dux</span> <span class='ocrx_word' id='word_1_119' title='bbox 1418 1129 1517 1170; x_wconf 88' lang='lat' dir='ltr'>uicti</span> <span class='ocrx_word' id='word_1_120' title='bbox 1531 1129 1706 1184; x_wconf 89' lang='lat' dir='ltr'>agminis</span> 
     </span>
     <span class='ocr_line' id='line_1_22' title="bbox 262 1186 1707 1242; baseline -0.001 -13"><span class='ocrx_word' id='word_1_121' title='bbox 262 1188 418 1240; x_wconf 83' lang='lat' dir='ltr'>Sueno,</span> <span class='ocrx_word' id='word_1_122' title='bbox 466 1188 629 1240; x_wconf 80' lang='lat' dir='ltr'>Scanic,</span> <span class='ocrx_word' id='word_1_123' title='bbox 663 1187 962 1242; x_wconf 80' lang='lat' dir='ltr'>Sialandieque</span> <span class='ocrx_word' id='word_1_124' title='bbox 993 1202 1041 1228; x_wconf 92' lang='lat' dir='ltr'>ac</span> <span class='ocrx_word' id='word_1_125' title='bbox 1073 1192 1270 1242; x_wconf 87' lang='lat' dir='ltr'>preterea</span> <span class='ocrx_word' id='word_1_126' title='bbox 1302 1186 1564 1242; x_wconf 87' lang='lat' dir='ltr'>quarundam</span> <span class='ocrx_word' id='word_1_127' title='bbox 1596 1188 1707 1228; x_wconf 90' lang='lat' dir='ltr'>insu-</span> 
     </span>
     <span class='ocr_line' id='line_1_23' title="bbox 262 1244 1705 1300; baseline 0 -15"><span class='ocrx_word' id='word_1_128' title='bbox 262 1246 397 1286; x_wconf 87' lang='lat' dir='ltr'>larum</span> <span class='ocrx_word' id='word_1_129' title='bbox 439 1245 597 1286; x_wconf 85' lang='lat' dir='ltr'>uiribus</span> <span class='ocrx_word' id='word_1_130' title='bbox 635 1249 873 1298; x_wconf 82' lang='lat' dir='ltr'>recreatuS,</span> <span class='ocrx_word' id='word_1_131' title='bbox 919 1244 1091 1287; x_wconf 83' lang='lat' dir='ltr'>Niszam</span> <span class='ocrx_word' id='word_1_132' title='bbox 1131 1245 1308 1286; x_wconf 87' lang='lat' dir='ltr'>fluuium</span> <span class='ocrx_word' id='word_1_133' title='bbox 1350 1246 1483 1288; x_wconf 89' lang='lat' dir='ltr'>classe</span> <span class='ocrx_word' id='word_1_134' title='bbox 1525 1245 1705 1300; x_wconf 88' lang='lat' dir='ltr'>corripit,</span> 
     </span>
     <span class='ocr_line' id='line_1_24' title="bbox 262 1302 1704 1358; baseline 0.001 -14"><span class='ocrx_word' id='word_1_135' title='bbox 262 1303 491 1358; x_wconf 88' lang='lat' dir='ltr'>cademque</span> <span class='ocrx_word' id='word_1_136' title='bbox 515 1303 832 1358; x_wconf 85' lang='lat' dir='ltr'>superuenienti</span> <span class='ocrx_word' id='word_1_137' title='bbox 856 1302 1047 1344; x_wconf 85' lang='lat' dir='ltr'>Haraldo</span> <span class='ocrx_word' id='word_1_138' title='bbox 1082 1303 1250 1344; x_wconf 88' lang='lat' dir='ltr'>obuiam</span> <span class='ocrx_word' id='word_1_139' title='bbox 1282 1303 1323 1344; x_wconf 90' lang='lat' dir='ltr'>in</span> <span class='ocrx_word' id='word_1_140' title='bbox 1345 1304 1477 1345; x_wconf 87' lang='lat' dir='ltr'>altum</span> <span class='ocrx_word' id='word_1_141' title='bbox 1501 1303 1704 1357; x_wconf 87' lang='lat' dir='ltr'>procedit.</span> 
     </span>
     <span class='ocr_line' id='line_1_25' title="bbox 263 1361 1706 1416; baseline 0 -14"><span class='ocrx_word' id='word_1_142' title='bbox 263 1361 455 1416; x_wconf 83' lang='lat' dir='ltr'>Cumque</span> <span class='ocrx_word' id='word_1_143' title='bbox 496 1361 604 1402; x_wconf 88' lang='lat' dir='ltr'>Dani</span> <span class='ocrx_word' id='word_1_144' title='bbox 646 1362 904 1416; x_wconf 85' lang='lat' dir='ltr'>paucitatem</span> <span class='ocrx_word' id='word_1_145' title='bbox 945 1375 1062 1402; x_wconf 89' lang='lat' dir='ltr'>suam</span> <span class='ocrx_word' id='word_1_146' title='bbox 1104 1361 1267 1402; x_wconf 87' lang='lat' dir='ltr'>hostilis</span> <span class='ocrx_word' id='word_1_147' title='bbox 1306 1361 1549 1416; x_wconf 88' lang='lat' dir='ltr'>frequencie</span> <span class='ocrx_word' id='word_1_148' title='bbox 1593 1375 1706 1402; x_wconf 89' lang='lat' dir='ltr'>com-</span> 
     </span>
     <span class='ocr_line' id='line_1_26' title="bbox 261 1419 1704 1473; baseline 0.001 -15"><span class='ocrx_word' id='word_1_149' title='bbox 261 1420 487 1473; x_wconf 88' lang='lat' dir='ltr'>paracionc</span> <span class='ocrx_word' id='word_1_150' title='bbox 529 1423 803 1473; x_wconf 80' lang='lat' dir='ltr'>pensassent,</span> <span class='ocrx_word' id='word_1_151' title='bbox 851 1419 1011 1460; x_wconf 82' lang='lat' dir='ltr'>raritati</span> <span class='ocrx_word' id='word_1_152' title='bbox 1058 1420 1329 1460; x_wconf 86' lang='lat' dir='ltr'>consercione</span> <span class='ocrx_word' id='word_1_153' title='bbox 1376 1419 1704 1460; x_wconf 86' lang='lat' dir='ltr'>succurrendum</span> 
     </span>
     <span class='ocr_line' id='line_1_27' title="bbox 259 1476 1704 1531; baseline 0 -14"><span class='ocrx_word' id='word_1_154' title='bbox 259 1477 354 1528; x_wconf 87' lang='lat' dir='ltr'>rati,</span> <span class='ocrx_word' id='word_1_155' title='bbox 387 1476 550 1530; x_wconf 86' lang='lat' dir='ltr'>digesta</span> <span class='ocrx_word' id='word_1_156' title='bbox 582 1478 623 1517; x_wconf 86' lang='lat' dir='ltr'>in</span> <span class='ocrx_word' id='word_1_157' title='bbox 657 1476 845 1518; x_wconf 87' lang='lat' dir='ltr'>ordinem</span> <span class='ocrx_word' id='word_1_158' title='bbox 886 1477 1055 1530; x_wconf 85' lang='lat' dir='ltr'>nauigia</span> <span class='ocrx_word' id='word_1_159' title='bbox 1076 1477 1281 1518; x_wconf 82' lang='lat' dir='ltr'>tenaculis</span> <span class='ocrx_word' id='word_1_160' title='bbox 1304 1478 1465 1519; x_wconf 87' lang='lat' dir='ltr'>sociare</span> <span class='ocrx_word' id='word_1_161' title='bbox 1488 1481 1704 1531; x_wconf 88' lang='lat' dir='ltr'>ceperunt,</span> 
     </span>
     <span class='ocr_line' id='line_1_28' title="bbox 262 1534 1704 1589; baseline 0 -15"><span class='ocrx_word' id='word_1_162' title='bbox 262 1535 458 1588; x_wconf 84' lang='lat' dir='ltr'>quatinus</span> <span class='ocrx_word' id='word_1_163' title='bbox 498 1535 731 1576; x_wconf 87' lang='lat' dir='ltr'>continenti</span> <span class='ocrx_word' id='word_1_164' title='bbox 770 1549 882 1576; x_wconf 81' lang='lat' dir='ltr'>nexu</span> <span class='ocrx_word' id='word_1_165' title='bbox 925 1535 1126 1576; x_wconf 82' lang='lat' dir='ltr'>coherens</span> <span class='ocrx_word' id='word_1_166' title='bbox 1170 1534 1312 1576; x_wconf 85' lang='lat' dir='ltr'>classis</span> <span class='ocrx_word' id='word_1_167' title='bbox 1355 1535 1599 1589; x_wconf 76' lang='lat' dir='ltr'>expedicius</span> <span class='ocrx_word' id='word_1_168' title='bbox 1636 1535 1704 1589; x_wconf 90' lang='lat' dir='ltr'>opi</span> 
     </span>
    </p>
   </div>
   <div class='ocr_carea' id='block_1_9' title="bbox 1764 614 1862 647">
    <p class='ocr_par' dir='ltr' id='par_1_9' title="bbox 1764 614 1862 647">
     <span class='ocr_line' id='line_1_29' title="bbox 1764 614 1862 647; baseline -0.01 -6"><span class='ocrx_word' id='word_1_169' title='bbox 1764 622 1792 647; x_wconf 83' lang='lat' dir='ltr'>p.</span> <span class='ocrx_word' id='word_1_170' title='bbox 1813 614 1862 642; x_wconf 78' lang='lat'>552</span> 
     </span>
    </p>
   </div>
   <div class='ocr_carea' id='block_1_10' title="bbox 259 1591 1879 1647">
    <p class='ocr_par' dir='ltr' id='par_1_10' title="bbox 259 1591 1879 1647">
     <span class='ocr_line' id='line_1_30' title="bbox 259 1591 1879 1647; baseline -0.001 -15"><span class='ocrx_word' id='word_1_171' title='bbox 259 1592 440 1633; x_wconf 90' lang='lat' dir='ltr'>inuicem</span> <span class='ocrx_word' id='word_1_172' title='bbox 470 1592 644 1634; x_wconf 89' lang='lat' dir='ltr'>ferende</span> <span class='ocrx_word' id='word_1_173' title='bbox 676 1593 756 1634; x_wconf 91' lang='lat' dir='ltr'>iter</span> <span class='ocrx_word' id='word_1_174' title='bbox 787 1597 1007 1645; x_wconf 81' lang='lat' dir='ltr'>sterneret,</span> <span class='ocrx_word' id='word_1_175' title='bbox 1041 1593 1285 1647; x_wconf 87' lang='lat' dir='ltr'>cunctisque</span> <span class='ocrx_word' id='word_1_176' title='bbox 1317 1591 1417 1633; x_wconf 79' lang='lat' dir='ltr'>hac*</span> <span class='ocrx_word' id='word_1_177' title='bbox 1447 1593 1879 1634; x_wconf 79' lang='lat' dir='ltr'>necessitateC[Vl]&lt;X&gt;</span> 
     </span>
    </p>
   </div>
   <div class='ocr_carea' id='block_1_11' title="bbox 256 1649 1702 2641">
    <p class='ocr_par' dir='ltr' id='par_1_11' title="bbox 259 1649 1702 1865">
     <span class='ocr_line' id='line_1_31' title="bbox 260 1649 1702 1705; baseline 0.001 -16"><span class='ocrx_word' id='word_1_178' title='bbox 260 1649 442 1703; x_wconf 87' lang='lat' dir='ltr'>duratis,</span> <span class='ocrx_word' id='word_1_179' title='bbox 481 1655 568 1692; x_wconf 90' lang='lat' dir='ltr'>tam</span> <span class='ocrx_word' id='word_1_180' title='bbox 609 1650 708 1704; x_wconf 83' lang='lat' dir='ltr'>fuge</span> <span class='ocrx_word' id='word_1_181' title='bbox 755 1664 881 1705; x_wconf 89' lang='lat' dir='ltr'>quam</span> <span class='ocrx_word' id='word_1_182' title='bbox 914 1651 1090 1692; x_wconf 78' lang='lat' dir='ltr'>uictorie</span> <span class='ocrx_word' id='word_1_183' title='bbox 1120 1651 1422 1692; x_wconf 88' lang='lat' dir='ltr'>indissolubilis</span> <span class='ocrx_word' id='word_1_184' title='bbox 1463 1651 1702 1692; x_wconf 90' lang='lat' dir='ltr'>communio</span> 
     </span>
     <span class='ocr_line' id='line_1_32' title="bbox 259 1707 1702 1763; baseline 0.001 -15"><span class='ocrx_word' id='word_1_185' title='bbox 259 1707 381 1760; x_wconf 86' lang='lat' dir='ltr'>foret,</span> <span class='ocrx_word' id='word_1_186' title='bbox 413 1722 490 1749; x_wconf 91' lang='lat' dir='ltr'>nec</span> <span class='ocrx_word' id='word_1_187' title='bbox 521 1709 718 1763; x_wconf 85' lang='lat' dir='ltr'>cuiquam</span> <span class='ocrx_word' id='word_1_188' title='bbox 750 1723 774 1749; x_wconf 90' lang='lat' dir='ltr'>a</span> <span class='ocrx_word' id='word_1_189' title='bbox 807 1712 922 1749; x_wconf 87' lang='lat' dir='ltr'>tanta</span> <span class='ocrx_word' id='word_1_190' title='bbox 951 1708 1116 1763; x_wconf 86' lang='lat' dir='ltr'>collegii</span> <span class='ocrx_word' id='word_1_191' title='bbox 1157 1709 1352 1750; x_wconf 83' lang='lat' dir='ltr'>firmitate</span> <span class='ocrx_word' id='word_1_192' title='bbox 1391 1708 1606 1749; x_wconf 85' lang='lat' dir='ltr'>dilabendi</span> <span class='ocrx_word' id='word_1_193' title='bbox 1638 1707 1702 1749; x_wconf 88' lang='lat' dir='ltr'>fas</span> 
     </span>
     <span class='ocr_line' id='line_1_33' title="bbox 259 1765 1702 1808; baseline 0.001 -2"><span class='ocrx_word' id='word_1_194' title='bbox 259 1770 382 1807; x_wconf 92' lang='lat' dir='ltr'>esset.</span> <span class='ocrx_word' id='word_1_195' title='bbox 451 1765 574 1808; x_wconf 90' lang='lat' dir='ltr'>Adeo</span> <span class='ocrx_word' id='word_1_196' title='bbox 620 1766 953 1808; x_wconf 79' lang='lat' dir='ltr'>imbecillitatem</span> <span class='ocrx_word' id='word_1_197' title='bbox 999 1768 1252 1808; x_wconf 86' lang='lat' dir='ltr'>necessitate</span> <span class='ocrx_word' id='word_1_198' title='bbox 1300 1765 1581 1808; x_wconf 86' lang='lat' dir='ltr'>roborandam</span> <span class='ocrx_word' id='word_1_199' title='bbox 1629 1766 1702 1807; x_wconf 92' lang='lat' dir='ltr'>du-</span> 
     </span>
     <span class='ocr_line' id='line_1_34' title="bbox 259 1827 428 1865; baseline 0.012 -2"><span class='ocrx_word' id='word_1_200' title='bbox 259 1827 428 1865; x_wconf 84' lang='lat' dir='ltr'>xerunt.</span> 
     </span>
    </p>

    <p class='ocr_par' dir='ltr' id='par_1_12' title="bbox 256 1880 1702 2630">
     <span class='ocr_line' id='line_1_35' title="bbox 398 1880 1702 1938; baseline 0.002 -17"><span class='ocrx_word' id='word_1_201' title='bbox 398 1880 480 1922; x_wconf 90' lang='lat' dir='ltr'>Hic</span> <span class='ocrx_word' id='word_1_202' title='bbox 520 1881 663 1932; x_wconf 84' lang='lat' dir='ltr'>nobis,</span> <span class='ocrx_word' id='word_1_203' title='bbox 705 1881 877 1934; x_wconf 84' lang='lat' dir='ltr'>Aslace,</span> <span class='ocrx_word' id='word_1_204' title='bbox 919 1882 1189 1938; x_wconf 81' lang='lat' dir='ltr'>Skyalmonis</span> <span class='ocrx_word' id='word_1_205' title='bbox 1224 1881 1402 1923; x_wconf 82' lang='lat' dir='ltr'>Candidi</span> <span class='ocrx_word' id='word_1_206' title='bbox 1446 1896 1614 1936; x_wconf 81' lang='lat' dir='ltr'>remex,</span> <span class='ocrx_word' id='word_1_207' title='bbox 1648 1881 1702 1923; x_wconf 87' lang='lat' dir='ltr'>ob</span> 
     </span>
     <span class='ocr_line' id='line_1_36' title="bbox 259 1939 1701 1994; baseline 0.001 -15"><span class='ocrx_word' id='word_1_208' title='bbox 259 1939 506 1980; x_wconf 87' lang='lat' dir='ltr'>immensam</span> <span class='ocrx_word' id='word_1_209' title='bbox 539 1939 687 1981; x_wconf 89' lang='lat' dir='ltr'>bellice</span> <span class='ocrx_word' id='word_1_210' title='bbox 721 1941 888 1981; x_wconf 85' lang='lat' dir='ltr'>uirtutis</span> <span class='ocrx_word' id='word_1_211' title='bbox 929 1940 1105 1994; x_wconf 84' lang='lat' dir='ltr'>gloriam</span> <span class='ocrx_word' id='word_1_212' title='bbox 1146 1940 1362 1981; x_wconf 86' lang='lat' dir='ltr'>literarum</span> <span class='ocrx_word' id='word_1_213' title='bbox 1394 1940 1603 1994; x_wconf 87' lang='lat' dir='ltr'>preconiis</span> <span class='ocrx_word' id='word_1_214' title='bbox 1642 1940 1701 1980; x_wconf 93' lang='lat' dir='ltr'>in-</span> 
     </span>
     <span class='ocr_line' id='line_1_37' title="bbox 261 1996 1700 2053; baseline 0.001 -16"><span class='ocrx_word' id='word_1_215' title='bbox 261 1996 489 2038; x_wconf 91' lang='lat' dir='ltr'>culcandus</span> <span class='ocrx_word' id='word_1_216' title='bbox 522 1998 719 2039; x_wconf 86' lang='lat' dir='ltr'>occurris.</span> <span class='ocrx_word' id='word_1_217' title='bbox 774 1998 908 2039; x_wconf 87' lang='lat' dir='ltr'>Danis</span> <span class='ocrx_word' id='word_1_218' title='bbox 941 1998 1146 2053; x_wconf 84' lang='lat' dir='ltr'>siquidem</span> <span class='ocrx_word' id='word_1_219' title='bbox 1178 1998 1403 2039; x_wconf 88' lang='lat' dir='ltr'>aduersum</span> <span class='ocrx_word' id='word_1_220' title='bbox 1437 1997 1700 2051; x_wconf 83' lang='lat' dir='ltr'>Noruagien-</span> 
     </span>
     <span class='ocr_line' id='line_1_38' title="bbox 257 2055 1697 2109; baseline 0 -14"><span class='ocrx_word' id='word_1_221' title='bbox 257 2069 323 2096; x_wconf 89' lang='lat' dir='ltr'>ses</span> <span class='ocrx_word' id='word_1_222' title='bbox 356 2055 563 2095; x_wconf 88' lang='lat' dir='ltr'>maritimo</span> <span class='ocrx_word' id='word_1_223' title='bbox 597 2057 839 2109; x_wconf 57' lang='lat' dir='ltr'>certaJmine</span> <span class='ocrx_word' id='word_1_224' title='bbox 872 2055 1210 2107; x_wconf 89' lang='lat' dir='ltr'>decernentibus,</span> <span class='ocrx_word' id='word_1_225' title='bbox 1243 2070 1324 2096; x_wconf 90' lang='lat' dir='ltr'>non</span> <span class='ocrx_word' id='word_1_226' title='bbox 1359 2060 1581 2097; x_wconf 88' lang='lat' dir='ltr'>contentus</span> <span class='ocrx_word' id='word_1_227' title='bbox 1615 2056 1697 2096; x_wconf 87' lang='lat' dir='ltr'>cla·-</span> 
     </span>
     <span class='ocr_line' id='line_1_39' title="bbox 258 2113 1697 2169; baseline 0 -17"><span class='ocrx_word' id='word_1_228' title='bbox 258 2113 465 2154; x_wconf 85' lang='lat' dir='ltr'>rissimam</span> <span class='ocrx_word' id='word_1_229' title='bbox 526 2127 710 2167; x_wconf 88' lang='lat' dir='ltr'>pugnam</span> <span class='ocrx_word' id='word_1_230' title='bbox 781 2115 890 2154; x_wconf 90' lang='lat' dir='ltr'>intra</span> <span class='ocrx_word' id='word_1_231' title='bbox 951 2115 1167 2169; x_wconf 86' lang='lat' dir='ltr'>proprium</span> <span class='ocrx_word' id='word_1_232' title='bbox 1227 2113 1408 2154; x_wconf 89' lang='lat' dir='ltr'>edidisse</span> <span class='ocrx_word' id='word_1_233' title='bbox 1469 2113 1697 2167; x_wconf 87' lang='lat' dir='ltr'>nauigium,</span> 
     </span>
     <span class='ocr_line' id='line_1_40' title="bbox 260 2170 1697 2226; baseline -0.001 -14"><span class='ocrx_word' id='word_1_234' title='bbox 260 2170 452 2212; x_wconf 89' lang='lat' dir='ltr'>omnibus</span> <span class='ocrx_word' id='word_1_235' title='bbox 499 2171 684 2225; x_wconf 88' lang='lat' dir='ltr'>corporis</span> <span class='ocrx_word' id='word_1_236' title='bbox 728 2172 788 2211; x_wconf 88' lang='lat' dir='ltr'>tui</span> <span class='ocrx_word' id='word_1_237' title='bbox 830 2171 1097 2212; x_wconf 88' lang='lat' dir='ltr'>munimentis</span> <span class='ocrx_word' id='word_1_238' title='bbox 1129 2175 1271 2226; x_wconf 88' lang='lat' dir='ltr'>preter</span> <span class='ocrx_word' id='word_1_239' title='bbox 1302 2177 1465 2212; x_wconf 86' lang='lat' dir='ltr'>scutum</span> <span class='ocrx_word' id='word_1_240' title='bbox 1512 2171 1697 2220; x_wconf 88' lang='lat' dir='ltr'>abiectis,</span> 
     </span>
     <span class='ocr_line' id='line_1_41' title="bbox 259 2227 1698 2284; baseline 0 -16"><span class='ocrx_word' id='word_1_241' title='bbox 259 2227 605 2269; x_wconf 83' lang='lat' dir='ltr'>confertissimam</span> <span class='ocrx_word' id='word_1_242' title='bbox 637 2229 818 2270; x_wconf 88' lang='lat' dir='ltr'>hostium</span> <span class='ocrx_word' id='word_1_243' title='bbox 851 2234 985 2271; x_wconf 90' lang='lat' dir='ltr'>ratem</span> <span class='ocrx_word' id='word_1_244' title='bbox 1018 2228 1230 2282; x_wconf 90' lang='lat' dir='ltr'>insiluisti,</span> <span class='ocrx_word' id='word_1_245' title='bbox 1273 2243 1541 2284; x_wconf 78' lang='lat' dir='ltr'>quercuque,</span> <span class='ocrx_word' id='word_1_246' title='bbox 1573 2242 1698 2283; x_wconf 80' lang='lat' dir='ltr'>quam</span> 
     </span>
     <span class='ocr_line' id='line_1_42' title="bbox 258 2285 1696 2341; baseline 0.001 -15"><span class='ocrx_word' id='word_1_247' title='bbox 258 2287 298 2326; x_wconf 88' lang='lat' dir='ltr'>in</span> <span class='ocrx_word' id='word_1_248' title='bbox 344 2286 618 2341; x_wconf 83' lang='lat' dir='ltr'>gubernaculi</span> <span class='ocrx_word' id='word_1_249' title='bbox 675 2287 789 2340; x_wconf 87' lang='lat' dir='ltr'>prius</span> <span class='ocrx_word' id='word_1_250' title='bbox 849 2287 1193 2341; x_wconf 89' lang='lat' dir='ltr'>colligamentum</span> <span class='ocrx_word' id='word_1_251' title='bbox 1245 2286 1485 2336; x_wconf 84' lang='lat' dir='ltr'>excideras,</span> <span class='ocrx_word' id='word_1_252' title='bbox 1537 2285 1696 2327; x_wconf 90' lang='lat' dir='ltr'>uiribus</span> 
     </span>
     <span class='ocr_line' id='line_1_43' title="bbox 256 2342 1698 2399; baseline 0 -16"><span class='ocrx_word' id='word_1_253' title='bbox 256 2342 388 2385; x_wconf 87' lang='lat' dir='ltr'>fretus</span> <span class='ocrx_word' id='word_1_254' title='bbox 427 2343 612 2384; x_wconf 89' lang='lat' dir='ltr'>hostium</span> <span class='ocrx_word' id='word_1_255' title='bbox 655 2358 832 2398; x_wconf 83' lang='lat' dir='ltr'>corpora</span> <span class='ocrx_word' id='word_1_256' title='bbox 875 2345 1210 2397; x_wconf 88' lang='lat' dir='ltr'>conuerberasti,</span> <span class='ocrx_word' id='word_1_257' title='bbox 1253 2345 1428 2399; x_wconf 88' lang='lat' dir='ltr'>eiusque</span> <span class='ocrx_word' id='word_1_258' title='bbox 1469 2343 1623 2384; x_wconf 82' lang='lat' dir='ltr'>crebris</span> <span class='ocrx_word' id='word_1_259' title='bbox 1657 2351 1698 2384; x_wconf 89' lang='lat' dir='ltr'>et</span> 
     </span>
     <span class='ocr_line' id='line_1_44' title="bbox 258 2401 1698 2456; baseline -0.001 -15"><span class='ocrx_word' id='word_1_260' title='bbox 258 2401 420 2455; x_wconf 89' lang='lat' dir='ltr'>uegetis</span> <span class='ocrx_word' id='word_1_261' title='bbox 451 2401 615 2455; x_wconf 85' lang='lat' dir='ltr'>ictibus,</span> <span class='ocrx_word' id='word_1_262' title='bbox 647 2402 841 2456; x_wconf 88' lang='lat' dir='ltr'>quicquid</span> <span class='ocrx_word' id='word_1_263' title='bbox 876 2403 1047 2443; x_wconf 91' lang='lat' dir='ltr'>obuium</span> <span class='ocrx_word' id='word_1_264' title='bbox 1079 2401 1229 2452; x_wconf 86' lang='lat' dir='ltr'>fuerat,</span> <span class='ocrx_word' id='word_1_265' title='bbox 1262 2402 1492 2454; x_wconf 89' lang='lat' dir='ltr'>obtriuisti,</span> <span class='ocrx_word' id='word_1_266' title='bbox 1520 2401 1698 2455; x_wconf 87' lang='lat' dir='ltr'>ingenti-</span> 
     </span>
     <span class='ocr_line' id='line_1_45' title="bbox 260 2459 1697 2514; baseline 0.001 -15"><span class='ocrx_word' id='word_1_267' title='bbox 260 2472 341 2513; x_wconf 91' lang='lat' dir='ltr'>que</span> <span class='ocrx_word' id='word_1_268' title='bbox 385 2459 609 2500; x_wconf 87' lang='lat' dir='ltr'>uerberum</span> <span class='ocrx_word' id='word_1_269' title='bbox 654 2460 823 2514; x_wconf 86' lang='lat' dir='ltr'>fragore</span> <span class='ocrx_word' id='word_1_270' title='bbox 870 2465 1092 2514; x_wconf 85' lang='lat' dir='ltr'>stupentes</span> <span class='ocrx_word' id='word_1_271' title='bbox 1142 2460 1418 2514; x_wconf 82' lang='lat' dir='ltr'>preliancium</span> <span class='ocrx_word' id='word_1_272' title='bbox 1464 2459 1626 2500; x_wconf 86' lang='lat' dir='ltr'>animos</span> <span class='ocrx_word' id='word_1_273' title='bbox 1672 2473 1697 2500; x_wconf 90' lang='lat' dir='ltr'>a</span> 
     </span>
     <span class='ocr_line' id='line_1_46' title="bbox 259 2516 1694 2582; baseline 0.001 -27"><span class='ocrx_word' id='word_1_274' title='bbox 259 2516 434 2570; x_wconf 85' lang='lat' dir='ltr'>propriis</span> <span class='ocrx_word' id='word_1_275' title='bbox 479 2517 675 2571; x_wconf 88' lang='lat' dir='ltr'>periculis</span> <span class='ocrx_word' id='word_1_276' title='bbox 722 2516 774 2558; x_wconf 89' lang='lat' dir='ltr'>ad</span> <span class='ocrx_word' id='word_1_277' title='bbox 820 2521 890 2559; x_wconf 90' lang='lat' dir='ltr'>tue</span> <span class='ocrx_word' id='word_1_278' title='bbox 934 2518 1101 2558; x_wconf 89' lang='lat' dir='ltr'>uirtutis</span> <span class='ocrx_word' id='word_1_279' title='bbox 1144 2518 1428 2582; x_wconf 85' lang='lat' dir='ltr'>spectaculum</span> <span class='ocrx_word' id='word_1_280' title='bbox 1472 2517 1694 2557; x_wconf 84' lang='lat' dir='ltr'>deflexisti.</span> 
     </span>
     <span class='ocr_line' id='line_1_47' title="bbox 263 2573 1694 2641; baseline 0.001 -28"><span class='ocrx_word' id='word_1_281' title='bbox 263 2573 373 2620; x_wconf 78' lang='lat' dir='ltr'>Quin</span> <span class='ocrx_word' id='word_1_282' title='bbox 405 2575 535 2615; x_wconf 90' lang='lat' dir='ltr'>eciam</span> <span class='ocrx_word' id='word_1_283' title='bbox 563 2574 810 2616; x_wconf 86' lang='lat' dir='ltr'>fortissimos</span> <span class='ocrx_word' id='word_1_284' title='bbox 842 2575 1063 2640; x_wconf 81' lang='lat' dir='ltr'>utriusque</span> <span class='ocrx_word' id='word_1_285' title='bbox 1094 2574 1273 2641; x_wconf 81' lang='lat' dir='ltr'>agminis</span> <span class='ocrx_word' id='word_1_286' title='bbox 1298 2575 1524 2616; x_wconf 84' lang='lat' dir='ltr'>bellatores</span> <span class='ocrx_word' id='word_1_287' title='bbox 1558 2574 1694 2628; x_wconf 87' lang='lat' dir='ltr'>operis</span> 
     </span>
    </p>
   </div>
   <div class='ocr_carea' id='block_1_12' title="bbox 193 2630 1694 2688">
    <p class='ocr_par' dir='ltr' id='par_1_13' title="bbox 193 2630 1694 2688">
     <span class='ocr_line' id='line_1_48' title="bbox 193 2630 1694 2688; baseline 0.001 -18"><span class='ocrx_word' id='word_1_288' title='bbox 193 2642 230 2670; x_wconf 72' lang='grc' dir='ltr'>ιο</span> <span class='ocrx_word' id='word_1_289' title='bbox 259 2631 321 2671; x_wconf 91' lang='lat' dir='ltr'>tui</span> <span class='ocrx_word' id='word_1_290' title='bbox 350 2632 643 2674; x_wconf 87' lang='lat' dir='ltr'>ammiracione</span> <span class='ocrx_word' id='word_1_291' title='bbox 673 2633 857 2688; x_wconf 83' lang='lat' dir='ltr'>suscepti</span> <span class='ocrx_word' id='word_1_292' title='bbox 888 2633 1125 2675; x_wconf 80' lang='lat' dir='ltr'>certaminis</span> <span class='ocrx_word' id='word_1_293' title='bbox 1157 2633 1419 2675; x_wconf 85' lang='lat' dir='ltr'>immemores</span> <span class='ocrx_word' id='word_1_294' title='bbox 1463 2630 1694 2686; x_wconf 81' lang='lat' dir='ltr'>reddidisti,</span> 
     </span>
    </p>
   </div>
   <div class='ocr_carea' id='block_1_13' title="bbox 1747 1808 1884 3126">
    <p class='ocr_par' dir='ltr' id='par_1_14' title="bbox 1747 1808 1884 3126">
     <span class='ocr_line' id='line_1_49' title="bbox 1747 1808 1884 3126; baseline 0 0"><span class='ocrx_word' id='word_1_295' title='bbox 1747 1808 1884 3126; x_wconf 95' lang='lat' dir='ltr'> </span> 
     </span>
    </p>
   </div>
  </div>
 </body>
</html>
