1884 3126
172 898 204 925 10

173 1187 204 1214 15

171 1476 207 1504 20

168 2056 205 2084 30

168 2344 204 2373 35

167 2636 204 2666 40

234 239 317 280 230
796 260 848 266 -—
910 235 999 277 VII
1060 259 1112 265 —-

235 367 376 421 rigore
408 364 615 419 deposito,
648 363 934 406 blandioribus
955 363 972 416 11
995 364 1157 406 hostem
1182 362 1330 405 officiis
1353 365 1672 409 attrectandam.

236 424 373 479 Igitur
404 423 488 475 Alf,
519 436 644 477 quarn
676 426 787 464 terra
819 422 1021 477 marique,
1062 426 1126 463 tot
1157 421 1423 463 obstantibus
1464 424 1674 477 periculis,

235 481 448 523 indefesso
499 480 643 522 labore
687 480 923 535 quesierat,
974 494 1102 535 supra
1146 494 1262 535 spem
1308 479 1447 521 offerri
1489 482 1674 535 gauisus,

238 539 431 594 cupidius
464 538 786 593 apprehensam,
818 539 979 579 uirilem
1013 538 1170 579 cultum
1214 538 1256 578 in
1286 538 1536 579 muliebrem
1577 554 1674 582 con-

240 602 405 638 uertere
437 596 594 651 coegit3
636 611 690 638 ex
723 610 805 651 qua
836 601 933 651 post
964 595 1135 637 modum
1167 596 1293 637 filiam
1327 595 1549 638 Guritham
1580 612 1675 653 pro—

240 655 416 697 creauit.
478 653 562 696 Sed
595 657 635 695 et
670 653 884 695 Bor-carus
926 653 1102 695 Aluilde
1134 653 1342 706 comitem,
1376 654 1462 695 Gro
1496 656 1677 708 nomine,

237 712 505 754 matrimonio
540 711 804 767 complexus,
844 712 976 752 filium
1017 725 1069 752 ex
1115 725 1164 753 ea
1196 711 1436 753 Haraldum
1480 715 1675 770 suscepit,

237 785 363 826 quem
396 783 579 826 sequens
611 774 699 811 etas
731 769 949 825 Hyldetan
982 769 1308 824 cognominauit.

374 827 429 869 Et
460 828 609 883 nequis
632 828 744 868 hunc
773 827 897 869 bellis
925 841 1074 869 sexum
1105 827 1323 869 insudasse
1355 828 1544 882 miretur,
1576 843 1674 884 quc-

235 886 332 927 dam
373 886 425 927 de
467 886 612 927 talium
655 884 901 927 feminarum
948 885 1194 927 condicione
1246 889 1286 926 et
1330 886 1517 928 moribus
1564 901 1675 928 com-

236 943 389 999 pendio
436 943 597 985 modice
646 940 920 998 digressionis
966 943 1203 998 expediam.
1276 943 1413 985 Fuere
1462 945 1673 1000 quondam

236 1001 347 1057 apud
380 1001 524 1044 Danos
555 1001 723 1055 femine,
756 1014 836 1056 que
859 1000 1037 1042 formam
1070 1015 1186 1042 suam
1218 1002 1259 1042 in
1292 1001 1453 1043 uirilem
1486 1002 1673 1044 habitum

236 1064 535 1102 conuertentes
568 1059 708 1100 omnia
740 1072 848 1114 pene
880 1063 1119 1114 temporum
1151 1063 1363 1101 momenta
1395 1060 1447 1101 ad
1478 1062 1675 1103 excolen-

237 1118 335 1160 dam
365 1117 562 1159 miliciam
596 1116 885 1170 conferebant,
917 1131 970 1159 ne
1002 1117 1167 1158 uirtutis
1198 1131 1353 1158 neruos
1383 1118 1549 1160 luxurie
1582 1133 1675 1160 con-

235 1177 406 1231 tagione
438 1176 630 1217 hebetari
662 1178 921 1230 paterentur.
993 1175 1206 1228 Siquidem
1247 1175 1470 1217 delicatum
1503 1176 1675 1219 uiuendi

237 1248 369 1289 genus
403 1248 551 1288 perose
575 1247 725 1288 corpus
748 1233 1016 1287 animumque
1047 1233 1263 1288 paciencia
1284 1247 1333 1274 ac
1354 1233 1500 1275 labore
1523 1234 1674 1276 durare

238 1292 447 1344 solebant,
478 1296 700 1346 totamque
730 1290 912 1333 feminee
946 1291 1131 1332 leuitatis
1163 1291 1388 1333 molliciem
1429 1291 1673 1334 abdicantes

237 1350 441 1391 muliebre
480 1350 695 1404 ingenium
737 1349 846 1390 uirili
885 1349 946 1390 uti
987 1349 1141 1391 seuicia
1182 1349 1405 1404 cogebant.
1472 1349 1552 1392 Sed
1590 1351 1595 1402 Ι
1629 1356 1670 1392 et

238 1412 358 1450 tanta
402 1422 500 1449 cura
541 1408 602 1449 rei
644 1407 833 1448 militaris
872 1407 1072 1448 noticiam
1119 1408 1371 1462 captabant,
1411 1411 1458 1448 ut
1494 1408 1671 1450 feminas

237 1466 404 1508 exuisse
436 1466 570 1521 quiuis
592 1469 770 1520 putaret.
821 1463 1063 1520 Precipuess
1094 1479 1213 1519 uero,
1247 1465 1398 1520 quibus
1419 1469 1494 1506 aut
1520 1466 1675 1521 ingenii

236 1524 360 1579 uigor
390 1528 464 1565 aut
495 1524 649 1565 decora
679 1536 900 1578 corporum
933 1523 1165 1578 proceritas
1199 1528 1300 1574 erat,
1339 1522 1381 1564 id
1425 1524 1512 1566 uite
1542 1538 1674 1579 genus

236 1581 435 1624 incedere
467 1585 791 1623 consueuerant.
854 1580 923 1622 He
955 1594 1070 1636 ergo,
1111 1581 1286 1636 perinde
1316 1594 1365 1622 ac
1403 1583 1547 1623 natiue
1578 1596 1674 1624 con-

238 1639 409 1682 dicionis
455 1640 739 1687 immemores,
787 1639 1053 1694 rigoremque
1103 1638 1323 1681 blandiciis
1373 1639 1673 1693 anteferentes,

236 1697 349 1739 bella
389 1711 466 1752 pro
509 1697 636 1739 basiis
675 1696 966 1749 intentabant,
1007 1697 1359 1753 sanguinemque,
1406 1711 1491 1738 non
1531 1699 1675 1740 oscula

170 1787 185 1794 -
236 1755 485 1806 delibantes,
517 1768 730 1797 armorum
762 1755 908 1810 pocius
942 1769 1066 1809 quam
1099 1769 1290 1797 amorum
1313 1754 1453 1797 officia
1482 1756 1675 1811 frequen-

238 1814 401 1867 tabant,
432 1826 680 1867 manusque,
712 1827 814 1868 quas
845 1813 886 1853 in
919 1813 1025 1854 telas
1047 1818 1195 1867 aptare
1218 1813 1463 1864 debuerant,
1495 1814 1675 1855 telorum

240 1871 452 1926 obsequiis
483 1871 753 1922 exhibebant,
785 1874 831 1912 ut
861 1871 943 1912 iam
975 1884 1060 1912 non
1091 1871 1214 1923 lecto,
1247 1871 1319 1912 sed
1342 1871 1427 1913 leto
1460 1871 1675 1914 studentes

238 1929 408 1985 spiculis
440 1932 704 1984 appeterent,
737 1943 840 1984 quos
872 1928 1054 1970 mulcere
1086 1929 1224 1984 specie
1254 1929 1499 1984 potuissent.
1551 1929 1676 1972 Nunc

237 2001 263 2029 a
295 1986 545 2028 diuerticulo
576 1988 841 2052 propositum
872 1991 1074 2042 repetam.

377 2043 500 2086 Veris
532 2044 680 2094 inicio,
722 2058 814 2085 cum
847 2044 922 2085 Alf
951 2049 992 2086 et
1022 2043 1227 2099 Algerus,
1270 2044 1458 2098 repetitis
1501 2045 1674 2100 piratice

238 2102 449 2157 operibus,
482 2102 600 2144 uaria
621 2103 797 2158 pelagus
824 2103 1103 2158 nauigacione
1134 2106 1359 2153 tentarent,
1390 2103 1432 2144 in
1459 2102 1674 2145 Hamundi

235 2161 371 2215 reguli
401 2160 504 2202 filios
536 2160 719 2214 Helwin,
760 2160 1059 2215 Hagbarthum
1100 2164 1143 2201 et
1174 2159 1446 2202 Hamundum
1489 2161 1674 2203 centenis

235 2218 420 2260 incidere
449 2219 643 2273 nauigiis
715 2218 878 2267 Quibus
920 2219 1037 2260 illato
1070 2218 1224 2273 preliO,
1270 2233 1363 2261 cum
1404 2218 1539 2261 fessas
1571 2218 1673 2260 cede

237 2276 411 2319 dextras
443 2277 532 2319 sola
564 2276 799 2332 crepusculi
831 2276 963 2332 caligo
996 2276 1220 2329 dirimeret,
1252 2282 1381 2318 noctu
1403 2277 1522 2318 militi
1552 2276 1675 2318 fedus

233 2334 477 2390 imponitur.
541 2333 666 2382 Quod
697 2339 870 2389 postero
913 2334 981 2377 die
1013 2335 1174 2390 perpeti
1204 2334 1385 2376 inuicem
1416 2335 1505 2376 iure
1537 2335 1674 2375 firma-

234 2396 325 2433 tum
357 2396 432 2445 est,
465 2394 583 2434 tanto
614 2392 790 2435 uulnere
821 2393 1019 2434 hesterna
1049 2405 1193 2447 pugna
1213 2393 1439 2447 utrobique
1462 2397 1673 2447 suscepto,

234 2453 281 2492 ut
310 2450 426 2491 nulla
456 2450 690 2492 renouandi
721 2451 960 2492 certaminis
990 2449 1167 2492 facultas
1198 2450 1414 2492 existeret.
1459 2450 1539 2503 Ita,
1571 2464 1674 2505 quos

232 2522 311 2563 par
341 2508 474 2549 uirtus
497 2507 705 2561 exhausit,
737 2508 966 2550 necessitas
995 2508 1038 2548 in
1068 2521 1215 2563 pacem
1247 2508 1397 2562 coegit.
1448 2508 1533 2549 Per
1562 2507 1674 2549 idem

234 2571 402 2620 tempus
434 2564 726 2620 Hildigisleus,
759 2566 872 2607 claro
905 2565 1144 2607 Teutonum
1174 2565 1265 2608 loco
1299 2571 1426 2619 ortus,
1468 2565 1601 2607 forme
1633 2571 1675 2606 et

234 2623 466 2667 nobilitatis
502 2623 657 2667 fiducia
687 2623 873 2682 Sygnem
904 2623 1039 2679 Sigari
1077 2623 1203 2666 filiam
1236 2622 1486 2682 postulabat.
1545 2622 1674 2681 Apud

1728 377 1819 411 (128³

1725 1359 1821 1392 p.338

1700 1473 1860 1502 valub
