1884 3126
729 223 785 231 —-
843 201 956 245 VIII
1015 227 1069 233 —-
1542 211 1626 252 263

179 331 294 370 metu
327 327 520 372 Sueones
551 328 630 371 hac
661 329 773 372 illlac
803 330 924 372 hasta
945 332 1174 389 gladioque
1206 333 1402 389 dispellit.
1456 336 1514 378 Et
1542 336 1626 378 iam

178 400 287 442 pene
318 401 384 428 res
416 388 457 429 in
480 388 627 442 fugam
659 394 859 440 cesserat,
886 404 980 431 cum
1004 390 1190 445 Hagder,
1215 392 1376 434 Rolder
1407 398 1448 435 et
1470 395 1625 445 Gratim

179 444 443 487 emulacione
490 446 658 488 uirtutis
702 446 908 488 athletam
948 448 1099 502 adorti,
1140 450 1354 504 publicam
1395 453 1626 507 perniciem

178 503 345 558 priuato
389 503 596 546 redimere
636 505 825 560 periculo
868 510 1122 549 statuerunt.
1194 507 1354 550 Verum
1391 512 1624 553 comminus

127 575 144 602 5
174 561 333 603 instare
364 562 513 615 ueriti,
553 562 725 618 spiculis
765 564 916 618 procul
958 564 1169 617 agendum
1213 566 1439 621 curabant3
1480 569 1623 624 sicque

178 619 543 662 crebrescentibus
583 621 733 662 iaculis
773 622 936 663 eminus
978 621 1104 663 Vbbo
1151 623 1408 678 confoditur,
1455 627 1622 669 nemine

176 678 350 733 propius
383 693 478 720 cum
509 679 602 734 ipso
635 693 809 720 manum
841 693 1062 721 conserere
1094 686 1373 735 presumente.
1442 683 1622 725 Centum

178 735 461 792 quadraginta
483 741 665 792 quatuor
698 738 852 792 sagitte
884 739 1000 792 prius
1031 743 1179 793 pectus
1201 740 1417 794 preliantis
1448 741 1623 784 obsede-

175 798 282 846 rant,
312 808 439 850 quam
461 795 588 850 lapsis
608 797 795 851 corporis
818 797 979 837 uiribus
1001 797 1092 838 solo
1116 798 1320 853 poplitem
1343 798 1474 841 daret.
1512 799 1621 840 Tum

107 866 144 894 10
174 852 345 894 demum
376 867 452 908 per
474 853 697 896 Throndos
731 868 902 910 eosque,
935 855 1005 910 qui
1035 854 1144 896 Dala
1175 856 1437 910 prouinciam
1468 858 1622 909 colunt,

175 911 325 966 ingens
340 910 393 952 de
407 911 543 953 Danis
558 911 699 954 clades
714 916 888 967 accepta
907 919 984 955 est.
1002 911 1110 953 Nam
1129 927 1290 954 summa
1308 915 1622 969 sagittariorum

175 970 219 1010 ui
249 968 465 1011 recruduit
495 970 676 1022 bellum,
720 984 798 1012 nec
830 971 913 1012 alia
944 985 1010 1013 res
1043 972 1194 1012 nostris
1225 972 1498 1027 perniciosior
1528 973 1620 1016 fuit.

314 1028 370 1069 At
402 1027 631 1078 Haraldus,
664 1043 759 1070 cum
791 1027 998 1070 defectam
1032 1029 1192 1071 lumine
1225 1034 1438 1072 senectam
1462 1036 1620 1086 ageret,

174 1085 292 1128 triste
338 1100 513 1128 suorum
558 1101 747 1128 murmur
778 1087 1042 1138 exaudiens,
1082 1088 1314 1138 intellexit,
1359 1089 1619 1143 superiorem

106 1157 142 1185 15
174 1143 368 1186 hostibus
400 1145 593 1187 arrisisse
625 1144 850 1187 fortunam.
922 1146 1059 1200 Igitur
1092 1149 1137 1186 ut
1177 1150 1267 1187 erat
1297 1145 1452 1187 falcato
1494 1161 1617 1188 curru

174 1206 337 1254 uectus,
370 1202 626 1256 Brunonem,
655 1204 660 1256 Ι
689 1204 837 1257 aurige
871 1218 946 1257 per
977 1203 1148 1244 insidias
1181 1203 1319 1245 officio
1350 1203 1619 1259 fungentem,
1673 1223 1700 1248 p·
1720 1215 1770 1241 390

175 1260 344 1316 qualem
375 1260 516 1315 Ringo
548 1262 587 1303 in
623 1260 898 1303 centurianda
930 1262 1020 1302 acie
1065 1266 1255 1303 tenorem
1295 1261 1512 1314 habuerit,
1554 1276 1620 1303 co-

175 1332 380 1374 gnoscere
412 1320 541 1361 iubet.
606 1319 703 1374 Qui,
734 1320 907 1375 paulum
941 1319 1080 1361 soluto
1114 1320 1155 1360 in
1186 1320 1312 1360 risum
1344 1320 1493 1374 uultu,
1533 1333 1622 1361 661-

175 1377 362 1418 niculata
392 1377 511 1418 illum
543 1378 632 1420 acie
668 1379 898 1433 preliatum
929 1377 1159 1432 respondit.
1230 1377 1324 1425 Quo
1357 1377 1501 1419 audito
1544 1392 1620 1419 rex

103 1448 142 1476 20
172 1434 389 1490 trepidare
413 1436 553 1478 animo
578 1437 700 1491 cepit,
734 1450 783 1478 ac
813 1450 889 1492 per
920 1450 1131 1477 summam
1152 1435 1495 1477 ammiracionem
1527 1450 1620 1490 per-

174 1493 356 1544 contari,
395 1508 478 1549 quo
524 1494 667 1550 Ringo
711 1495 842 1536 talem
891 1493 1111 1535 ordinandi
1163 1493 1340 1548 agminis
1385 1493 1620 1534 doctrinam

172 1556 344 1593 auctore
368 1553 641 1603 contraxerit,
673 1553 858 1593 maxime
890 1566 983 1593 cum
1016 1551 1213 1606 Othynus
1247 1550 1463 1605 discipline
1494 1551 1618 1593 huius

172 1609 352 1651 traditor
384 1624 433 1652 ac
462 1616 659 1666 repertor
691 1611 894 1662 extiterit,
927 1624 1006 1651 nec
1037 1609 1091 1650 ab
1123 1611 1211 1663 ipso
1240 1609 1446 1664 quispiam
1478 1614 1619 1663 preter

173 1682 217 1709 se
258 1681 418 1710 nouum
458 1669 540 1710 1166
577 1669 639 1710 161
683 1669 834 1711 bellice
880 1667 1181 1710 documentum
1226 1667 1476 1721 perceperit.
1550 1667 1619 1707 Ad

102 1737 139 1765 25
171 1725 286 1781 quod
316 1726 467 1767 silente
496 1727 714 1780 Brunone,
750 1727 879 1769 subiit
912 1739 1068 1780 regem,
1102 1725 1319 1780 Othynum
1361 1724 1469 1765 hunc
1514 1738 1617 1776 esse,

174 1784 357 1839 olimque
397 1784 605 1827 familiare
647 1785 725 1826 sibi
771 1798 926 1826 numen
966 1782 1340 1839 impresenciarum
1381 1781 1518 1831 dande
1548 1782 1618 1823 uel

172 1842 460 1884 subtrahende
500 1843 590 1899 opis
633 1843 776 1897 gracia
818 1842 1058 1883 uersiforr‘ni
1102 1841 1285 1894 corporis
1332 1839 1478 1880 habitu
1516 1840 1616 1894 tegi.

175 1899 253 1941 Oui
282 1914 383 1942 mox
416 1902 654 1956 supplicare
688 1901 885 1942 obnixius
916 1899 1037 1954 cepit,
1071 1899 1133 1939 uti
1163 1898 1309 1950 Danis,
1342 1897 1489 1953 quibus
1520 1901 1615 1938 ante

172 1957 435 2000 clementer*
475 1959 656 2010 affuerit,
699 1972 940 2015 supremam
981 1970 1151 2013 quoque
1190 1956 1409 1997 uictoriam
1444 1955 1615 2008 tribuat,
1631 1962 1822 1990 hXXVle

102 2028 140 2057 30
171 2017 613 2073 complementumque
661 2017 852 2059 beneficii
897 2016 1047 2070 origini
1092 2019 1344 2069 exequaret,
1391 2013 1527 2054 eidem
1572 2027 1616 2054 se

170 2079 483 2130 prostratorum
516 2089 661 2117 manes
694 2075 878 2117 muneris
909 2075 1004 2115 loco
1035 2071 1046 2127 Η
1080 2072 1367 2114 dedicaturum
1389 2071 1611 2127 pollicitus.
1676 2077 1761 2112 (147)

171 2132 230 2174 At
259 2133 431 2187 BrunO,
459 2133 579 2175 ’1111111
612 2133 873 2175 obsecrantis
915 2132 1111 2187 precibus
1143 2134 1301 2183 motus,
1332 2134 1505 2184 repente
1541 2143 1614 2170 ex-

171 2205 340 2233 cussum
392 2206 517 2233 curru
578 2205 724 2247 regem
774 2190 969 2232 arietauit
1018 2189 1059 2230 in
1110 2193 1289 2239 terram,
1341 2189 1615 2242 ereptamque

173 2249 340 2291 cadenti
373 2250 537 2291 clauam
578 2250 621 2290 in
651 2250 783 2305 ipsius
825 2253 953 2303 caput
995 2246 1189 2298 detorsit,
1230 2245 1483 2300 proprioque
1521 2257 1617 2284 eum

103 2319 141 2348 35
164 2308 407 2362 gestamine
447 2307 674 2350 interfecit.
743 2307 947 2349 Iacebant
987 2306 1098 2346 circa
1141 2317 1305 2345 currum
1347 2303 1458 2356 regis
1497 2302 1616 2366 innu-

173 2378 288 2407 mera
320 2365 602 2407 extinctorum
637 2378 842 2420 corpora,
861 2369 1130 2417 rotarumque
1162 2361 1375 2415 fastigium
1398 2373 1616 2413 congerles

171 2422 345 2465 funesta
375 2424 588 2466 uincebat.
649 2423 878 2465 Temonem
919 2434 1088 2476 quoque
1131 2419 1383 2461 cadauerum
1424 2417 1616 2458 cumulus

173 2485 476 2535 exequauerat.
545 2481 654 2523 Nam
698 2481 740 2522 in
783 2480 872 2522 acie
903 2478 1110 2533 Ringonis
1149 2477 1202 2518 ad
1245 2474 1467 2539 duodecim
1503 2474 1617 2514 milia

172 2552 369 2594 proceres
417 2539 646 2580 exanimati
689 2544 802 2581 sunt.
874 2537 933 2578 At
977 2551 1030 2578 ex
1072 2538 1192 2589 parte
1234 2532 1432 2584 Haraldl,
1477 2535 1618 2586 preter

103 2609 142 2637 40
171 2597 444 2654 popularium
473 2601 672 2653 stragem,
703 2596 757 2638 ad
790 2595 949 2638 .XXX.
982 2594 1094 2635 milia
1124 2605 1321 2648 proceres
1354 2593 1617 2631 corruerunt.
