1884 3126
208 888 241 915 10

206 1189 240 1217 15

205 1477 240 1505 ‘20

206 2069 243 2096 30

205 2357 243 2384 35

273 194 325 236 18
870 194 1116 236 «1,-

478 317 642 361 Clarius
673 323 772 374 post
802 319 882 362 hoc
915 320 1119 376 agathum
1151 321 1339 364 manebit

477 375 547 432 Ag
549 376 684 419 nitum
714 377 800 419 late
832 378 1006 421 meliore
1035 377 1161 430 fama,

479 433 557 477 Oui
588 448 690 477 suus
722 435 893 478 laudem
925 436 1176 493 decorisque
1208 437 1390 491 culmen,

614 493 803 548 Arrogat
833 498 996 537 auctor.

409 584 560 627 Occiso
593 584 741 628 Suetie
772 599 873 642 rege
904 585 1300 642 Sigtrugo,G1am
1341 586 1554 641 quesitum
1586 587 1711 628 armis

270 643 491 700 imperium
530 644 803 698 possessione
845 644 1014 686 firmare
1058 644 1253 710 cupiens,
1295 644 1521 686 Suarinum
1553 644 1710 686 Gothic

270 701 502 758 prefectum
536 701 590 742 ob
612 701 794 743 affectati
817 703 936 757 regni
959 702 1240 758 suspicionem
1270 702 1313 744 in
1334 716 1477 757 pugne
1499 706 1711 745 certamen

272 760 527 802 deuocatum
561 761 794 814 oppressit,
837 760 1077 815 fratresque
1113 760 1201 801 eius
1234 765 1397 815 septem
1430 761 1712 825 matrimonio,

271 832 429 861 nouem
459 816 611 871 pellice
642 821 900 872 procreatos,
932 818 1081 873 impari
1109 817 1396 860 dimicacionis
1427 821 1598 873 genere,
1629 818 1714 860 fra-

273 882 393 919 terne
424 875 541 916 necis
574 875 787 917 ulcionem
817 881 1027 930 petenteS,
1061 875 1308 930 absumpsit.

408 932 537 974 Hunc
567 936 701 987 pater,
733 932 878 974 ultime
911 934 994 974 iam
1018 933 1154 986 etatis,
1187 934 1241 975 ob
1273 948 1339 976 res
1370 933 1542 989 egregie
1569 937 1712 989 gestas

269 991 433 1048 imperii
451 990 725 1033 consorcione
743 990 927 1043 donauit,
945 992 1151 1046 regnique
1168 1005 1376 1033 summam
1394 1006 1487 1034 cum
1505 991 1712 1046 sanguine

271 1064 345 1091 suo
377 1048 709 1100 communicare,
750 1062 875 1103 quam
914 1049 957 1090 in
990 1048 1164 1090 occidue
1197 1049 1281 1090 uite
1313 1053 1425 1091 statu
1466 1049 1554 1091 sine
1585 1049 1714 1105 parti-

272 1109 362 1163 cipe
393 1119 542 1161 gerere
574 1112 662 1148 tum
693 1106 850 1159 utilius,
882 1110 972 1148 tum
1004 1108 1137 1148 eciam
1168 1105 1450 1150 comssmodius
1482 1107 1616 1150 duxit.

409 1176 544 1231 Igitur
585 1189 680 1217 cum
720 1175 883 1231 Ringo,
923 1176 1145 1231 splendido
1188 1176 1400 1218 Sialandie
1441 1177 1535 1218 loco
1577 1181 1715 1229 natus,

272 1235 451 1276 alterum
483 1247 537 1274 ex
568 1233 632 1275 his
663 1233 811 1276 honori
841 1234 1198 1289 intempestiuum,
1238 1235 1419 1277 alterum
1448 1235 1532 1276 iam
1562 1234 1717 1276 uirium

271 1306 399 1334 cursu
431 1290 677 1334 defunctum
709 1295 901 1347 putaret,
945 1292 1152 1334 infirmam
1182 1293 1402 1348 utriusque
1434 1296 1589 1334 etatem
1622 1305 1717 1333 cau-

271 1355 411 1403 satus,
454 1363 664 1391 nouarum
707 1364 847 1391 rerum
890 1349 1030 1391 studio
1068 1350 1269 1393 maiorem
1299 1351 1520 1392 Danorum
1553 1354 1715 1405 partem

271 1408 492 1461 sollicitat3
536 1407 646 1448 hunc
690 1407 883 1462 puerilis,
925 1408 1044 1448 illum
1088 1408 1229 1450 senilis
1271 1408 1398 1450 animi
1436 1408 1713 1451 deliramento

272 1466 387 1520 regie
417 1466 618 1521 potestati
647 1465 875 1506 inhabilem
906 1466 1200 1521 protestando.
1252 1466 1291 1507 A
1324 1466 1475 1522 quibus
1507 1465 1621 1507 bello
1645 1466 1715 1507 ob-

273 1525 397 1565 tritus
444 1522 697 1564 documento
746 1523 985 1565 hominibus
1031 1523 1132 1577 suit,
1177 1524 1336 1566 nullam
1383 1525 1506 1566 etatis
1552 1527 1715 1579 partem

273 1581 419 1623 uirtuti
449 1582 727 1636 incongruam
760 1581 991 1623 existimari
1023 1581 1189 1624 debere.

409 1650 507 1692 Alia
552 1664 720 1706 quoque
764 1652 983 1706 complura
1028 1651 1158 1692 Gram
1201 1651 1310 1706 regis
1352 1650 1540 1692 facinora
1582 1650 1713 1692 fuere.

274 1708 494 1750 Aduersus
537 1708 757 1750 Sumblum
800 1709 1064 1751 Phinnorum
1105 1723 1248 1764 regem
1287 1708 1443 1749 bellum
1485 1708 1714 1763 professus,

230 1779 242 1794 f
277 1768 328 1808 ad
373 1770 591 1822 aspectum
632 1767 716 1808 filie
758 1767 847 1809 eius
880 1766 1030 1822 Signes
1074 1767 1277 1822 depositis
1308 1767 1457 1819 armis,
1497 1780 1550 1807 ex
1591 1766 1714 1808 hoste

276 1839 429 1880 procus
483 1825 642 1878 euasit,
695 1839 876 1880 eamque
926 1826 1134 1880 promisso
1182 1825 1372 1879 coniugis
1418 1838 1492 1865 sue
1537 1825 1714 1878 repudio

273 1888 422 1938 pactus
466 1882 708 1936 despondit.
784 1883 922 1931 Quam
966 1898 1084 1937 cum,
1135 1882 1247 1924 bello
1293 1882 1557 1936 Noruagico,
1604 1881 1714 1937 quod

274 1940 504 1984 aduersum
527 1940 848 1996 Swibdagerum
877 1955 1019 1996 regem
1052 1941 1105 1983 ob
1138 1940 1291 1982 sororis
1325 1940 1491 1995 filieque
1522 1946 1714 1994 stuprum

274 2002 541 2054 susceperat,
573 1998 625 2039 ad
664 1998 832 2040 modum
867 2003 1111 2054 occupatus,
1143 1998 1327 2041 saxonie
1358 1999 1448 2052 regi
1480 1997 1494 2051 ΙΙ
1526 1997 1714 2039 Henrico

275 2056 437 2098 Sumbli
458 2056 638 2112 perfidia
654 2057 696 2097 in
719 2058 1030 2098 matrimonium
1054 2056 1301 2112 promissam
1318 2056 1470 2097 nuncio
1491 2055 1717 2103 didicisset,

273 2115 443 2170 propior
485 2114 680 2168 uirginis,
723 2129 849 2170 quam
893 2115 1072 2156 militum
1114 2114 1299 2166 caritati,
1342 2113 1486 2155 relicto
1526 2113 1716 2155 exercitu

275 2173 427 2214 tacitus
469 2172 511 2213 in
554 2172 778 2213 Phinniam
823 2172 1060 2223 contendit,
1106 2171 1395 2226 inchoatisque
1436 2171 1517 2213 iam
1554 2170 1716 2226 nupciis

275 2231 604 2285 superueniens,
648 2235 841 2272 extreme
874 2231 1049 2272 uilitatis
1080 2233 1199 2272 ueste
1232 2234 1426 2284 sumpta,
1469 2228 1715 2284 despicabili

276 2287 450 2330 sedendi
470 2287 560 2330 loco
594 2287 818 2330 discubuit.
872 2288 1068 2342 Rogatus
1090 2287 1291 2343 quidnam
1313 2287 1494 2336 afferret,
1520 2285 1715 2328 medendi

275 2346 452 2388 solercia
480 2345 717 2400 profitetur.
764 2345 832 2386 Ad
862 2351 1137 2402 postremum,
1171 2345 1363 2386 omnibus
1396 2344 1601 2386 ebrietate
1631 2358 1715 2384 ma-

274 2404 497 2454 dentibus,
539 2404 724 2459 puellam
767 2404 958 2458 intuens,
1000 2403 1151 2446 mediis
1192 2403 1496 2459 perstrepentis
1532 2402 1715 2443 conuiuii

274 2461 439 2516 gaudiis
470 2474 545 2517 per
576 2475 781 2502 summam
813 2461 997 2504 feminee
1027 2461 1215 2504 leuitatis
1244 2461 1561 2503 execracionem
1582 2459 1714 2501 maxi-

274 2533 473 2575 mamque
488 2518 695 2560 uirtutum
712 2534 883 2561 suarum
899 2519 1213 2574 gloriacionem,
1236 2517 1542 2574 indignacionis
1558 2517 1716 2572 magni-

272 2577 462 2619 tudinem
493 2576 735 2618 huiusmodi
770 2577 953 2619 carmine
983 2577 1203 2633 patefecit:

1744 346 1770 371 p.
1789 339 1822 368 32

1759 1123 1805 1152 Vb

1758 2015 1806 2047 (9)
