1884 3126
209 895 240 921 lo

210 1183 242 1211 15

205 2047 244 2076 :30

208 2335 245 2363 35

272 229 355 271 200
846 253 895 259 -
957 230 1021 273 VI
1083 255 1135 262 -

272 357 525 412 tandemque
557 357 711 412 Ingelli
742 358 926 414 hospicio
958 374 1067 407 usus,
1099 360 1238 401 sedem
1271 360 1498 401 maioribus
1529 359 1710 401 destina-

273 420 359 456 tam
405 429 478 456 suo
529 429 643 457 more
689 415 943 460 conscendit.
1020 418 1184 473 Quippe
1231 417 1342 472 apud
1387 418 1534 472 prioris
1581 418 1710 459 seculi

272 487 393 528 reges
424 473 724 528 amplissimum
759 474 974 529 dignitatis
1005 475 1183 529 gradum
1207 475 1395 516 obtinere
1427 480 1709 517 consueuerat.

273 531 408 578 Quem
441 545 534 571 eum
566 531 714 585 regina
744 533 936 586 squalore
967 533 1143 574 obsitum
1177 533 1435 588 sordidisque
1466 537 1507 573 et
1539 533 1710 586 agresti·-

274 588 349 629 bus
381 589 528 643 pannis
559 593 745 630 utentem
777 590 964 644 ingressa
996 591 1274 645 conspiceret,
1319 591 1370 631 ob
1402 590 1711 631 deformitatem

275 646 409 687 cultus
439 660 587 701 parum
620 647 779 688 curiosa
809 647 985 702 hospitis
1029 649 1263 689 estimati-ix
1295 648 1464 701 effecta,
1506 648 1710 702 simulque

274 705 413 744 uirum
437 718 489 744 ex
512 709 628 745 ueste
651 705 846 757 meciens,
870 706 1108 747 stoliditatis
1125 706 1385 761 increpitum,
1409 706 1517 761 quod
1536 706 1712 747 maiores

275 761 482 803 discubitu
539 763 810 816 precurrisset
869 777 916 804 ac
957 764 1095 805 sedem
1142 764 1294 805 rustico
1340 764 1453 804 cultu
1495 763 1709 818 indignam

275 823 542 874 occupasset,
586 819 676 861 1000
717 820 920 862 excedere
970 822 1107 874 iussit,
1154 836 1206 862 ne
1245 821 1482 876 puluinaria
1529 822 1711 873 tetriore,

272 891 395 932 quam
427 891 503 932 par
543 882 673 930 esset,
715 878 863 919 habitu
902 883 1186 920 contrectaret.
1249 879 1369 927 Quod
1407 879 1518 919 enim
1556 879 1626 920 illc
1659 893 1712 920 ex

273 934 425 976 fiducia
475 935 650 989 agebat,
711 936 926 977 stoliditati
978 941 1102 992 atque
1152 937 1416 992 impudencie
1470 937 1711 993 deputabat,

274 994 444 1047 ignara,
496 994 709 1048 aliquanto
759 994 1016 1048 splendidius
1067 1000 1249 1036 mentem
1295 1008 1419 1049 quam
1467 1000 1629 1036 uestem
1670 995 1712 1035 in

274 1051 442 1092 sublimi
472 1051 612 1092 lucere
653 1066 858 1094 consessu.
920 1052 1067 1093 Paruit
1107 1053 1316 1093 animosus
1355 1066 1504 1103 seneX,
1546 1054 1713 1093 tametsi

275 1109 443 1164 repulsa
490 1122 614 1163 eger.
660 1109 973 1164 indebitamque
1018 1110 1252 1151 fortitudini
1298 1124 1370 1151 sue
1419 1110 1714 1152 contumeliam

275 1167 446 1221 egregio
478 1167 604 1208 animi
636 1171 965 1222 temperamento
999 1168 1242 1223 suppressit,
1275 1172 1492 1222 acceptum
1515 1168 1715 1209 ruborem

275 1239 352 1266 nec
383 1239 485 1266 uoce
518 1239 594 1266 nec
625 1226 783 1279 gemitu
831 1231 1092 1280 prosecutus.-
1150 1224 1239 1266 Nec
1271 1230 1412 1266 tamen
1443 1226 1613 1266 tacitam
1646 1225 1715 1266 do-

274 1283 371 1324 loris
395 1283 668 1324 acerbitatem
690 1297 859 1337 prorsus
880 1283 1087 1324 occultare
1110 1283 1319 1325 sustinuit.
1356 1282 1581 1338 Exurgens
1603 1283 1714 1324 enim

275 1345 402 1395 atque
433 1341 474 1381 in
507 1341 698 1382 ultimam
722 1341 809 1382 edis
841 1346 1003 1396 partem
1028 1341 1238 1391 secedens,
1270 1340 1374 1382 adeo
1395 1341 1485 1396 ipsa
1506 1341 1714 1396 parietum

275 1398 424 1439 robora
456 1398 613 1440 dimissi
646 1399 828 1453 corporis
859 1399 1041 1453 impulsu
1074 1399 1287 1448 contudit,
1331 1403 1376 1439 ut
1406 1403 1563 1440 tectum
1595 1399 1715 1439 ruina

206 1472 220 1499 2
274 1470 380 1511 pene
403 1457 557 1498 eximia
578 1457 790 1511 tignorum
812 1457 1095 1512 trepidacione
1117 1456 1393 1497 submitteret.
1446 1456 1537 1504 Quo
1559 1456 1714 1509 euenit,

275 1518 322 1554 ut
353 1528 437 1555 non
470 1515 602 1556 solum
633 1515 826 1569 repulsa,
867 1515 940 1560 sed
973 1515 1104 1556 ceiam
1136 1514 1388 1570 exprobrate
1429 1514 1506 1555 sibi
1537 1527 1715 1569 pauper-

275 1572 371 1613 tatis
403 1572 632 1626 ignominia
662 1572 891 1625 lacessitus,
923 1573 1029 1613 iram
1047 1586 1164 1613 suam
1196 1572 1421 1613 aduersum
1443 1572 1714 1613 contumelio-

275 1644 363 1670 sam
394 1631 538 1685 regine
568 1644 718 1672 uocem
749 1630 1012 1672 irreuocabili
1044 1630 1268 1671 seueritate
1300 1629 1590 1684 destringeret.

414 1690 549 1736 Quem
581 1702 674 1729 cum
715 1688 927 1741 Ingellus,
971 1702 995 1728 a
1038 1688 1265 1728 uenacione
1305 1701 1542 1742 regressus,
1585 1687 1716 1729 curio-

277 1745 453 1787 sioribus
484 1746 613 1787 oculis
645 1746 958 1798 collustratum,
1000 1759 1077 1786 nec
1117 1760 1160 1786 os
1201 1758 1380 1799 usquam
1420 1745 1607 1786 hilariter
1638 1745 1715 1786 cir-

283 1802 568 1846 cunferentem
599 1817 676 1844 nec
711 1818 753 1845 se
783 1803 1026 1857 assurgendi
1065 1803 1200 1844 officio
1229 1807 1501 1844 uenerantem
1531 1803 1716 1844 animad-

275 1865 483 1912 uerteret,
527 1861 843 1902 Starcatherum
885 1875 973 1902 esse
1005 1874 1154 1916 parum
1185 1860 1337 1901 blande
1369 1860 1516 1901 frontis
1546 1865 1718 1902 annota—

275 1919 394 1960 cione
445 1919 652 1973 cognouit.
740 1918 849 1959 Nam
901 1932 993 1960 cum
1055 1932 1202 1959 manus
1253 1918 1341 1959 eius
1392 1918 1541 1958 bellico
1592 1932 1716 1973 opere

275 1977 458 2030 duratas,
491 1977 703 2018 cicatrices
734 1977 909 2017 aduerso
940 1989 1112 2030 corpore
1144 1980 1355 2030 exceptas.
1384 1975 1715 2030 acerrimumque

275 2034 487 2076 oculorum
534 2035 726 2088 uigorem
773 2034 1036 2086 attenderet,
1084 2033 1401 2086 animaduertit,
1451 2046 1716 2088 nequaquam

278 2093 421 2134 enerui
452 2093 590 2133 animo
626 2106 736 2144 esse,
780 2092 894 2133 cuius
937 2105 1086 2146 corpus
1128 2095 1245 2132 tanta
1275 2091 1500 2132 uulnerum
1538 2091 1717 2145 uestigia

277 2150 573 2193 confodissent.
620 2149 900 2204 Obiurgatam
931 2149 1060 2204 igitur
1082 2163 1256 2190 uxorem
1288 2149 1516 2202 impensius
1542 2149 1717 2199 monuit,

276 2212 322 2249 ut
343 2208 506 2249 abiecto
529 2208 684 2249 irarum
707 2207 943 2263 supercilio,
976 2218 1099 2262 quem
1134 2207 1324 2248 conuicio
1357 2207 1546 2248 insecuta
1566 2205 1715 2260 fuerat,

275 2263 586 2321 blandilmentis
607 2266 867 2321 permulsum
887 2264 1148 2306 liberalitatis
1176 2264 1324 2306 officiis
1355 2264 1571 2316 deleniret,
1606 2264 1715 2306 eibo-

278 2339 360 2379 que
393 2328 436 2366 et
465 2322 645 2380 pocione
676 2323 886 2364 firmatum
927 2323 1106 2376 benigno
1147 2326 1358 2364 recrearet
1389 2322 1588 2377 alloquio,
1620 2337 1715 2378 pre-

277 2382 402 2435 fatus,
433 2381 545 2423 hunc
577 2380 653 2422 sibi
687 2381 783 2422 olim
816 2395 841 2422 a
870 2384 990 2436 patre
1021 2384 1204 2422 tutorem
1237 2380 1396 2433 datum,
1428 2379 1609 2421 infancie
1641 2395 1715 2421 sue

278 2439 687 2494 indulgentissimum
734 2439 924 2480 extitisse
972 2437 1199 2480 custodem.
1280 2437 1389 2479 Tum
1435 2451 1529 2479 sera
1575 2437 1715 2479 senilis

278 2497 402 2539 animi
451 2497 683 2551 cognitriX,
729 2497 865 2551 rigore
908 2496 950 2536 in
991 2495 1356 2538 mansuetudinem
1396 2508 1543 2548 uerso,
1590 2510 1715 2550 quem

280 2555 451 2611 repulsa
490 2554 709 2606 affecerat,
751 2553 928 2596 conuicii
960 2553 1238 2596 amaritudine
1268 2553 1552 2603 lacerauerat,
1594 2552 1715 2594 mini-

211 2626 249 2657 40
288 2613 447 2656 strandi
479 2613 619 2658 studio
652 2616 856 2657 uenerata
898 2616 982 2668 est,
1021 2615 1148 2670 atque
1178 2625 1232 2654 ex
1263 2610 1430 2669 hospita
1473 2609 1718 2669 indignante

1771 2282 1797 2306 p.

1817 2274 1849 2300 29
