1884 3126
289 857 324 882 10

287 1144 321 1169 15

285 1430 321 1456 20

364 201 446 243 546
896 217 945 224 -
1006 191 1145 234 XIIII
1203 215 1256 222 —

362 325 511 379 Itaque
550 321 793 377 precipuam
822 319 932 360 Iutie
975 321 1140 372 partem
1170 317 1396 372 Absalonis
1429 318 1588 360 auxilio
1626 325 1790 376 pactus,

363 381 529 422 Kanuto
560 378 739 432 supplex
771 377 860 417 fore
892 376 1111 428 sustinuit3
1145 375 1255 415 haud
1280 389 1491 430 quaquam
1521 382 1661 419 tamen
1693 379 1790 420 soli-

363 438 456 478 dam
488 437 597 489 regis
629 434 861 475 amiciciam
891 433 1166 487 recuperauit.
1228 431 1291 474 Ea
1322 434 1433 474 enim
1458 434 1572 488 regie
1602 435 1663 476 ire
1694 450 1787 491 per-

362 494 510 535 tinacia
557 497 671 545 erat,
722 497 768 532 ut
819 490 949 531 semel
998 504 1175 531 accensa
1226 489 1410 531 funditus
1461 492 1653 546 extingui
1702 507 1787 534 non

361 556 517 606 posset.

453 649 455 651 ,
495 607 652 647 Postea
673 620 762 657 reX,
794 605 1060 646 orientalium
1084 605 1330 647 Sclauorum
1352 605 1430 646 sibi
1454 606 1605 647 uirium
1635 607 1787 650 fiducia

358 663 654 706 rebellancium
686 662 969 704 defeccionem
1004 667 1348 719 expertus,‚cum
1384 663 1567 704 Henrico
1601 664 1785 708 Saxonie

358 726 524 776 satrapa
556 720 654 762 belli
675 720 878 762 societate
911 719 1115 771 condicta,
1147 734 1231 775 quo
1254 721 1413 762 firmius
1441 721 1626 763 amicicie
1649 729 1787 764 necte-

358 785 521 829 rentur,
567 778 691 819 filiam
737 778 847 829 eius,
891 791 945 819 ex
991 778 1168 832 coniuge
1215 782 1309 832 post
1351 778 1522 820 modum
1565 780 1788 834 repudiata

356 843 606 891 susceptam,
640 835 776 876 adhuc
806 835 1070 876 incunabulis
1103 836 1241 877 utenti
1273 836 1357 876 filio
1389 835 1576 887 Kanuto,
1607 838 1787 891 primum

357 894 477 935 etatis
508 908 664 934 annum
704 893 870 946 agenti,
897 893 901 944 Ι
931 906 1129 947 sponsam
1161 893 1328 934 adciuit.
1391 894 1565 948 ltaque.
1598 895 1786 938 Henrico

356 951 542 993 terrestri
585 957 791 1005 apparatu
835 951 1066 991 exercitum
1106 951 1358 1003 instruente,
1401 951 1490 1006 ipse
1534 953 1574 992 in
1613 953 1786 994 classem

356 1010 548 1060 collatus,
580 1023 671 1049 cum
706 1007 817 1063 apud
850 1008 1031 1063 Rugiam
1055 1009 1332 1063 peruenisset,
1364 1009 1521 1050 auxilia
1542 1010 1595 1050 ab
1627 1011 1787 1063 incolis,

356 1067 582 1108 amiciciam
616 1080 735 1106 suam
768 1065 894 1106 dubia
926 1065 1008 1107 fide
1039 1066 1204 1118 secutis,
1235 1080 1309 1121 per
1329 1066 1590 1108 Absalonem
1622 1073 1785 1109 contra-

354 1124 493 1167 henda
535 1124 712 1165 curauit.
791 1123 978 1175 Deinde,
1022 1137 1074 1164 ne
1121 1123 1303 1165 Henrico
1350 1124 1509 1165 tardius
1551 1131 1786 1167 occurreret

355 1197 538 1237 eumque
570 1181 774 1236 promisso
805 1180 1043 1232 fraudaret,
1085 1181 1138 1222 ad
1170 1181 1336 1223 Penum
1366 1182 1541 1223 fluuium
1582 1183 1787 1238 ocyssime

355 1240 641 1293 nauigacionis
683 1253 851 1280 cursum
895 1238 1063 1280 direxit.
1122 1239 1323 1291 Absalon,
1364 1253 1606 1294 quanquam
1648 1241 1786 1282 adhuc

354 1298 645 1352 Rugianorum
680 1298 823 1350 paccio
856 1310 1089 1351 paucorum
1122 1294 1318 1338 obsidum
1357 1299 1533 1351 pignore
1565 1298 1784 1349 niteretur,

356 1369 500 1396 eorum
524 1355 766 1395 concionem
790 1355 1017 1407 ingressus,
1048 1358 1175 1408 atque
1196 1355 1303 1395 inter
1326 1355 1438 1409 ipsos
1461 1355 1784 1397 honoratissimo

353 1413 527 1454 sedendi
559 1413 651 1453 loco
683 1417 916 1466 susceptus,
949 1426 1042 1452 cum
1073 1412 1299 1466 legacionis
1331 1412 1528 1454 mandata
1561 1413 1782 1467 proferret,

355 1485 530 1524 eamque
562 1470 722 1510 Danice
763 1470 877 1510 uocis
918 1470 1072 1523 ignaris
1113 1484 1187 1524 per
1232 1471 1509 1524 interpretem
1542 1471 1783 1525 explicaret,

353 1528 517 1581 accidit,
549 1534 595 1568 ut
617 1526 786 1582 quidam
820 1542 841 1568 e
871 1527 1078 1581 Rugianis
1100 1527 1355 1580 adolescens,
1379 1527 1569 1569 Sclauico
1601 1529 1783 1581 ingenio,

354 1585 463 1626 Dani
507 1585 647 1626 militis
690 1599 867 1640 equum,
910 1599 985 1639 pro
1031 1599 1113 1639 quo
1157 1599 1200 1625 se
1241 1586 1427 1640 precium
1468 1591 1783 1627 numeraturum

354 1643 550 1698 fingebat,
580 1643 714 1683 ueluti
746 1644 935 1683 incessus
961 1642 1050 1686 eius
1073 1642 1315 1696 experiendi
1338 1657 1464 1684 causa
1486 1644 1783 1696 conscendens,

281 1717 318 1743 25
348 1700 490 1753 fugam
521 1705 715 1743 tentaret.
779 1700 903 1748 Quod
946 1714 1037 1740 cum
1081 1700 1268 1741 Absalon
1312 1700 1364 1741 ad
1406 1715 1465 1742 se·
1492 1702 1703 1755 perlatum
1743 1702 1783 1742 in

281 2003 318 2030 30

278 2291 314 2317 35

281 2577 315 2605 40

351 1759 550 1800 concione
585 1762 862 1813 proponeret,
894 1757 1090 1799 uniuersa
1122 1758 1265 1813 populi
1296 1758 1544 1811 multitudo,
1585 1773 1782 1813 magnum

350 1815 448 1857 fidei
481 1831 555 1857 sue
587 1816 742 1857 crimen
774 1816 896 1857 unius
939 1815 1116 1856 hominis
1157 1815 1330 1870 perfidia
1371 1816 1543 1856 allatum
1582 1816 1782 1867 iudicans,

350 1874 526 1914 similem
571 1873 701 1914 furori
746 1873 955 1928 impetum
1002 1874 1192 1914 confessa
1237 1873 1436 1926 dissiluit,
1483 1878 1783 1929 auctoremque

349 1930 508 1972 fraudis
541 1932 692 1986 raptim
721 1931 884 1986 insequi
915 1931 1170 1985 properauit.
1218 1932 1365 1985 Igitur,
1398 1930 1623 1972 Absalonis
1656 1932 1783 1973 comi-

349 1988 460 2029 tibus
492 1988 543 2029 ad
576 1994 732 2029 metum
765 1996 806 2029 et
837 1995 1052 2043 stuporem
1074 2002 1206 2043 usque
1233 1989 1418 2030 subitum
1448 1989 1566 2043 uulgi
1610 2002 1782 2030 concur-

349 2060 439 2087 sum
471 2047 744 2099 mirantibus,
775 2046 918 2101 pauci,
950 2046 1019 2100 qui
1050 2046 1364 2088 adolescentem
1397 2046 1602 2087 affinitate
1633 2052 1780 2101 tange-

350 2104 462 2154 bant,
493 2105 586 2158 plus
618 2105 781 2159 priuata
814 2104 988 2145 caritate
1031 2117 1154 2158 quam
1198 2104 1364 2157 publico
1402 2104 1556 2145 rubore
1587 2105 1778 2158 permoti,

348 2161 561 2216 supplices
582 2160 808 2202 Absalonis
830 2161 1010 2215 genibus
1032 2161 1329 2212 aduoluuntur,
1353 2162 1446 2217 equi
1463 2162 1779 2203 restitucionem

348 2219 535 2273 polliciti,
567 2220 601 2260 si
633 2218 781 2260 mo*do
815 2233 889 2273 per
931 2233 1024 2259 eum
1057 2219 1109 2259 ab
1154 2220 1318 2273 incepto
1353 2220 1496 2260 concio
1537 2225 1776 2261 reuocetur.

347 2276 534 2324 Quorum
567 2277 756 2318 Absalon
788 2276 1019 2330 permixtas
1051 2276 1242 2331 precibus
1273 2276 1511 2332 lachrymas
1542 2277 1777 2328 miseratus,

346 2334 504 2387 missis,
546 2335 616 2389 qui
655 2335 822 2389 plebem
864 2339 1089 2388 pacarent,
1121 2334 1346 2375 tumultum
1378 2333 1652 2388 compescuit,
1686 2348 1778 2376 con-

347 2392 656 2433 sternacionem
695 2392 880 2444 sedauit,
927 2405 1124 2447 equoque
1155 2392 1345 2446 protinus
1378 2392 1563 2443 reddito,
1603 2391 1779 2432 militem

346 2463 466 2489 suum
497 2449 676 2491 stulticie
699 2449 926 2501 damnauit,
961 2449 1072 2504 quod
1104 2463 1178 2504 per
1199 2449 1399 2491 inerciam
1433 2454 1473 2490 et
1501 2448 1779 2489 stoliditatem

346 2507 504 2560 raptori
538 2521 582 2548 se
615 2507 1013 2548 circunueniendum
1037 2506 1231 2548 dedisset.
1294 2506 1473 2558 Deinde,
1505 2507 1642 2560 gentis
1676 2520 1774 2560 rege

345 2563 585 2616 Tetiszlauo
617 2564 760 2606 classis
791 2564 1132 2620 supplementum
1165 2564 1373 2619 pollicito,
1403 2578 1548 2618 regem
1578 2564 1776 2618 subsequi

1816 612 1882 647 CM

1818 2227 1884 2255 0111
