1884 3126
18 914 53 940 10

18 1494 55 1520 ρο

21 2071 58 2096 30

22 2359 58 2385 35

22 2647 59 2676 40

624 275 678 282 -—
739 248 876 291 XIIII
940 274 993 280 —-
1448 245 1531 286 509

84 380 272 418 mutasse
304 376 496 417 translati
528 375 638 431 signi
679 376 833 417 indicio
856 376 1027 442 liquere
1071 375 1268 430 potuerit.
1330 372 1532 415 Nonnulli

86 448 256 490 quoque
281 434 699 489 conquassacioribus
721 435 902 489 nauigiis
925 433 1047 475 inuiti
1068 433 1381 486 relabebantur,
1404 431 1531 498 quod,

85 493 249 534 hisdem
292 506 545 547 compagum
587 492 785 533 firmitate
826 491 1026 543 defectis,
1069 491 1271 532 concitati
1314 491 1440 531 maiis
1472 490 1532 531 in·

85 564 254 592 cursum
295 552 506 593 sustinere
548 550 794 604 nequibant.
870 550 953 598 Qui
984 563 1086 591 uero
1127 548 1358 605 procedere
1389 562 1533 603 perse-

86 610 304 659 uerabant,
335 612 383 649 ut
413 608 573 649 uiribus
606 609 794 663 corporis
827 607 984 649 laboris
1023 608 1293 649 continuitati
1336 606 1531 647 sufficere

86 672 275 722 possent,
309 666 460 707 edendi
492 666 808 720 nauigandique
850 666 1010 721 pariter
1051 665 1190 706 officio
1223 665 1532 719 fungebantur.

86 724 151 766 Ne
183 725 292 765 enim
337 724 627 778 nauigacionis
673 736 841 764 cursum
885 723 954 764 uel
985 723 1167 779 paruula
1207 723 1375 777 remigii
1407 724 1532 763 inter-

86 783 231 823 missio
278 787 537 832 moi-aretur,
585 781 736 822 dextia
779 795 939 835 remos,
987 784 1085 822 leua
1133 781 1248 822 cibos
1280 780 1531 822 tractabant.

87 840 258 895 Exigua
305 840 449 881 classis
491 853 612 894 pars,
659 840 876 880 Absalone
922 840 1055 892 duee,
1103 840 1270 880 uirtutis
1311 845 1352 880 et
1396 838 1531 892 glorie

89 898 361 950 emulancior,
393 897 591 938 inusitate
615 898 879 953 tempestatis
911 897 1108 939 seuiciam
1132 896 1364 938 incredibili
1397 910 1532 937 remo-

86 971 177 997 rum
213 956 442 998 certamine
473 955 714 1010 superauit,
748 955 1092 1010 obluctatumque
1125 955 1302 1010 pelagus
1333 953 1532 1008 infatiga-

86 1014 158 1055 bili
188 1027 414 1068 permensa
435 1013 623 1067 nauigio,
652 1014 757 1055 hora
779 1014 1034 1055 antelucana
1057 1012 1109 1053 ad
1131 1013 1309 1054 insulam
1333 1012 1530 1067 Hythini,

85 1073 176 1128 ipsa
210 1086 381 1127 quoque
413 1071 664 1124 necessitate
697 1072 901 1127 superior,
935 1071 1113 1126 appulit.
1175 1070 1295 1112 Tunc
1328 1070 1532 1121 Absalon,

87 1129 243 1186 nequid
279 1130 550 1171 inexcussum
584 1131 810 1180 omitteret,
842 1144 917 1184 per
950 1129 1325 1179 Wethemannum,
1358 1128 1532 1183 piratice

41 1205 55 1230 :3
89 1188 287 1243 operibus
320 1187 495 1238 clarum,
530 1186 666 1229 officio
697 1187 1008 1242 spe-culacionis
1043 1186 1276 1239 addictum,
1311 1193 1354 1228 et
1385 1193 1534 1241 portus

88 1246 310 1286 hostilibus
342 1246 525 1300 nauigiis
559 1259 719 1287 uacuos
751 1250 788 1287 et
822 1246 1004 1301 Rugiam
1029 1245 1132 1286 nihil
1165 1245 1318 1286 hostile
1344 1249 1532 1285 metuen-

88 1309 172 1345 tem
205 1305 436 1358 cognoscit.
498 1302 606 1344 Nam
654 1308 862 1345 armenta
889 1303 1047 1345 securis
1081 1303 1324 1344 custodibus
1345 1306 1533 1357 'propter

87 1362 203 1402 littus
237 1363 440 1413 errancia,
472 1361 713 1416 inopinatos
737 1363 896 1402 incolas
929 1375 1034 1412 esse,
1067 1361 1193 1402 fidem
1226 1361 1378 1402 fecere.
1422 1361 1531 1410 Rex,

87 1419 289 1474 languido
330 1419 503 1474 remigio
546 1433 681 1460 seram
726 1420 1049 1474 nauigacionem
1094 1434 1314 1471 emensus,
1357 1419 1532 1460 obtento

86 1484 225 1533 portu.
257 1478 450 1532 protinus
483 1478 524 1518 in
557 1477 783 1520 Absalonis
816 1491 968 1519 nauem
1002 1492 1046 1519 se
1068 1477 1260 1530 contulit,
1291 1477 1534 1531 fatigatum-

91 1550 172 1591 que
205 1536 321 1577 tedio
354 1550 403 1577 ac
437 1535 581 1589 uigilia
614 1549 768 1591 corpus
800 1549 947 1577 somno
977 1535 1155 1591 excepit.
1216 1535 1427 1590 Reliquie,
1452 1548 1534 1590 que

90 1608 185 1634 curn
218 1607 269 1634 eo
301 1594 457 1634 fretum
489 1598 820 1648 superauerant,
852 1599 1130 1635 annumerate
1174 1595 1397 1648 sexaginta
1427 1592 1532 1634 dun-

88 1655 209 1692 taxat
240 1651 509 1705 nauigiorum
551 1651 727 1693 classem
771 1652 1013 1707 explebant.
1075 1651 1174 1692 Duo
1219 1657 1320 1692 tunc
1353 1651 1530 1693 Hallan·

89 1709 263 1762 denses,
306 1714 405 1750 natu
448 1723 571 1764 quam
613 1710 763 1751 animis
801 1710 1054 1760 nobiliores,
1082 1713 1087 1761 ἱ
1117 1709 1370 1765 paucitatem
1413 1723 1531 1750 suam

41 1782 55 1807 Γ»
87 1767 326 1808 indubitato
359 1767 547 1822 periculo
582 1767 770 1808 oblatam
790 1767 885 1820 rati,
917 1767 1104 1821 nauigio,
1137 1781 1219 1822 quo
1255 1769 1531 1808 communiter

88 1825 337 1878 utebantur,
379 1826 638 1867 Absalonem
679 1826 906 1880 petebant,
945 1839 1074 1879 seque
1118 1839 1378 1880 preproperi)
1421 1825 1531 1879 regis

89 1883 276 1938 alloquio
327 1897 434 1937 opus
493 1883 648 1924 habere
699 1883 912 1936 dieentes,
957 1893 1184 1938 postquam
1235 1897 1381 1925 somno
1435 1897 1530 1925 eum

89 1942 427 1996 acquiescentem
453 1941 686 1994 audierant,
712 1942 827 1983 ocius
852 1942 1025 1983 excitari
1049 1942 1292 1996 poscebant.
1325 1941 1529 1991 Absalon,

89 2000 315 2040 salutarem
352 1999 439 2040 eius
463 2001 648 2055 quietem
671 2001 913 2054 importune
945 1999 1221 2055 rumpendam
1254 2013 1425 2054 negans,
1448 2014 1529 2054 que

89 2056 311 2107 afferrent,
354 2071 498 2110 regen]
542 2071 593 2098 ex
641 2072 685 2099 se
725 2058 994 2123 cogniturum
1038 2058 1234 2100 affirmat.
1304 2058 1415 2098 Tum
1459 2058 1531 2108 illi,

90 2115 494 2169 conquassacionem
527 2115 695 2169 nauigii,
727 2116 907 2181 inopiam
940 2122 1264 2167 commeatuum,
1296 2116 1532 2182 longinqui-

88 2177 220 2213 tatem
253 2173 413 2214 reditus
444 2172 768 2228 pretendentes,
802 2175 1005 2229 optimam
1037 2173 1114 2214 sibi
1154 2175 1442 2229 nauigacionis
1474 2174 1532 2215 fa-

90 2230 291 2271 cultatem
333 2231 679 2285 prospeiantibus
722 2234 861 2272 uentis
900 2231 1098 2272 incidisse
1146 2232 1359 2282 dicebant
1404 2232 1532 2286 quod

90 2288 243 2342 quibus
276 2288 466 2329 aduersis
499 2303 600 2343 egre
634 2294 950 2344 processerant,
994 2289 1191 2330 secundis
1222 2290 1343 2331 facile
1376 2291 1530 2331 reuerti

91 2350 277 2402 possent.
327 2346 462 2394 Quam
488 2347 540 2387 ob
563 2361 650 2388 rem
675 2361 819 2389 eorum
845 2361 889 2388 se
912 2347 1113 2389 beneficio
1138 2347 1197 2388 uti
1230 2347 1370 2399 malle,
1405 2361 1530 2402 quam

91 2418 249 2445 cassam
284 2407 326 2444 et
358 2404 550 2445 inutilem
583 2405 902 2459 expedicionem
925 2405 1092 2459 agendo
1125 2410 1198 2446 aut
1230 2406 1389 2458 nauigii
1420 2406 1530 2447 uicio

90 2461 334 2503 aut‘inedie
368 2461 478 2502 malo
510 2463 660 2516 perire.
726 2463 845 2511 Quos
879 2462 1067 2504 Absalon
1099 2477 1182 2504 non
1222 2464 1358 2504 solum
1393 2463 1533 2505 defor-

90 2519 277 2560 mitatem
310 2520 514 2575 prepositi
547 2521 737 2574 specioso
762 2520 932 2562 consilio
956 2526 1130 2574 mutare,
1164 2520 1238 2562 sed
1271 2520 1417 2573 eciam,
1450 2535 1532 2576 quo

91 2578 228 2618 minus
260 2591 305 2617 se
336 2578 500 2632 probris
543 2578 800 2630 obiicerent,
842 2578 1020 2620 honesto
1054 2577 1224 2619 silencio
1269 2580 1532 2634 supprimere

89 2634 218 2687 iubet,
250 2650 302 2676 ne
336 2642 421 2676 tam
453 2635 650 2691 pudende
696 2650 823 2679 uoces
867 2636 1015 2678 alienis
1046 2637 1219 2678 auribus
1251 2643 1433 2693 excepte
1473 2638 1532 2679 in-

1606 1732 1614 1741 .
1633 1712 1680 1738 747
