1884 3126
171 855 204 884 10

171 1148 203 1175 15

165 1438 202 1466 20

168 1730 204 1756 25

166 2021 203 2049 30

165 2302 220 2340 35‘

166 2603 204 2630 40

844 204 986 234 PREFA
992 203 1075 235 010.
1661 199 1683 238 7

238 320 388 361 caloris
421 319 620 362 fomentis
653 319 875 375 exuberet,
910 324 957 362 ut
988 320 1149 376 ignium
1180 322 1492 377 perennitatem
1523 324 1684 366 arcanis

235 378 416 420 instruat
439 378 722 433 nutrimentis,
749 381 1026 434 eternumque
1047 379 1244 421 fouendis
1265 379 1485 422 ardoribus
1508 382 1685 436 prebeat

236 436 510 479 incentiuum.
587 435 702 478 Huic
750 437 882 479 eciam
928 438 1064 479 insule
1111 439 1234 479 certis
1280 439 1535 494 statutisque
1582 444 1684 481 tem-

235 494 413 550 poribus
443 495 607 536 infinita
638 495 791 550 glaciei
822 496 1071 538 aduoluitur
1102 497 1255 538 moles:
1287 510 1369 552 que
1401 511 1494 539 cum
1528 498 1685 540 aduen-

237 558 330 595 tans
372 552 531 595 scabris
574 553 755 608 primum
796 554 991 596 cautibus
1035 554 1140 596 illidi
1189 555 1372 610 ceperit,
1419 555 1593 610 perinde
1637 571 1684 598 ac

236 610 573 667 remugientibus
605 612 790 667 scopulis
821 613 990 666 fragose
1014 626 1067 653 ex
1090 614 1176 655 alto
1201 627 1330 655 uoces
1352 627 1400 655 ac
1423 613 1528 655 uarii
1558 614 1684 655 inusi-

236 674 325 712 tate
343 670 694 712 conclamacionis
711 671 914 726 strepitus
932 670 1176 713 audiuntur.
1220 671 1503 719 Quamobrem
1525 672 1684 714 animas

236 728 289 770 ob
330 728 524 770 nocentis
568 729 655 770 uite
700 726 879 786 cul'pam
922 729 1137 785 suppliciis
1179 729 1368 772 addictas
1411 730 1496 771 11110
1532 731 1686 785 algoris
1715 731 1796 765 121⁶

235 786 529 841 magnitudine
571 786 824 829 delictorum
865 787 1053 842 pendere
1105 802 1235 843 penas
1281 788 1567 830 existimatum
1608 794 1684 831 est.

234 844 377 887 Huius
398 845 544 901 itaque
562 845 684 887 molis
707 847 852 889 excisa
870 846 1090 902 particula,
1115 847 1454 902 quantiscunque
1476 846 1685 889 nodorum

236 903 425 946 condulis
459 904 695 958 obseretur,
729 919 829 947 mox
862 909 909 947 ut
940 905 1186 960 supradicta
1217 905 1372 960 glacies
1406 905 1526 947 terris
1569 907 1685 947 auel-

236 963 358 1013 litur,
407 962 593 1004 claustra
640 964 958 1017 custodiamque
1006 963 1248 1005 frustratur.
1326 964 1477 1018 Stupet
1523 964 1685 1005 animus

234 1021 534 1062 ammiracione
554 1021 717 1077 plenus,
750 1022 849 1063 dum
871 1036 938 1063 res
960 1021 1324 1064 inextricabilibus
1347 1022 1451 1063 seris
1473 1022 1609 1064 obsita
1636 1036 1685 1063 ac

235 1078 457 1134 multiplici
487 1078 886 1135 impedimentorum
915 1080 1193 1136 perplexione
1219 1080 1424 1131 conclusa,
1458 1080 1516 1121 sic
1549 1081 1684 1133 molis,

235 1137 352 1178 cuius
384 1151 483 1193 pars
513 1141 617 1192 erat,
650 1137 880 1181 discessum
912 1138 1173 1195 insequitur,
1203 1143 1251 1179 ut
1284 1153 1451 1182 omnem
1485 1139 1683 1180 obserua-

235 1196 368 1238 cionis
391 1195 660 1251 diligenciam
691 1197 948 1239 ineuitabilis
971 1197 1071 1251 fuge
1096 1197 1349 1240 necessitate
1373 1196 1565 1252 decipiat.
1607 1196 1685 1238 Est

236 1259 278 1296 et
308 1253 392 1296 illic
413 1254 528 1296 aliud
551 1254 705 1309 glaciei
728 1269 877 1310 genus,
909 1256 1122 1297 monciuni
1146 1256 1255 1310 iugis
1280 1269 1329 1296 ac
1350 1255 1526 1310 rupibus
1558 1256 1684 1296 inter-

234 1315 416 1366 sertum,
459 1312 574 1368 quod
618 1314 741 1355 certis
774 1314 938 1356 uicibus
973 1317 1163 1365 constat,
1197 1313 1485 1368 superioribus
1518 1313 1571 1355 ad
1602 1314 1685 1354 ima

234 1370 409 1414 deiectis
441 1371 682 1427 infimisque
714 1387 883 1414 rursum
916 1372 969 1414 ad
1002 1387 1187 1428 superna
1209 1371 1388 1423 reflexis,
1421 1372 1563 1414 uei-sili
1586 1386 1684 1426 qua-

234 1429 330 1470 dam
354 1429 591 1472 mutacione
612 1431 846 1486 transponi.
900 1430 951 1472 In
983 1432 1102 1472 cuius
1134 1430 1384 1472 assercionis
1417 1429 1542 1472 fidem
1564 1430 1683 1471 affer-

234 1491 314 1540 tur,
345 1487 458 1543 quod
480 1488 665 1543 quidam,
694 1489 699 1539 Ι
728 1489 829 1530 dum
850 1489 1022 1546 planum
1044 1488 1354 1554 forte-glaciale
1377 1492 1682 1543 percurrerent,
1715 1506 1739 1531 p.
1762 1500 1791 1526 17

234 1546 276 1587 in
309 1547 498 1588 obiectas
530 1547 771 1601 uoragines,
804 1548 1106 1603 hianciumque
1138 1561 1339 1588 rimarum
1362 1547 1505 1601 penita
1531 1561 1684 1601 prouo-

233 1605 336 1657 luti,
379 1605 506 1660 paulo
551 1608 648 1661 post
690 1606 909 1648 exanimes
952 1606 1132 1659 fuerint,
1185 1605 1300 1646 nulla
1343 1604 1493 1658 glaciei
1536 1604 1685 1645 rimula

233 1667 517 1718 superstante,
549 1664 720 1718 reperti.
770 1664 1057 1712 Quamobrem
1092 1679 1116 1705 a
1148 1663 1431 1718 compluribus
1453 1663 1685 1704 existimari

232 1721 358 1774 solet,
391 1721 530 1776 quod,
572 1735 678 1777 quos
711 1722 841 1764 funde
873 1722 1062 1777 glacialis
1095 1736 1200 1764 urna
1233 1721 1469 1773 desorbuit,
1512 1721 1683 1762 eosdem

235 1783 332 1835 post
372 1779 546 1821 modum
587 1780 785 1835 supinata
826 1780 1075 1823 reddiderit.
1147 1780 1238 1821 Illic
1281 1779 1412 1822 eciam
1465 1779 1579 1820 fama
1620 1783 1683 1820 est

234 1837 470 1893 pestilentis
499 1838 612 1880 unde
643 1839 814 1881 laticem
843 1839 1060 1892 scaturire,
1093 1852 1174 1893 quo
1199 1838 1292 1894 quis
1313 1841 1484 1892 gustato
1508 1836 1683 1892 perinde

236 1909 284 1937 ac
316 1910 483 1938 ueneno
516 1898 814 1951 prosternitur.
878 1897 987 1939 Sunt
1020 1902 1061 1939 et
1093 1897 1162 1938 alii
1194 1897 1346 1948 fontes,
1380 1909 1559 1951 quorum
1596 1909 1684 1936 sca-

235 1954 356 1996 tebra
390 1955 563 1997 cerealis
596 1956 737 2011 poculi
760 1956 1068 2012 proprietatem
1100 1955 1253 1997 imitari
1274 1954 1533 2009 perhibetur.
1578 1953 1683 1994 Sunt

234 2015 276 2054 et
318 2013 463 2067 ignes,
507 2013 579 2069 qui
622 2028 717 2056 cum
756 2013 960 2070 li<g>num
1006 2028 1255 2056 consumere
1288 2010 1545 2068 nequeant,³1÷
1575 2025 1683 2066 aque

233 2071 459 2113 molliciem
483 2071 786 2127 depascuntur.
840 2072 919 2114 Est
949 2078 991 2114 et
1013 2087 1176 2125 saxum,
1211 2072 1321 2127 quod
1345 2072 1556 2112 moncium
1589 2083 1680 2125 pre-

233 2133 360 2184 rupta
403 2143 489 2171 non
532 2131 771 2173 extrinseca
812 2131 1071 2186 agitacione,
1124 2129 1199 2172 sed
1243 2130 1414 2186 propria
1455 2129 1682 2182 natiuaquc

233 2190 429 2229 mucione
459 2188 704 2243 peruolitat.

371 2244 427 2287 Et
468 2250 515 2287 ut
560 2246 688 2302 paulo
730 2247 863 2289 alcius
906 2247 1126 2299 Noruagie
1169 2245 1399 2300 descripcio
1445 2243 1680 2299 replicetur,

233 2303 465 2357 sciendum,
498 2304 613 2359 quod
636 2306 690 2347 ab
715 2310 811 2347 ortu
834 2305 977 2348 Suetie
1002 2305 1245 2359 Gothieque
1268 2303 1529 2345 contermina
1560 2301 1679 2356 aquis

235 2362 432 2416 utrinque
458 2376 578 2404 secus
605 2365 610 2414 Ι
640 2363 801 2405 Oceani
823 2363 1047 2405 uicinantis
1071 2362 1312 2404 includitur.
1360 2360 1521 2402 Eadem
1544 2374 1566 2399 a
1590 2372 1682 2413 sep-

235 2419 448 2462 tentrione
471 2420 691 2475 regionem
714 2421 848 2476 ignoti
870 2422 975 2463 situs
1006 2435 1054 2463 ac
1075 2421 1254 2462 nominis
1277 2420 1477 2469 intuetur,
1510 2415 1681 2458 humani

237 2477 375 2519 cultus
416 2484 660 2533 expertem,
708 2479 781 2521 sed
824 2484 1066 2522 monstrose
1106 2478 1304 2521 nouitatis
1340 2476 1508 2532 populis
1551 2474 1682 2515 abun-

236 2535 436 2588 dantem,
483 2550 609 2591 quam
658 2537 711 2579 ab
753 2536 942 2580 aduersis
985 2537 1205 2591 Noruagie
1249 2535 1440 2590 partibus
1485 2532 1681 2574 interflua

234 2593 373 2651 pelagi
395 2595 612 2650 separauit
634 2595 905 2653 immensitas,
945 2595 1068 2645 Quod
1095 2609 1188 2637 cum
1211 2594 1370 2635 incerte
1392 2589 1681 2645 nauigacionis

1721 2016 1785 2047 1112

1712 2367 1792 2400 p.18
