1884 3126
18 907 54 934 10

19 1256 55 1283 15

18 1545 55 1572 20

652 259 701 265 -
765 234 854 280 vn
915 262 963 267 ---
1448 242 1527 285 237

226 361 401 418 Aspicio
435 363 622 419 crepitus
654 367 696 406 et
726 368 840 407 tecta
870 365 1068 409 rubencia
1098 368 1288 424 flammis,

295 421 602 478 Pollicitusque
636 423 705 465 diu
738 428 864 478 pacta
894 425 1057 467 reuelat
1087 440 1215 468 amor.

224 479 290 521 En
321 483 395 521 tua
425 494 510 522 non
543 480 680 523 dubiis
712 483 948 538 completur
978 484 1120 538 paccio
1152 485 1276 540 uotis,

295 537 403 580 Cum
434 539 524 579 uite
554 538 680 580 michi
711 540 767 582 sis
798 540 1073 597 interitusque
1106 556 1259 585 comes.

224 595 348 638 Vnus
380 597 460 638 erit
490 596 597 650 finis,
629 611 738 639 unus
770 601 865 654 post
894 598 1040 641 federa
1070 614 1217 655 nexus,

295 653 385 697 Nec
415 655 573 710 passim
604 656 764 710 poterit
794 656 929 712 prima
959 657 1094 713 perire
1127 657 1285 701 Venus.

223 713 363 767 Felix,
397 713 467 768 qui
498 716 618 754 tanta
649 715 781 756 merui
815 720 1011 757 consorte
1041 716 1190 768 iuuari,

292 770 383 813 Nec
413 771 524 813 male
557 771 786 814 Tartareos
818 774 932 815 solus
965 773 1080 816 adire
1113 773 1228 817 deos.

224 828 340 885 Ergo
373 834 566 884 premant
598 830 759 872 medias
793 831 981 873 subiecta
1011 833 1208 874 tenacula
1239 832 1408 886 fauces3

292 886 376 941 Nil,
407 887 485 929 nisi
517 887 630 943 quod
661 888 806 940 libeat,
838 903 950 944 pena
981 903 1175 945 suprema
1206 890 1327 943 feret,

225 945 331 987 Cum
361 946 636 988 restaurande
663 946 845 989 Veneris
877 962 972 1003 spes
1007 952 1118 990 certa
1148 949 1342 1004 supersit,

291 1003 348 1046 Et
379 1017 494 1046 mors
526 1003 700 1046 delicias
732 1019 834 1046 mox
865 1005 1058 1048 habitura
1090 1020 1200 1049 suas.

223 1062 332 1104 Axis
364 1066 547 1117 uterque
578 1062 720 1117 iuuat3
753 1063 919 1118 gemino
953 1064 1230 1106 celebrabitur
1261 1064 1361 1106 orbe

291 1119 388 1162 Vna
420 1121 547 1162 animi
577 1121 759 1177 requies,
791 1135 868 1177 par
899 1122 940 1163 in
972 1136 1112 1164 amore
1143 1122 1248 1164 fides

222 1235 335 1280 Ecce
367 1238 490 1290 enim,
525 1238 714 1281 oblatum
746 1238 883 1281 libens
915 1238 1138 1282 discrimen
1160 1236 1333 1295 accipio,
1366 1254 1459 1282 cum
1480 1255 1533 1282 ne

86 1295 199 1350 apud
242 1309 388 1338 manes
430 1297 600 1352 quidem
639 1311 758 1339 amor
797 1297 888 1352 ipse
927 1298 1141 1353 participis
1171 1298 1234 1339 sui
1265 1299 1533 1354 complexum

86 1352 280 1408 deperire
319 1355 521 1410 patiatur.
581 1355 638 1397 Et
683 1369 777 1396 curn
820 1356 931 1397 dicto
973 1355 1169 1397 lictorum
1210 1370 1339 1412 opera
1378 1356 1530 1412 laqueo

85 1412 350 1466 profligatur.
412 1412 468 1455 Et
500 1426 554 1454 ne
596 1413 791 1468 cuiquam
838 1414 1096 1469 antiquitatis
1140 1414 1318 1469 uestigia
1360 1429 1530 1470 prorsus

87 1470 328 1512 exoleuisse
353 1471 590 1524 credantur,
622 1471 808 1527 predicte
839 1472 899 1513 rei
929 1471 1032 1513 fides
1061 1473 1325 1527 presentibus
1346 1472 1532 1514 locorum

86 1527 246 1569 indiciis
293 1528 543 1584 exhibetur,
586 1543 680 1571 cum
724 1533 765 1571 et
806 1529 1083 1584 Hagbarthus
1123 1543 1231 1585 pago
1279 1530 1533 1572 uocabulum

89 1586 301 1628 extinctus
334 1587 645 1640 intulerit,·nec
675 1588 802 1642 longe
826 1602 850 1629 a
872 1588 1007 1642 Sigari
1040 1588 1194 1643 oppido
1226 1588 1343 1630 locus
1374 1592 1530 1643 pateat,

30 1656 37 1663 ‘
88 1643 161 1685 ubi
207 1644 335 1699 plano
382 1645 605 1700 paululum
652 1659 782 1701 agger
829 1645 1195 1699 elacicrluetcris
1240 1645 1359 1687 fundi
1403 1647 1533 1687 instar

22 2124 60 2152 30

26 2413 63 2441 35

88 1703 404 1756 protuberantis
434 1703 548 1752 humi
580 1703 801 1760 specie[m]
843 1704 1114 1746 demonstrat.
1176 1704 1260 1745 Sed
1293 1708 1334 1745 et
1365 1704 1532 1759 quidam

89 1760 319 1814 Absaloni,
361 1761 527 1803 trabem
571 1776 616 1803 se
658 1775 708 1803 eo
749 1762 831 1803 loci
873 1766 1082 1817 repertam
1115 1761 1292 1815 uidisse,
1333 1762 1531 1812 narrauit,

40 1835 52 1843 ν
88 1832 214 1874 quam
246 1819 424 1874 agrestis
456 1833 631 1862 uomere
663 1820 829 1874 glebam
863 1821 1039 1861 rimatus
1073 1819 1259 1862 offendit.

227 1875 308 1918 His
339 1878 493 1919 auditis
526 1877 655 1920 Hako
686 1877 902 1919 Hamundi
934 1878 1056 1932 filius,
1089 1892 1183 1920 cum
1213 1877 1254 1918 in
1286 1874 1534 1931 ulcione<m>

89 1934 267 1976 fratrum
299 1949 415 1977 arma
445 1936 500 1977 ab
531 1936 883 1978 Hiberniensibus
915 1937 956 1976 in
986 1936 1132 1978 Danos
1163 1936 1441 1978 translaturus
1475 1935 1533 1975 ui-

91 1992 276 2046 deretur,
299 1993 352 2035 ab
375 1993 564 2035 Hakone
585 1994 852 2049 Syelandico,
874 1994 1040 2049 Wigeri
1061 1994 1160 2048 filio,
1183 1993 1533 2048 Starchateroque

91 2050 312 2104 deseritur,
346 2066 526 2108 quorum
558 2057 657 2107 post
687 2051 898 2107 Regnaldi
932 2065 1077 2094 necem
1109 2052 1160 2093 ad
1193 2051 1234 2092 id
1266 2065 1400 2107 usque
1431 2055 1535 2092 tem-

91 2122 171 2163 pus
201 2109 369 2151 auxiliis
401 2109 615 2152 utebatur.
677 2110 801 2153 Alter
831 2110 1036 2165 siquidem
1068 2109 1385 2162 familiaritatis,
1429 2109 1534 2150 alter

94 2166 266 2221 originis
298 2167 466 2209 intuitu*
485 2168 759 2221 mouebatur,
801 2168 1052 2223 diuersaque
1082 2168 1194 2208 racio
1226 2181 1302 2222 par
1332 2166 1535 2207 ambobus

93 2224 278 2267 studium
320 2227 499 2281 peperit.
560 2226 787 2268 Hakonem
834 2239 1015 2281 namque
1053 2225 1106 2267 ab
1146 2224 1358 2266 inuasione
1399 2223 1534 2278 patrie

92 2283 231 2338 pietas
265 2282 533 2336 deturbauit,
576 2285 715 2340 quod,
748 2284 895 2326 ceteris
927 2284 1150 2325 aduersum
1182 2286 1348 2324 exteros
1379 2281 1534 2323 bellum

94 2340 353 2395 gerentibus,
383 2342 473 2397 ipse
505 2356 599 2383 cum
631 2342 794 2384 ciuibus
824 2342 1078 2398 preliaturus
1104 2341 1331 2382 uideretur.
1372 2339 1534 2380 Starca-

93 2398 238 2440 therus
284 2413 410 2452 uero,
457 2399 571 2455 quod
615 2399 766 2456 Sygari
811 2399 952 2442 senilis
1002 2399 1190 2454 hospicio
1238 2412 1337 2438 usus
1385 2396 1569 2450 fuerat,·

95 2456 258 2498 hostem
289 2471 416 2512 agere
447 2458 777 2514 supersedebat,
819 2472 872 2500 ne
905 2457 1012 2499 bene
1042 2457 1237 2498 meritum
1266 2455 1415 2496 iniuria
1445 2454 1536 2495 affi-

96 2528 191 2556 cere
221 2518 455 2570 putaretur.
516 2515 701 2557 Tantum
735 2515 843 2557 enim
876 2514 1045 2571 quidam
1075 2513 1368 2569 hospitalitatis
1397 2512 1536 2567 gracie

97 2571 304 2627 deferunt,
325 2577 373 2615 ut
394 2573 447 2614 ad
468 2574 706 2615 molestiam
730 2574 789 2615 eis
810 2572 1071 2615 inferendam
1094 2571 1244 2614 adduci
1259 2584 1343 2612 non
1359 2570 1536 2626 possint,

98 2643 276 2686 quorum
306 2645 353 2674 se
385 2631 637 2688 quandoque
677 2631 949 2673 humanitatis
990 2629 1128 2672 officia
1166 2631 1363 2684 expertos
1394 2627 1537 2670 memi-

1585 1666 1613 1691 p.
1634 1658 1684 1685 347
