1884 3126
10 893 44 920 10

12 1182 42 1209 15

5 1473 41 1501 20

21 2636 39 2663 0

618 256 666 262 -—
728 233 868 276 XIIII
930 228 980 264 -ὲ
1439 232 1523 274 583

76 360 167 408 Que
195 374 261 401 res
293 363 453 402 ceteros
484 360 526 401 in
557 359 710 402 littoris
741 361 975 402 accessione
1008 361 1220 403 cauciores
1252 360 1404 404 effecit.
1456 360 1520 405 Eo

76 432 257 474 namque
287 419 552 474 prospeccius
583 417 857 471 abstinentes,
890 419 1053 461 eminus
1074 433 1164 461 rem
1186 419 1327 461 fundis
1359 420 1524 462 iaculis-

77 490 157 532 que
190 490 368 531 gessere.
428 476 485 518 Et
516 476 715 531 quoniam
743 476 868 518 rebus
890 478 1066 519 ulterius
1097 477 1355 519 attentandis
1386 478 1523 520 noctis

77 535 368 590 propinquitas
401 534 571 576 officere
607 533 855 582 uidebatur,
896 539 1065 590 sumpto
1107 535 1340 577 differende
1380 550 1523 591 pugne

77 593 257 645 consilio,
292 606 430 647 nequa
461 592 739 634 barbarorum
779 593 880 633 ratis
920 595 1126 634 nocturno
1168 597 1312 648 portus
1351 607 1524 648 egressu

77 650 336 692 clandestina
365 650 468 705 fuga
511 650 793 703 dilaberetur,
827 651 1015 692 excubiis
1047 651 1358 692 obseruandum
1391 652 1523 694 duxe-

76 712 187 750 runt.
247 707 384 763 Igitur
415 708 587 750 barbari
620 722 716 749 cum
747 722 791 749 se
813 712 930 749 tante
953 709 1095 750 classis
1118 709 1284 750 obiectu
1306 710 1523 751 conclusos

75 766 281 820 uiderent,
314 766 607 808 fortitudinem
637 780 691 808 ex
723 766 1023 821 desperacione
1055 767 1291 821 capientes,
1324 767 1409 808 iam
1441 782 1525 809 non

77 824 129 866 de
169 824 291 879 fuga,
333 824 406 866 sed
446 825 623 866 uictoria
663 825 849 879 cogitare
893 829 1107 878 ceperunt.
1178 824 1330 880 Itaque
1370 826 1522 880 partim

75 883 251 938 propriis
283 882 551 937 hostiumque
582 883 777 937 nauigiis,
810 882 962 937 quibus
992 883 1115 937 potiti
1148 883 1336 936 fuerant,
1368 884 1522 938 partim

76 940 336 982 siluestribus
381 941 538 982 truncis
585 940 854 995 arboreisque
908 940 1090 981 molibus
1142 941 1423 982 municionem
1470 941 1524 982 ad

76 999 190 1040 urbis
219 999 351 1039 instar
384 998 600 1050 edificant,
633 998 752 1039 binos
783 999 1010 1040 habentem
1042 998 1261 1051 introitus,
1303 1003 1438 1040 arctos
1470 999 1524 1041 ad

75 1056 245 1097 modum
276 1057 564 1111 angustiisque
604 1056 818 1109 difficiles,
861 1056 1014 1111 quibus
1057 1056 1149 1111 quis
1180 1057 1311 1098 ueluti
1352 1058 1524 1112 posticis

75 1114 302 1156 submissus
334 1115 560 1170 irreperet;
601 1115 736 1156 latera
768 1128 958 1170 quoque,
991 1129 1071 1169 que
1116 1129 1170 1155 ex
1199 1115 1383 1170 nauigiis
1415 1129 1524 1157 com-

74 1177 292 1228 pegerant,
323 1173 430 1214 uelis
470 1173 512 1213 in
554 1173 809 1228 multiplices
841 1172 1006 1214 ordines
1046 1173 1292 1225 conuolutis,
1303 1148 1525 1228 &exiterius

75 1230 373 1283 imminebant,
406 1231 821 1286 propugnaculorum
861 1245 984 1272 usum
1016 1245 1040 1271 a
1072 1231 1250 1272 telarum
1290 1232 1525 1273 consercio-

74 1288 196 1330 nibus
242 1292 496 1330 mutuantes.
574 1289 777 1330 Preterea
831 1288 923 1330 aliis
969 1294 1101 1330 sectos
1144 1289 1306 1343 stipites
1347 1289 1525 1343 figendis

73 1346 224 1388 ictibus
256 1361 477 1400 exacuere,
511 1347 603 1388 aliis
634 1347 839 1388 littoralia
861 1361 966 1388 saxa
997 1347 1177 1388 iactibus
1198 1346 1350 1388 idonea
1382 1348 1524 1402 legere

75 1418 173 1446 cure
205 1404 367 1458 fuerat3
400 1410 455 1457 et,
477 1419 530 1447 ne
551 1405 639 1446 ulla
661 1418 714 1446 ex
738 1409 858 1459 parte
880 1405 1063 1446 remissis
1085 1405 1233 1446 animis
1265 1405 1523 1459 uiderentur,

72 1463 373 1504 bacchancium
419 1477 535 1506 more
567 1467 693 1504 cantu
726 1463 976 1518 choreisque
1024 1463 1206 1504 leticiam
1254 1463 1523 1515 simulabant,

73 1520 206 1562 Danis
249 1521 412 1563 tristem
454 1521 626 1563 silencio
668 1526 837 1562 noctem
879 1521 1141 1562 ducentibus.
1211 1521 1329 1562 Tunc
1370 1521 1524 1575 Lucas,

73 1578 321 1620 Ohristofori
339 1579 487 1630 scriba,
511 1579 700 1621 nacionis
718 1579 975 1632 Britannice,
998 1579 1130 1620 literis
1148 1579 1320 1635 quidem
1342 1580 1524 1621 tenuiter

72 1637 312 1689 instructus,
344 1637 417 1678 sed
448 1637 716 1678 historiarum
749 1637 928 1678 sciencia
958 1638 1151 1692 apprime
1182 1637 1396 1689 eruditus,
1429 1651 1524 1678 cum

72 1694 271 1736 infractos
293 1695 507 1737 exercitus
534 1696 663 1736 nostri
685 1695 850 1736 animos
870 1695 1048 1748 uideret,
1072 1700 1251 1737 mestum
1275 1709 1322 1736 ac
1343 1695 1524 1750 lugubre

70 1753 287 1794 silencium
320 1753 433 1794 clara
463 1767 569 1795 uoce
600 1767 896 1808 prorumpens,
940 1754 1264 1795 sollicitudinem
1296 1753 1520 1795 alacritate

74 1812 267 1853 mutauit.
330 1811 547 1866 Siquidem
581 1811 822 1853 memoratis
853 1815 1047 1853 ueterum
1078 1812 1326 1860 uirtutibus,
1357 1815 1523 1853 nostros

73 1869 126 1910 ad
171 1870 425 1924 exigendam
468 1884 493 1910 a
533 1870 739 1911 sociorum
780 1869 1123 1911 interfectoribus
1164 1870 1373 1911 ulcionem
1404 1873 1523 1910 tanta

73 1927 307 1969 disserendi
356 1928 514 1983 pericia
565 1928 820 1978 concitauit,
871 1931 919 1969 ut
969 1942 1051 1969 non
1103 1928 1238 1969 solum
1290 1927 1523 1968 mesticiam

73 1985 314 2038 discuteret,
346 2000 494 2027 uerum
525 1986 659 2027 eciam
681 1989 929 2027 cunctorum
960 1986 1199 2040 pectoribus
1231 1985 1522 2026 fortitudinem

70 2041 372 2098 ingellneraret,
415 2044 613 2099 dictuque
654 2043 900 2085 incredibile
947 2044 1096 2093 fuerit,
1130 2048 1335 2099 quantum
1366 2043 1520 2084 uirium

72 2101 115 2142 in
146 2106 386 2142 nostrorum
417 2102 577 2143 animos
599 2101 652 2143 ab
684 2102 923 2156 alienigene
944 2101 1127 2143 hominis
1157 2115 1347 2143 sermone
1379 2115 1523 2142 mana-

72 2159 195 2201 uerit.
256 2158 455 2201 Diluculo
486 2157 704 2214 red<d>ito,
736 2160 881 2214 paucis
912 2159 965 2200 ad
998 2159 1304 2214 prohibendam
1335 2158 1522 2200 hostium

72 2217 331 2271 elapsionem
361 2218 540 2270 relictis,
580 2222 744 2259 remoto
785 2217 839 2258 ab
871 2231 1016 2259 eorum
1049 2218 1193 2259 castris
1233 2217 1373 2272 spacio
1404 2217 1522 2258 littus

73 2275 369 2327 conscendunt,
392 2289 445 2317 ne
466 2276 509 2317 in
530 2276 619 2331 ipso
641 2280 851 2331 apparatu
872 2276 1113 2331 repentinos
1126 2274 1522 2341 superueniencium

71 2337 317 2399 paterentur
348 2334 549 2375 incursus.
610 2333 762 2388 Itaque
794 2334 952 2375 culcius
983 2334 1157 2374 armatis
1189 2333 1230 2373 in
1263 2332 1353 2373 acie
1384 2332 1522 2387 preire

71 2391 204 2432 iussis
235 2391 493 2443 innobilibus
524 2391 760 2457 quibusque
792 2391 1073 2457 subsequendi
1099 2391 1238 2432 locum
1269 2390 1521 2431 attribuunt.

71 2448 131 2490 At
173 2422 343 2490 barbari
386 2463 466 2490 non
510 2463 586 2504 per
617 2450 746 2502 acies,
780 2449 854 2490 sed
884 2450 1042 2504 passim
1078 2449 1314 2490 municione
1346 2447 1521 2502 delapsi,

71 2507 234 2560 ingenti
266 2507 448 2549 clamore
471 2507 599 2561 edito,
632 2508 674 2548 in
696 2521 885 2562 pugnam
906 2507 1097 2562 prosilire
1129 2509 1343 2560 ceperunt,
1376 2505 1523 2546 existi-

72 2568 235 2605 mantes
267 2563 425 2618 Dauos,
456 2566 656 2620 strepitus
686 2565 847 2606 uiribus
877 2564 1225 2619 perterrefactos,
1257 2563 1394 2618 primo
1427 2577 1522 2604 con-

71 2622 297 2678 gressionis
349 2623 512 2681 impetu
562 2622 832 2679 superandos.
914 2622 1077 2668 Tantus
1127 2625 1273 2665 autem
1323 2621 1521 2666 clamoris

1581 1187 1607 1211 p.
1627 1179 1675 1206 851

1573 2050 1666 2084 (331)
