<?xml version="1.0" encoding="UTF-8"?>
<!DOCTYPE html PUBLIC "-//W3C//DTD XHTML 1.0 Transitional//EN"
    "http://www.w3.org/TR/xhtml1/DTD/xhtml1-transitional.dtd">
<html xmlns="http://www.w3.org/1999/xhtml" xml:lang="en" lang="en">
 <head>
  <title>
</title>
<meta http-equiv="Content-Type" content="text/html;charset=utf-8" />
  <meta name='ocr-system' content='tesseract 3.04.00' />
  <meta name='ocr-capabilities' content='ocr_page ocr_carea ocr_par ocr_line ocrx_word'/>
</head>
<body>
  <div class='ocr_page' id='page_1' title='image "./saxonisgrammatic00saxouoft_0524.png"; bbox 0 0 1884 3126; ppageno 0'>
   <div class='ocr_carea' id='block_1_1' title="bbox 229 918 264 944">
    <p class='ocr_par' dir='ltr' id='par_1_1' title="bbox 229 918 264 944">
     <span class='ocr_line' id='line_1_1' title="bbox 229 918 264 944; baseline -0.057 0"><span class='ocrx_word' id='word_1_1' title='bbox 229 918 264 944; x_wconf 83' lang='lat'>10</span> 
     </span>
    </p>
   </div>
   <div class='ocr_carea' id='block_1_2' title="bbox 226 1206 262 1232">
    <p class='ocr_par' dir='ltr' id='par_1_2' title="bbox 226 1206 262 1232">
     <span class='ocr_line' id='line_1_2' title="bbox 226 1206 262 1232; baseline 0 0"><span class='ocrx_word' id='word_1_2' title='bbox 226 1206 262 1232; x_wconf 88' lang='lat'>15</span> 
     </span>
    </p>
   </div>
   <div class='ocr_carea' id='block_1_3' title="bbox 305 255 1192 306">
    <p class='ocr_par' dir='ltr' id='par_1_3' title="bbox 305 255 1192 306">
     <span class='ocr_line' id='line_1_3' title="bbox 305 255 1192 306; baseline -0.009 0"><span class='ocrx_word' id='word_1_3' title='bbox 305 264 388 306; x_wconf 89' lang='lat'>430</span> <span class='ocrx_word' id='word_1_4' title='bbox 852 285 908 291; x_wconf 79' lang='lat'>—-</span> <span class='ocrx_word' id='word_1_5' title='bbox 967 255 1080 299; x_wconf 88' lang='lat' dir='ltr'>XIII</span> <span class='ocrx_word' id='word_1_6' title='bbox 1143 281 1192 286; x_wconf 89' lang='lat'>—-</span> 
     </span>
    </p>
   </div>
   <div class='ocr_carea' id='block_1_4' title="bbox 292 380 1743 1479">
    <p class='ocr_par' dir='ltr' id='par_1_4' title="bbox 292 380 1743 1479">
     <span class='ocr_line' id='line_1_4' title="bbox 303 380 1738 442; baseline -0.006 -11"><span class='ocrx_word' id='word_1_7' title='bbox 303 395 390 432; x_wconf 86' lang='lat' dir='ltr'>tam</span> <span class='ocrx_word' id='word_1_8' title='bbox 430 389 526 430; x_wconf 87' lang='lat' dir='ltr'>fede</span> <span class='ocrx_word' id='word_1_9' title='bbox 566 387 834 428; x_wconf 88' lang='lat' dir='ltr'>laceracionis</span> <span class='ocrx_word' id='word_1_10' title='bbox 877 386 1161 442; x_wconf 78' lang='lat' dir='ltr'>spectaculum</span> <span class='ocrx_word' id='word_1_11' title='bbox 1200 383 1482 438; x_wconf 86' lang='lat' dir='ltr'>ingenerauit.</span> <span class='ocrx_word' id='word_1_12' title='bbox 1545 381 1627 424; x_wconf 82' lang='lat' dir='ltr'>Sed</span> <span class='ocrx_word' id='word_1_13' title='bbox 1659 387 1701 424; x_wconf 87' lang='lat' dir='ltr'>et</span> <span class='ocrx_word' id='word_1_14' title='bbox 1733 380 1738 438; x_wconf 82' lang='grc' dir='ltr'>Ι</span> 
     </span>
     <span class='ocr_line' id='line_1_5' title="bbox 303 441 1743 498; baseline -0.004 -10"><span class='ocrx_word' id='word_1_15' title='bbox 303 448 498 489; x_wconf 72' lang='lat' dir='ltr'>sanctitas</span> <span class='ocrx_word' id='word_1_16' title='bbox 516 445 688 495; x_wconf 86' lang='lat' dir='ltr'>Kanuti,</span> <span class='ocrx_word' id='word_1_17' title='bbox 721 445 874 485; x_wconf 80' lang='lat' dir='ltr'>crebris</span> <span class='ocrx_word' id='word_1_18' title='bbox 897 445 1110 498; x_wconf 88' lang='lat' dir='ltr'>signorum</span> <span class='ocrx_word' id='word_1_19' title='bbox 1133 442 1295 483; x_wconf 89' lang='lat' dir='ltr'>indiciis</span> <span class='ocrx_word' id='word_1_20' title='bbox 1316 441 1484 496; x_wconf 87' lang='lat' dir='ltr'>prodita</span> <span class='ocrx_word' id='word_1_21' title='bbox 1506 455 1554 481; x_wconf 92' lang='lat' dir='ltr'>ac</span> <span class='ocrx_word' id='word_1_22' title='bbox 1590 441 1743 483; x_wconf 88' lang='lat' dir='ltr'>diuinis</span> 
     </span>
     <span class='ocr_line' id='line_1_6' title="bbox 302 498 1740 558; baseline -0.003 -14"><span class='ocrx_word' id='word_1_23' title='bbox 302 505 474 558; x_wconf 82' lang='lat' dir='ltr'>uulgata</span> <span class='ocrx_word' id='word_1_24' title='bbox 506 503 728 553; x_wconf 74' lang='lat' dir='ltr'>miraculis,</span> <span class='ocrx_word' id='word_1_25' title='bbox 760 502 993 543; x_wconf 81' lang='lat' dir='ltr'>incredibili</span> <span class='ocrx_word' id='word_1_26' title='bbox 1026 501 1154 542; x_wconf 90' lang='lat' dir='ltr'>cladis</span> <span class='ocrx_word' id='word_1_27' title='bbox 1187 501 1274 540; x_wconf 89' lang='lat' dir='ltr'>eius</span> <span class='ocrx_word' id='word_1_28' title='bbox 1307 498 1647 553; x_wconf 84' lang='lat' dir='ltr'>conquestoribus</span> <span class='ocrx_word' id='word_1_29' title='bbox 1669 499 1740 540; x_wconf 88' lang='lat' dir='ltr'>ad-</span> 
     </span>
     <span class='ocr_line' id='line_1_7' title="bbox 302 556 1740 614; baseline -0.002 -13"><span class='ocrx_word' id='word_1_30' title='bbox 302 561 494 602; x_wconf 88' lang='lat' dir='ltr'>miniculo</span> <span class='ocrx_word' id='word_1_31' title='bbox 526 560 617 600; x_wconf 86' lang='lat' dir='ltr'>fuit.</span> <span class='ocrx_word' id='word_1_32' title='bbox 657 559 871 600; x_wconf 88' lang='lat' dir='ltr'>Haraldus</span> <span class='ocrx_word' id='word_1_33' title='bbox 903 573 1065 614; x_wconf 91' lang='lat' dir='ltr'>quoque</span> <span class='ocrx_word' id='word_1_34' title='bbox 1099 557 1308 599; x_wconf 86' lang='lat' dir='ltr'>interdum</span> <span class='ocrx_word' id='word_1_35' title='bbox 1340 556 1596 597; x_wconf 82' lang='lat' dir='ltr'>declaratam</span> <span class='ocrx_word' id='word_1_36' title='bbox 1628 557 1740 611; x_wconf 89' lang='lat' dir='ltr'>apud</span> 
     </span>
     <span class='ocr_line' id='line_1_8' title="bbox 300 614 1741 673; baseline -0.003 -15"><span class='ocrx_word' id='word_1_37' title='bbox 300 617 607 673; x_wconf 69' lang='lat' dir='ltr'>Rynqstadium</span> <span class='ocrx_word' id='word_1_38' title='bbox 645 618 885 657; x_wconf 85' lang='lat' dir='ltr'>concionem</span> <span class='ocrx_word' id='word_1_39' title='bbox 919 618 1073 657; x_wconf 88' lang='lat' dir='ltr'>maiore</span> <span class='ocrx_word' id='word_1_40' title='bbox 1104 616 1223 670; x_wconf 83' lang='lat' dir='ltr'>regni</span> <span class='ocrx_word' id='word_1_41' title='bbox 1255 629 1380 669; x_wconf 83' lang='lat' dir='ltr'>quam</span> <span class='ocrx_word' id='word_1_42' title='bbox 1412 614 1586 655; x_wconf 82' lang='lat' dir='ltr'>ulcionis</span> <span class='ocrx_word' id='word_1_43' title='bbox 1618 614 1741 655; x_wconf 81' lang='lat' dir='ltr'>affec-</span> 
     </span>
     <span class='ocr_line' id='line_1_9' title="bbox 299 672 1740 729; baseline -0.002 -14"><span class='ocrx_word' id='word_1_44' title='bbox 299 676 461 716; x_wconf 89' lang='lat' dir='ltr'>tacione</span> <span class='ocrx_word' id='word_1_45' title='bbox 492 675 653 729; x_wconf 66' lang='lat' dir='ltr'>petiuit,</span> <span class='ocrx_word' id='word_1_46' title='bbox 686 675 826 729; x_wconf 89' lang='lat' dir='ltr'>ibique</span> <span class='ocrx_word' id='word_1_47' title='bbox 858 675 1137 715; x_wconf 75' lang='lat' dir='ltr'>tristissimam</span> <span class='ocrx_word' id='word_1_48' title='bbox 1171 673 1357 713; x_wconf 79' lang='lat' dir='ltr'>fraterne</span> <span class='ocrx_word' id='word_1_49' title='bbox 1388 673 1500 713; x_wconf 86' lang='lat' dir='ltr'>necis</span> <span class='ocrx_word' id='word_1_50' title='bbox 1526 672 1740 727; x_wconf 89' lang='lat' dir='ltr'>querelam</span> 
     </span>
     <span class='ocr_line' id='line_1_10' title="bbox 298 727 1741 787; baseline -0.002 -14"><span class='ocrx_word' id='word_1_51' title='bbox 298 733 473 787; x_wconf 77' lang='lat' dir='ltr'>peregit.</span> <span class='ocrx_word' id='word_1_52' title='bbox 534 731 681 773; x_wconf 87' lang='lat' dir='ltr'>Ericus</span> <span class='ocrx_word' id='word_1_53' title='bbox 712 746 835 784; x_wconf 88' lang='lat' dir='ltr'>uero,</span> <span class='ocrx_word' id='word_1_54' title='bbox 864 732 1095 773; x_wconf 87' lang='lat' dir='ltr'>insularum</span> <span class='ocrx_word' id='word_1_55' title='bbox 1127 746 1151 772; x_wconf 89' lang='lat' dir='ltr'>a</span> <span class='ocrx_word' id='word_1_56' title='bbox 1183 727 1368 784; x_wconf 58' lang='lat' dir='ltr'>Kassnuto</span> <span class='ocrx_word' id='word_1_57' title='bbox 1401 730 1639 785; x_wconf 86' lang='lat' dir='ltr'>prefectura</span> <span class='ocrx_word' id='word_1_58' title='bbox 1671 730 1741 771; x_wconf 91' lang='lat' dir='ltr'>do-</span> 
     </span>
     <span class='ocr_line' id='line_1_11' title="bbox 297 787 1741 842; baseline -0.002 -11"><span class='ocrx_word' id='word_1_59' title='bbox 297 795 442 842; x_wconf 86' lang='lat' dir='ltr'>natus,</span> <span class='ocrx_word' id='word_1_60' title='bbox 489 791 579 831; x_wconf 87' lang='lat' dir='ltr'>sola</span> <span class='ocrx_word' id='word_1_61' title='bbox 624 790 807 830; x_wconf 90' lang='lat' dir='ltr'>uindicte</span> <span class='ocrx_word' id='word_1_62' title='bbox 855 790 1131 830; x_wconf 88' lang='lat' dir='ltr'>meditacione</span> <span class='ocrx_word' id='word_1_63' title='bbox 1172 789 1372 830; x_wconf 87' lang='lat' dir='ltr'>sollicitus</span> <span class='ocrx_word' id='word_1_64' title='bbox 1415 788 1620 829; x_wconf 85' lang='lat' dir='ltr'>estuabat.</span> <span class='ocrx_word' id='word_1_65' title='bbox 1683 787 1741 829; x_wconf 89' lang='lat' dir='ltr'>At</span> 
     </span>
     <span class='ocr_line' id='line_1_12' title="bbox 296 846 1741 903; baseline -0.001 -15"><span class='ocrx_word' id='word_1_66' title='bbox 296 848 515 898; x_wconf 89' lang='lat' dir='ltr'>Nicolaus,</span> <span class='ocrx_word' id='word_1_67' title='bbox 558 848 771 903; x_wconf 86' lang='lat' dir='ltr'>popularis</span> <span class='ocrx_word' id='word_1_68' title='bbox 811 847 1031 888; x_wconf 87' lang='lat' dir='ltr'>inimicicie</span> <span class='ocrx_word' id='word_1_69' title='bbox 1074 851 1188 887; x_wconf 86' lang='lat' dir='ltr'>metu</span> <span class='ocrx_word' id='word_1_70' title='bbox 1220 846 1502 901; x_wconf 88' lang='lat' dir='ltr'>periculosum</span> <span class='ocrx_word' id='word_1_71' title='bbox 1533 846 1741 887; x_wconf 85' lang='lat' dir='ltr'>concionis</span> 
     </span>
     <span class='ocr_line' id='line_1_13' title="bbox 295 904 1740 960; baseline -0.001 -14"><span class='ocrx_word' id='word_1_72' title='bbox 295 906 455 946; x_wconf 89' lang='lat' dir='ltr'>aditum</span> <span class='ocrx_word' id='word_1_73' title='bbox 497 907 750 960; x_wconf 90' lang='lat' dir='ltr'>suspicatus,</span> <span class='ocrx_word' id='word_1_74' title='bbox 792 919 994 959; x_wconf 90' lang='lat' dir='ltr'>suamque</span> <span class='ocrx_word' id='word_1_75' title='bbox 1026 905 1092 946; x_wconf 91' lang='lat' dir='ltr'>uel</span> <span class='ocrx_word' id='word_1_76' title='bbox 1138 905 1213 945; x_wconf 88' lang='lat' dir='ltr'>filii</span> <span class='ocrx_word' id='word_1_77' title='bbox 1254 905 1420 959; x_wconf 87' lang='lat' dir='ltr'>copiam</span> <span class='ocrx_word' id='word_1_78' title='bbox 1462 904 1740 945; x_wconf 90' lang='lat' dir='ltr'>multitudinis</span> 
     </span>
     <span class='ocr_line' id='line_1_14' title="bbox 295 962 1741 1013; baseline -0.001 -9"><span class='ocrx_word' id='word_1_79' title='bbox 295 963 454 1004; x_wconf 91' lang='lat' dir='ltr'>uiribus</span> <span class='ocrx_word' id='word_1_80' title='bbox 500 963 649 1004; x_wconf 86' lang='lat' dir='ltr'>offerre</span> <span class='ocrx_word' id='word_1_81' title='bbox 695 977 775 1003; x_wconf 90' lang='lat' dir='ltr'>non</span> <span class='ocrx_word' id='word_1_82' title='bbox 823 977 972 1013; x_wconf 90' lang='lat' dir='ltr'>ausus,</span> <span class='ocrx_word' id='word_1_83' title='bbox 1014 962 1304 1003; x_wconf 89' lang='lat' dir='ltr'>Lundensium</span> <span class='ocrx_word' id='word_1_84' title='bbox 1352 962 1550 1003; x_wconf 87' lang='lat' dir='ltr'>antistitis</span> <span class='ocrx_word' id='word_1_85' title='bbox 1594 962 1741 1002; x_wconf 88' lang='lat' dir='ltr'>Asceri</span> 
     </span>
     <span class='ocr_line' id='line_1_15' title="bbox 297 1019 1739 1074; baseline -0.001 -13"><span class='ocrx_word' id='word_1_86' title='bbox 297 1021 513 1062; x_wconf 90' lang='lat' dir='ltr'>consilium</span> <span class='ocrx_word' id='word_1_87' title='bbox 546 1021 740 1061; x_wconf 87' lang='lat' dir='ltr'>aduocat.</span> <span class='ocrx_word' id='word_1_88' title='bbox 784 1020 876 1068; x_wconf 86' lang='lat' dir='ltr'>Quo</span> <span class='ocrx_word' id='word_1_89' title='bbox 910 1021 1092 1073; x_wconf 74' lang='lat' dir='ltr'>edoctus,</span> <span class='ocrx_word' id='word_1_90' title='bbox 1125 1020 1283 1074; x_wconf 90' lang='lat' dir='ltr'>Magno</span> <span class='ocrx_word' id='word_1_91' title='bbox 1315 1019 1549 1074; x_wconf 86' lang='lat' dir='ltr'>Roskyldis</span> <span class='ocrx_word' id='word_1_92' title='bbox 1581 1020 1739 1072; x_wconf 79' lang='lat' dir='ltr'>relicto,</span> 
     </span>
     <span class='ocr_line' id='line_1_16' title="bbox 294 1077 1740 1133; baseline -0.001 -15"><span class='ocrx_word' id='word_1_93' title='bbox 294 1078 604 1133; x_wconf 84' lang='lat' dir='ltr'>Ryngstadium</span> <span class='ocrx_word' id='word_1_94' title='bbox 626 1079 744 1133; x_wconf 85' lang='lat' dir='ltr'>petit,</span> <span class='ocrx_word' id='word_1_95' title='bbox 768 1092 939 1133; x_wconf 88' lang='lat' dir='ltr'>sperans</span> <span class='ocrx_word' id='word_1_96' title='bbox 961 1092 1004 1119; x_wconf 91' lang='lat' dir='ltr'>se</span> <span class='ocrx_word' id='word_1_97' title='bbox 1025 1093 1101 1133; x_wconf 92' lang='lat' dir='ltr'>per</span> <span class='ocrx_word' id='word_1_98' title='bbox 1123 1078 1362 1119; x_wconf 89' lang='lat' dir='ltr'>absenciam</span> <span class='ocrx_word' id='word_1_99' title='bbox 1383 1077 1458 1118; x_wconf 85' lang='lat' dir='ltr'>filii</span> <span class='ocrx_word' id='word_1_100' title='bbox 1479 1077 1740 1132; x_wconf 85' lang='lat' dir='ltr'>pacaciorem</span> 
     </span>
     <span class='ocr_line' id='line_1_17' title="bbox 294 1135 1741 1190; baseline 0 -14"><span class='ocrx_word' id='word_1_101' title='bbox 294 1136 427 1190; x_wconf 89' lang='lat' dir='ltr'>plebis</span> <span class='ocrx_word' id='word_1_102' title='bbox 459 1136 743 1190; x_wconf 86' lang='lat' dir='ltr'>frequenciam</span> <span class='ocrx_word' id='word_1_103' title='bbox 776 1141 1053 1189; x_wconf 88' lang='lat' dir='ltr'>reperturum.</span> <span class='ocrx_word' id='word_1_104' title='bbox 1106 1135 1267 1177; x_wconf 83' lang='lat' dir='ltr'>Verum</span> <span class='ocrx_word' id='word_1_105' title='bbox 1300 1135 1398 1189; x_wconf 93' lang='lat' dir='ltr'>quia</span> <span class='ocrx_word' id='word_1_106' title='bbox 1428 1135 1666 1176; x_wconf 88' lang='lat' dir='ltr'>habendam</span> <span class='ocrx_word' id='word_1_107' title='bbox 1697 1135 1741 1176; x_wconf 88' lang='lat' dir='ltr'>in</span> 
     </span>
     <span class='ocr_line' id='line_1_18' title="bbox 295 1193 1739 1248; baseline -0.001 -14"><span class='ocrx_word' id='word_1_108' title='bbox 295 1194 472 1234; x_wconf 86' lang='lat' dir='ltr'>collibus</span> <span class='ocrx_word' id='word_1_109' title='bbox 504 1194 744 1234; x_wconf 86' lang='lat' dir='ltr'>concionem</span> <span class='ocrx_word' id='word_1_110' title='bbox 778 1198 867 1234; x_wconf 87' lang='lat' dir='ltr'>tuto</span> <span class='ocrx_word' id='word_1_111' title='bbox 898 1194 1105 1247; x_wconf 88' lang='lat' dir='ltr'>petiturus</span> <span class='ocrx_word' id='word_1_112' title='bbox 1136 1207 1219 1234; x_wconf 87' lang='lat' dir='ltr'>non</span> <span class='ocrx_word' id='word_1_113' title='bbox 1249 1193 1485 1243; x_wconf 86' lang='lat' dir='ltr'>uidebatur,</span> <span class='ocrx_word' id='word_1_114' title='bbox 1516 1193 1558 1234; x_wconf 89' lang='lat' dir='ltr'>in</span> <span class='ocrx_word' id='word_1_115' title='bbox 1584 1193 1739 1248; x_wconf 91' lang='lat' dir='ltr'>oppido</span> 
     </span>
     <span class='ocr_line' id='line_1_19' title="bbox 294 1250 1740 1305; baseline 0.001 -14"><span class='ocrx_word' id='word_1_116' title='bbox 294 1252 556 1305; x_wconf 88' lang='lat' dir='ltr'>acquiescere</span> <span class='ocrx_word' id='word_1_117' title='bbox 602 1265 726 1305; x_wconf 89' lang='lat' dir='ltr'>quam</span> <span class='ocrx_word' id='word_1_118' title='bbox 774 1252 977 1292; x_wconf 87' lang='lat' dir='ltr'>incertam</span> <span class='ocrx_word' id='word_1_119' title='bbox 1022 1251 1167 1305; x_wconf 87' lang='lat' dir='ltr'>populi</span> <span class='ocrx_word' id='word_1_120' title='bbox 1210 1251 1336 1292; x_wconf 90' lang='lat' dir='ltr'>fidem</span> <span class='ocrx_word' id='word_1_121' title='bbox 1383 1250 1620 1292; x_wconf 87' lang='lat' dir='ltr'>discrimine</span> <span class='ocrx_word' id='word_1_122' title='bbox 1667 1265 1740 1292; x_wconf 89' lang='lat' dir='ltr'>suo</span> 
     </span>
     <span class='ocr_line' id='line_1_20' title="bbox 294 1308 1740 1364; baseline 0 -15"><span class='ocrx_word' id='word_1_123' title='bbox 294 1312 456 1349; x_wconf 84' lang='lat' dir='ltr'>tentare</span> <span class='ocrx_word' id='word_1_124' title='bbox 498 1309 658 1349; x_wconf 88' lang='lat' dir='ltr'>maluit.</span> <span class='ocrx_word' id='word_1_125' title='bbox 723 1308 913 1364; x_wconf 85' lang='lat' dir='ltr'>Cumque</span> <span class='ocrx_word' id='word_1_126' title='bbox 947 1309 1108 1350; x_wconf 87' lang='lat' dir='ltr'>Kanuti</span> <span class='ocrx_word' id='word_1_127' title='bbox 1149 1309 1301 1350; x_wconf 83' lang='lat' dir='ltr'>fratres</span> <span class='ocrx_word' id='word_1_128' title='bbox 1343 1308 1478 1349; x_wconf 87' lang='lat' dir='ltr'>fatum</span> <span class='ocrx_word' id='word_1_129' title='bbox 1510 1309 1597 1349; x_wconf 90' lang='lat' dir='ltr'>eius</span> <span class='ocrx_word' id='word_1_130' title='bbox 1628 1308 1740 1362; x_wconf 90' lang='lat' dir='ltr'>apud</span> 
     </span>
     <span class='ocr_line' id='line_1_21' title="bbox 293 1366 1742 1421; baseline 0.001 -15"><span class='ocrx_word' id='word_1_131' title='bbox 293 1367 532 1406; x_wconf 88' lang='lat' dir='ltr'>concionem</span> <span class='ocrx_word' id='word_1_132' title='bbox 578 1367 668 1421; x_wconf 90' lang='lat' dir='ltr'>pari</span> <span class='ocrx_word' id='word_1_133' title='bbox 714 1367 890 1408; x_wconf 88' lang='lat' dir='ltr'>fuissent</span> <span class='ocrx_word' id='word_1_134' title='bbox 935 1367 1195 1421; x_wconf 87' lang='lat' dir='ltr'>querimonia</span> <span class='ocrx_word' id='word_1_135' title='bbox 1240 1366 1509 1421; x_wconf 81' lang='lat' dir='ltr'>prosequuti,</span> <span class='ocrx_word' id='word_1_136' title='bbox 1561 1367 1742 1420; x_wconf 86' lang='lat' dir='ltr'>populus</span> 
     </span>
     <span class='ocr_line' id='line_1_22' title="bbox 292 1424 1739 1479; baseline 0 -15"><span class='ocrx_word' id='word_1_137' title='bbox 292 1424 556 1478; x_wconf 87' lang='lat' dir='ltr'>lachrymosa</span> <span class='ocrx_word' id='word_1_138' title='bbox 588 1438 730 1465; x_wconf 89' lang='lat' dir='ltr'>eorum</span> <span class='ocrx_word' id='word_1_139' title='bbox 764 1425 930 1465; x_wconf 86' lang='lat' dir='ltr'>accione</span> <span class='ocrx_word' id='word_1_140' title='bbox 962 1430 1176 1479; x_wconf 89' lang='lat' dir='ltr'>permotus</span> <span class='ocrx_word' id='word_1_141' title='bbox 1208 1429 1295 1465; x_wconf 82' lang='lat' dir='ltr'>tam</span> <span class='ocrx_word' id='word_1_142' title='bbox 1328 1425 1494 1465; x_wconf 89' lang='lat' dir='ltr'>innocui</span> <span class='ocrx_word' id='word_1_143' title='bbox 1526 1425 1739 1478; x_wconf 83' lang='lat' dir='ltr'>sanguinis</span> 
     </span>
    </p>
   </div>
   <div class='ocr_carea' id='block_1_5' title="bbox 223 1482 1739 1536">
    <p class='ocr_par' dir='ltr' id='par_1_5' title="bbox 223 1482 1739 1536">
     <span class='ocr_line' id='line_1_23' title="bbox 223 1482 1739 1536; baseline 0.001 -15"><span class='ocrx_word' id='word_1_144' title='bbox 223 1494 258 1520; x_wconf 72' lang='lat'>‘20</span> <span class='ocrx_word' id='word_1_145' title='bbox 288 1482 525 1522; x_wconf 82' lang='lat' dir='ltr'>carnificem</span> <span class='ocrx_word' id='word_1_146' title='bbox 578 1483 746 1536; x_wconf 85' lang='lat' dir='ltr'>publica</span> <span class='ocrx_word' id='word_1_147' title='bbox 788 1483 1062 1523; x_wconf 87' lang='lat' dir='ltr'>damnacione</span> <span class='ocrx_word' id='word_1_148' title='bbox 1114 1483 1355 1534; x_wconf 89' lang='lat' dir='ltr'>mulctauit,</span> <span class='ocrx_word' id='word_1_149' title='bbox 1400 1482 1739 1536; x_wconf 87' lang='lat' dir='ltr'>sentenciamque</span> 
     </span>
    </p>
   </div>
   <div class='ocr_carea' id='block_1_6' title="bbox 290 1539 1739 1768">
    <p class='ocr_par' dir='ltr' id='par_1_6' title="bbox 290 1539 1739 1768">
     <span class='ocr_line' id='line_1_24' title="bbox 291 1539 1739 1595; baseline 0.001 -16"><span class='ocrx_word' id='word_1_150' title='bbox 291 1553 408 1579; x_wconf 87' lang='lat' dir='ltr'>suam</span> <span class='ocrx_word' id='word_1_151' title='bbox 449 1540 674 1580; x_wconf 87' lang='lat' dir='ltr'>aduersum</span> <span class='ocrx_word' id='word_1_152' title='bbox 716 1545 801 1580; x_wconf 85' lang='lat' dir='ltr'>tam</span> <span class='ocrx_word' id='word_1_153' title='bbox 848 1541 906 1595; x_wconf 87' lang='lat' dir='ltr'>pii</span> <span class='ocrx_word' id='word_1_154' title='bbox 951 1541 1121 1594; x_wconf 90' lang='lat' dir='ltr'>spiritus</span> <span class='ocrx_word' id='word_1_155' title='bbox 1167 1553 1455 1595; x_wconf 85' lang='lat' dir='ltr'>oppressorem</span> <span class='ocrx_word' id='word_1_156' title='bbox 1502 1539 1739 1581; x_wconf 77' lang='lat' dir='ltr'>destrinxit.</span> 
     </span>
     <span class='ocr_line' id='line_1_25' title="bbox 290 1596 1739 1652; baseline 0.001 -16"><span class='ocrx_word' id='word_1_157' title='bbox 290 1596 339 1637; x_wconf 90' lang='lat' dir='ltr'>In</span> <span class='ocrx_word' id='word_1_158' title='bbox 372 1611 517 1652; x_wconf 89' lang='lat' dir='ltr'>regem</span> <span class='ocrx_word' id='word_1_159' title='bbox 549 1611 671 1647; x_wconf 85' lang='lat' dir='ltr'>uero,</span> <span class='ocrx_word' id='word_1_160' title='bbox 713 1599 889 1650; x_wconf 88' lang='lat' dir='ltr'>pristina</span> <span class='ocrx_word' id='word_1_161' title='bbox 930 1599 1067 1639; x_wconf 91' lang='lat' dir='ltr'>adhuc</span> <span class='ocrx_word' id='word_1_162' title='bbox 1097 1599 1265 1639; x_wconf 87' lang='lat' dir='ltr'>fortuna</span> <span class='ocrx_word' id='word_1_163' title='bbox 1297 1598 1605 1646; x_wconf 86' lang='lat' dir='ltr'>uenerabilem,</span> <span class='ocrx_word' id='word_1_164' title='bbox 1648 1602 1739 1638; x_wconf 88' lang='lat' dir='ltr'>tan-</span> 
     </span>
     <span class='ocr_line' id='line_1_26' title="bbox 290 1655 1739 1709; baseline 0.002 -15"><span class='ocrx_word' id='word_1_165' title='bbox 290 1668 416 1709; x_wconf 88' lang='lat' dir='ltr'>quam</span> <span class='ocrx_word' id='word_1_166' title='bbox 449 1655 499 1696; x_wconf 90' lang='lat' dir='ltr'>de</span> <span class='ocrx_word' id='word_1_167' title='bbox 532 1656 619 1696; x_wconf 91' lang='lat' dir='ltr'>eius</span> <span class='ocrx_word' id='word_1_168' title='bbox 650 1656 832 1697; x_wconf 76' lang='lat' dir='ltr'>incertus</span> <span class='ocrx_word' id='word_1_169' title='bbox 865 1670 1089 1709; x_wconf 85' lang='lat' dir='ltr'>consensu,</span> <span class='ocrx_word' id='word_1_170' title='bbox 1121 1656 1306 1697; x_wconf 90' lang='lat' dir='ltr'>seuerius</span> <span class='ocrx_word' id='word_1_171' title='bbox 1348 1656 1561 1696; x_wconf 87' lang='lat' dir='ltr'>consulere</span> <span class='ocrx_word' id='word_1_172' title='bbox 1593 1668 1739 1709; x_wconf 87' lang='lat' dir='ltr'>passus</span> 
     </span>
     <span class='ocr_line' id='line_1_27' title="bbox 290 1713 1737 1768; baseline 0.001 -16"><span class='ocrx_word' id='word_1_173' title='bbox 290 1726 372 1752; x_wconf 88' lang='lat' dir='ltr'>non</span> <span class='ocrx_word' id='word_1_174' title='bbox 398 1716 470 1762; x_wconf 90' lang='lat' dir='ltr'>est,</span> <span class='ocrx_word' id='word_1_175' title='bbox 502 1727 554 1754; x_wconf 89' lang='lat' dir='ltr'>ne</span> <span class='ocrx_word' id='word_1_176' title='bbox 578 1727 731 1754; x_wconf 78' lang='lat' dir='ltr'>noxam</span> <span class='ocrx_word' id='word_1_177' title='bbox 754 1718 796 1755; x_wconf 87' lang='lat' dir='ltr'>et</span> <span class='ocrx_word' id='word_1_178' title='bbox 818 1715 1107 1755; x_wconf 87' lang='lat' dir='ltr'>innocenciam</span> <span class='ocrx_word' id='word_1_179' title='bbox 1129 1714 1171 1754; x_wconf 89' lang='lat' dir='ltr'>in</span> <span class='ocrx_word' id='word_1_180' title='bbox 1193 1727 1300 1768; x_wconf 91' lang='lat' dir='ltr'>equo</span> <span class='ocrx_word' id='word_1_181' title='bbox 1323 1726 1480 1767; x_wconf 89' lang='lat' dir='ltr'>ponere</span> <span class='ocrx_word' id='word_1_182' title='bbox 1511 1713 1737 1754; x_wconf 86' lang='lat' dir='ltr'>uideretur.</span> 
     </span>
    </p>
   </div>
   <div class='ocr_carea' id='block_1_7' title="bbox 220 1769 1738 1826">
    <p class='ocr_par' dir='ltr' id='par_1_7' title="bbox 220 1769 1738 1826">
     <span class='ocr_line' id='line_1_28' title="bbox 220 1769 1738 1826; baseline 0.001 -17"><span class='ocrx_word' id='word_1_183' title='bbox 220 1783 256 1810; x_wconf 82' lang='lat'>25</span> <span class='ocrx_word' id='word_1_184' title='bbox 287 1769 438 1824; x_wconf 87' lang='lat' dir='ltr'>Itaque</span> <span class='ocrx_word' id='word_1_185' title='bbox 479 1772 613 1826; x_wconf 88' lang='lat' dir='ltr'>patrie</span> <span class='ocrx_word' id='word_1_186' title='bbox 655 1777 897 1825; x_wconf 72' lang='lat' dir='ltr'>parentem,</span> <span class='ocrx_word' id='word_1_187' title='bbox 937 1772 1105 1813; x_wconf 89' lang='lat' dir='ltr'>honoris</span> <span class='ocrx_word' id='word_1_188' title='bbox 1148 1773 1305 1826; x_wconf 87' lang='lat' dir='ltr'>pariter</span> <span class='ocrx_word' id='word_1_189' title='bbox 1337 1771 1425 1812; x_wconf 87' lang='lat' dir='ltr'>eius</span> <span class='ocrx_word' id='word_1_190' title='bbox 1457 1774 1582 1826; x_wconf 88' lang='lat' dir='ltr'>atque</span> <span class='ocrx_word' id='word_1_191' title='bbox 1615 1771 1738 1812; x_wconf 87' lang='lat' dir='ltr'>etatis</span> 
     </span>
    </p>
   </div>
   <div class='ocr_carea' id='block_1_8' title="bbox 219 2361 253 2387">
    <p class='ocr_par' dir='ltr' id='par_1_8' title="bbox 219 2361 253 2387">
     <span class='ocr_line' id='line_1_29' title="bbox 219 2361 253 2387; baseline 0.029 -1"><span class='ocrx_word' id='word_1_192' title='bbox 219 2361 253 2387; x_wconf 79' lang='lat'>35</span> 
     </span>
    </p>
   </div>
   <div class='ocr_carea' id='block_1_9' title="bbox 289 1828 1736 2058">
    <p class='ocr_par' dir='ltr' id='par_1_9' title="bbox 289 1828 1736 2058">
     <span class='ocr_line' id='line_1_30' title="bbox 290 1828 1736 1881; baseline 0.001 -13"><span class='ocrx_word' id='word_1_193' title='bbox 290 1828 561 1869; x_wconf 89' lang='lat' dir='ltr'>estimacione</span> <span class='ocrx_word' id='word_1_194' title='bbox 607 1830 885 1871; x_wconf 86' lang='lat' dir='ltr'>uerecundius</span> <span class='ocrx_word' id='word_1_195' title='bbox 930 1830 1097 1881; x_wconf 86' lang='lat' dir='ltr'>habita,</span> <span class='ocrx_word' id='word_1_196' title='bbox 1144 1830 1197 1870; x_wconf 91' lang='lat' dir='ltr'>ab</span> <span class='ocrx_word' id='word_1_197' title='bbox 1238 1829 1315 1870; x_wconf 90' lang='lat' dir='ltr'>hoc</span> <span class='ocrx_word' id='word_1_198' title='bbox 1361 1829 1736 1870; x_wconf 87' lang='lat' dir='ltr'>animaduersionis</span> 
     </span>
     <span class='ocr_line' id='line_1_31' title="bbox 289 1887 1736 1943; baseline 0.001 -17"><span class='ocrx_word' id='word_1_199' title='bbox 289 1898 443 1939; x_wconf 84' lang='lat' dir='ltr'>genere</span> <span class='ocrx_word' id='word_1_200' title='bbox 473 1887 701 1928; x_wconf 85' lang='lat' dir='ltr'>immunem</span> <span class='ocrx_word' id='word_1_201' title='bbox 735 1888 915 1943; x_wconf 85' lang='lat' dir='ltr'>reliquit.</span> <span class='ocrx_word' id='word_1_202' title='bbox 977 1887 1081 1928; x_wconf 89' lang='lat' dir='ltr'>Orta</span> <span class='ocrx_word' id='word_1_203' title='bbox 1113 1887 1284 1928; x_wconf 90' lang='lat' dir='ltr'>tandem</span> <span class='ocrx_word' id='word_1_204' title='bbox 1317 1887 1367 1928; x_wconf 87' lang='lat' dir='ltr'>de</span> <span class='ocrx_word' id='word_1_205' title='bbox 1399 1887 1510 1941; x_wconf 88' lang='lat' dir='ltr'>regis</span> <span class='ocrx_word' id='word_1_206' title='bbox 1541 1887 1736 1928; x_wconf 89' lang='lat' dir='ltr'>absencia</span> 
     </span>
     <span class='ocr_line' id='line_1_32' title="bbox 290 1944 1736 1998; baseline 0.002 -15"><span class='ocrx_word' id='word_1_207' title='bbox 290 1944 532 1996; x_wconf 89' lang='lat' dir='ltr'>mencione,</span> <span class='ocrx_word' id='word_1_208' title='bbox 580 1945 726 1985; x_wconf 90' lang='lat' dir='ltr'>subitis</span> <span class='ocrx_word' id='word_1_209' title='bbox 770 1946 1121 1987; x_wconf 88' lang='lat' dir='ltr'>consternacionis</span> <span class='ocrx_word' id='word_1_210' title='bbox 1164 1945 1282 1986; x_wconf 89' lang='lat' dir='ltr'>furiis</span> <span class='ocrx_word' id='word_1_211' title='bbox 1324 1945 1548 1998; x_wconf 88' lang='lat' dir='ltr'>incitatus,</span> <span class='ocrx_word' id='word_1_212' title='bbox 1593 1945 1736 1986; x_wconf 81' lang='lat' dir='ltr'>laxato</span> 
     </span>
     <span class='ocr_line' id='line_1_33' title="bbox 289 2002 1735 2058; baseline 0.001 -17"><span class='ocrx_word' id='word_1_213' title='bbox 289 2002 499 2043; x_wconf 90' lang='lat' dir='ltr'>concionis</span> <span class='ocrx_word' id='word_1_214' title='bbox 521 2002 678 2054; x_wconf 90' lang='lat' dir='ltr'>ordine,</span> <span class='ocrx_word' id='word_1_215' title='bbox 696 2004 805 2044; x_wconf 87' lang='lat' dir='ltr'>intra</span> <span class='ocrx_word' id='word_1_216' title='bbox 827 2018 921 2045; x_wconf 91' lang='lat' dir='ltr'>suos</span> <span class='ocrx_word' id='word_1_217' title='bbox 943 2018 1039 2044; x_wconf 89' lang='lat' dir='ltr'>eum</span> <span class='ocrx_word' id='word_1_218' title='bbox 1062 2007 1235 2057; x_wconf 89' lang='lat' dir='ltr'>penates</span> <span class='ocrx_word' id='word_1_219' title='bbox 1257 2003 1493 2058; x_wconf 81' lang='lat' dir='ltr'>opprimere</span> <span class='ocrx_word' id='word_1_220' title='bbox 1514 2002 1735 2057; x_wconf 83' lang='lat' dir='ltr'>gestiebat,</span> 
     </span>
    </p>
   </div>
   <div class='ocr_carea' id='block_1_10' title="bbox 220 2060 1735 2115">
    <p class='ocr_par' dir='ltr' id='par_1_10' title="bbox 220 2060 1735 2115">
     <span class='ocr_line' id='line_1_34' title="bbox 220 2060 1735 2115; baseline 0.001 -16"><span class='ocrx_word' id='word_1_221' title='bbox 220 2072 234 2085; x_wconf 78' lang='lat'><strong>⁰</strong></span> <span class='ocrx_word' id='word_1_222' title='bbox 290 2060 495 2112; x_wconf 71' lang='lat' dir='ltr'>prefatus,</span> <span class='ocrx_word' id='word_1_223' title='bbox 528 2061 634 2101; x_wconf 88' lang='lat' dir='ltr'>iuste</span> <span class='ocrx_word' id='word_1_224' title='bbox 666 2075 810 2115; x_wconf 89' lang='lat' dir='ltr'>regem</span> <span class='ocrx_word' id='word_1_225' title='bbox 842 2062 895 2102; x_wconf 89' lang='lat' dir='ltr'>ab</span> <span class='ocrx_word' id='word_1_226' title='bbox 927 2061 990 2102; x_wconf 90' lang='lat' dir='ltr'>his</span> <span class='ocrx_word' id='word_1_227' title='bbox 1022 2061 1150 2114; x_wconf 88' lang='lat' dir='ltr'>adiri,</span> <span class='ocrx_word' id='word_1_228' title='bbox 1193 2074 1294 2115; x_wconf 87' lang='lat' dir='ltr'>quos</span> <span class='ocrx_word' id='word_1_229' title='bbox 1326 2061 1442 2115; x_wconf 87' lang='lat' dir='ltr'>prior</span> <span class='ocrx_word' id='word_1_230' title='bbox 1473 2061 1560 2115; x_wconf 89' lang='lat' dir='ltr'>ipse</span> <span class='ocrx_word' id='word_1_231' title='bbox 1592 2064 1735 2114; x_wconf 88' lang='lat' dir='ltr'>petere</span> 
     </span>
    </p>
   </div>
   <div class='ocr_carea' id='block_1_11' title="bbox 285 2117 1735 2635">
    <p class='ocr_par' dir='ltr' id='par_1_11' title="bbox 285 2117 1735 2635">
     <span class='ocr_line' id='line_1_35' title="bbox 287 2117 1735 2174; baseline 0.002 -17"><span class='ocrx_word' id='word_1_232' title='bbox 287 2117 510 2171; x_wconf 87' lang='lat' dir='ltr'>noluisset,</span> <span class='ocrx_word' id='word_1_233' title='bbox 551 2120 771 2172; x_wconf 83' lang='lat' dir='ltr'>presertim</span> <span class='ocrx_word' id='word_1_234' title='bbox 814 2133 909 2160; x_wconf 90' lang='lat' dir='ltr'>cum</span> <span class='ocrx_word' id='word_1_235' title='bbox 939 2119 1200 2174; x_wconf 89' lang='lat' dir='ltr'>presenciam</span> <span class='ocrx_word' id='word_1_236' title='bbox 1243 2133 1361 2159; x_wconf 87' lang='lat' dir='ltr'>suam</span> <span class='ocrx_word' id='word_1_237' title='bbox 1399 2119 1612 2170; x_wconf 82' lang='lat' dir='ltr'>concioni,</span> <span class='ocrx_word' id='word_1_238' title='bbox 1654 2132 1735 2173; x_wconf 87' lang='lat' dir='ltr'>que</span> 
     </span>
     <span class='ocr_line' id='line_1_36' title="bbox 288 2176 1733 2230; baseline 0.003 -16"><span class='ocrx_word' id='word_1_239' title='bbox 288 2187 363 2228; x_wconf 89' lang='lat' dir='ltr'>per</span> <span class='ocrx_word' id='word_1_240' title='bbox 393 2189 489 2215; x_wconf 86' lang='lat' dir='ltr'>eum</span> <span class='ocrx_word' id='word_1_241' title='bbox 532 2176 678 2230; x_wconf 88' lang='lat' dir='ltr'>uigere</span> <span class='ocrx_word' id='word_1_242' title='bbox 721 2177 946 2229; x_wconf 89' lang='lat' dir='ltr'>debuerat,</span> <span class='ocrx_word' id='word_1_243' title='bbox 987 2177 1029 2217; x_wconf 90' lang='lat' dir='ltr'>in</span> <span class='ocrx_word' id='word_1_244' title='bbox 1061 2177 1214 2217; x_wconf 89' lang='lat' dir='ltr'>uicinia</span> <span class='ocrx_word' id='word_1_245' title='bbox 1246 2176 1494 2217; x_wconf 89' lang='lat' dir='ltr'>constitutus</span> <span class='ocrx_word' id='word_1_246' title='bbox 1523 2180 1733 2230; x_wconf 87' lang='lat' dir='ltr'>negasset.</span> 
     </span>
     <span class='ocr_line' id='line_1_37' title="bbox 289 2231 1734 2290; baseline 0.001 -18"><span class='ocrx_word' id='word_1_247' title='bbox 289 2231 408 2279; x_wconf 81' lang='lat' dir='ltr'>Quod</span> <span class='ocrx_word' id='word_1_248' title='bbox 453 2247 548 2273; x_wconf 90' lang='lat' dir='ltr'>cum</span> <span class='ocrx_word' id='word_1_249' title='bbox 588 2248 663 2275; x_wconf 84' lang='lat' dir='ltr'>rex</span> <span class='ocrx_word' id='word_1_250' title='bbox 704 2249 756 2275; x_wconf 83' lang='lat' dir='ltr'>ex</span> <span class='ocrx_word' id='word_1_251' title='bbox 798 2235 886 2288; x_wconf 90' lang='lat' dir='ltr'>his,</span> <span class='ocrx_word' id='word_1_252' title='bbox 932 2249 1034 2290; x_wconf 91' lang='lat' dir='ltr'>quos</span> <span class='ocrx_word' id='word_1_253' title='bbox 1073 2234 1126 2275; x_wconf 91' lang='lat' dir='ltr'>ad</span> <span class='ocrx_word' id='word_1_254' title='bbox 1172 2233 1484 2288; x_wconf 87' lang='lat' dir='ltr'>cognoscendas</span> <span class='ocrx_word' id='word_1_255' title='bbox 1526 2234 1734 2275; x_wconf 87' lang='lat' dir='ltr'>concionis</span> 
     </span>
     <span class='ocr_line' id='line_1_38' title="bbox 287 2290 1734 2347; baseline 0.001 -17"><span class='ocrx_word' id='word_1_256' title='bbox 287 2303 410 2331; x_wconf 90' lang='lat' dir='ltr'>uoces</span> <span class='ocrx_word' id='word_1_257' title='bbox 432 2290 658 2345; x_wconf 82' lang='lat' dir='ltr'>direxerat,</span> <span class='ocrx_word' id='word_1_258' title='bbox 679 2293 919 2347; x_wconf 82' lang='lat' dir='ltr'>accepisset,</span> <span class='ocrx_word' id='word_1_259' title='bbox 938 2294 1141 2334; x_wconf 89' lang='lat' dir='ltr'>Ascerum</span> <span class='ocrx_word' id='word_1_260' title='bbox 1165 2292 1332 2343; x_wconf 86' lang='lat' dir='ltr'>emittit,</span> <span class='ocrx_word' id='word_1_261' title='bbox 1354 2292 1425 2346; x_wconf 90' lang='lat' dir='ltr'>qui</span> <span class='ocrx_word' id='word_1_262' title='bbox 1447 2292 1734 2332; x_wconf 88' lang='lat' dir='ltr'>reuerenciam</span> 
     </span>
     <span class='ocr_line' id='line_1_39' title="bbox 285 2348 1733 2403; baseline 0.002 -16"><span class='ocrx_word' id='word_1_263' title='bbox 285 2351 326 2387; x_wconf 90' lang='lat' dir='ltr'>et</span> <span class='ocrx_word' id='word_1_264' title='bbox 347 2348 560 2389; x_wconf 84' lang='lat' dir='ltr'>nobilitati</span> <span class='ocrx_word' id='word_1_265' title='bbox 583 2364 655 2391; x_wconf 90' lang='lat' dir='ltr'>sue</span> <span class='ocrx_word' id='word_1_266' title='bbox 678 2355 719 2391; x_wconf 91' lang='lat' dir='ltr'>et</span> <span class='ocrx_word' id='word_1_267' title='bbox 740 2350 979 2392; x_wconf 85' lang='lat' dir='ltr'>sacerdocio</span> <span class='ocrx_word' id='word_1_268' title='bbox 1002 2350 1187 2391; x_wconf 88' lang='lat' dir='ltr'>debitam</span> <span class='ocrx_word' id='word_1_269' title='bbox 1220 2350 1280 2390; x_wconf 90' lang='lat' dir='ltr'>ire</span> <span class='ocrx_word' id='word_1_270' title='bbox 1314 2350 1433 2403; x_wconf 84' lang='lat' dir='ltr'>uulgi</span> <span class='ocrx_word' id='word_1_271' title='bbox 1464 2349 1733 2403; x_wconf 88' lang='lat' dir='ltr'>irrumpentis</span> 
     </span>
     <span class='ocr_line' id='line_1_40' title="bbox 289 2407 1730 2463; baseline 0.001 -18"><span class='ocrx_word' id='word_1_272' title='bbox 289 2411 529 2459; x_wconf 84' lang='lat' dir='ltr'>opponeret.</span> <span class='ocrx_word' id='word_1_273' title='bbox 590 2407 669 2449; x_wconf 72' lang='lat' dir='ltr'>Ille</span> <span class='ocrx_word' id='word_1_274' title='bbox 699 2408 834 2463; x_wconf 89' lang='lat' dir='ltr'>plebis</span> <span class='ocrx_word' id='word_1_275' title='bbox 866 2409 908 2449; x_wconf 90' lang='lat' dir='ltr'>in</span> <span class='ocrx_word' id='word_1_276' title='bbox 940 2421 1155 2449; x_wconf 87' lang='lat' dir='ltr'>occursum</span> <span class='ocrx_word' id='word_1_277' title='bbox 1186 2407 1464 2460; x_wconf 89' lang='lat' dir='ltr'>contendens,</span> <span class='ocrx_word' id='word_1_278' title='bbox 1512 2410 1730 2461; x_wconf 86' lang='lat' dir='ltr'>conspecto</span> 
     </span>
     <span class='ocr_line' id='line_1_41' title="bbox 287 2461 1730 2520; baseline 0.002 -18"><span class='ocrx_word' id='word_1_279' title='bbox 287 2461 421 2513; x_wconf 84' lang='lat' dir='ltr'>Erico,</span> <span class='ocrx_word' id='word_1_280' title='bbox 453 2464 669 2506; x_wconf 78' lang='lat' dir='ltr'>dexteram</span> <span class='ocrx_word' id='word_1_281' title='bbox 693 2465 868 2507; x_wconf 88' lang='lat' dir='ltr'>habenis</span> <span class='ocrx_word' id='word_1_282' title='bbox 890 2467 978 2507; x_wconf 89' lang='lat' dir='ltr'>eius</span> <span class='ocrx_word' id='word_1_283' title='bbox 1000 2479 1106 2520; x_wconf 91' lang='lat' dir='ltr'>equo</span> <span class='ocrx_word' id='word_1_284' title='bbox 1129 2464 1324 2519; x_wconf 87' lang='lat' dir='ltr'>delapsus</span> <span class='ocrx_word' id='word_1_285' title='bbox 1346 2465 1531 2505; x_wconf 89' lang='lat' dir='ltr'>inseruit.</span> <span class='ocrx_word' id='word_1_286' title='bbox 1560 2464 1565 2517; x_wconf 70' lang='lat' dir='ltr'>l</span> <span class='ocrx_word' id='word_1_287' title='bbox 1595 2464 1730 2512; x_wconf 87' lang='lat' dir='ltr'>Quem</span> 
     </span>
     <span class='ocr_line' id='line_1_42' title="bbox 288 2519 1730 2577; baseline 0.003 -18"><span class='ocrx_word' id='word_1_288' title='bbox 288 2519 358 2560; x_wconf 91' lang='lat' dir='ltr'>diu</span> <span class='ocrx_word' id='word_1_289' title='bbox 379 2535 427 2562; x_wconf 89' lang='lat' dir='ltr'>ac</span> <span class='ocrx_word' id='word_1_290' title='bbox 458 2523 649 2575; x_wconf 90' lang='lat' dir='ltr'>multum,</span> <span class='ocrx_word' id='word_1_291' title='bbox 682 2528 729 2564; x_wconf 80' lang='lat' dir='ltr'>ut</span> <span class='ocrx_word' id='word_1_292' title='bbox 759 2524 863 2564; x_wconf 88' lang='lat' dir='ltr'>iram</span> <span class='ocrx_word' id='word_1_293' title='bbox 896 2527 1142 2577; x_wconf 87' lang='lat' dir='ltr'>conceptam</span> <span class='ocrx_word' id='word_1_294' title='bbox 1174 2527 1332 2563; x_wconf 89' lang='lat' dir='ltr'>temere</span> <span class='ocrx_word' id='word_1_295' title='bbox 1363 2523 1607 2572; x_wconf 87' lang='lat' dir='ltr'>remitteret,</span> <span class='ocrx_word' id='word_1_296' title='bbox 1639 2536 1730 2576; x_wconf 86' lang='lat' dir='ltr'>pre-</span> 
     </span>
     <span class='ocr_line' id='line_1_43' title="bbox 288 2580 1728 2635; baseline 0.002 -18"><span class='ocrx_word' id='word_1_297' title='bbox 288 2582 521 2634; x_wconf 84' lang='lat' dir='ltr'>catus,pro</span> <span class='ocrx_word' id='word_1_298' title='bbox 543 2580 689 2635; x_wconf 85' lang='lat' dir='ltr'>Magni</span> <span class='ocrx_word' id='word_1_299' title='bbox 709 2581 896 2622; x_wconf 87' lang='lat' dir='ltr'>facinore</span> <span class='ocrx_word' id='word_1_300' title='bbox 929 2582 1141 2622; x_wconf 86' lang='lat' dir='ltr'>decretam</span> <span class='ocrx_word' id='word_1_301' title='bbox 1173 2580 1267 2634; x_wconf 89' lang='lat' dir='ltr'>lege</span> <span class='ocrx_word' id='word_1_302' title='bbox 1299 2580 1622 2633; x_wconf 87' lang='lat' dir='ltr'>correccionem,</span> <span class='ocrx_word' id='word_1_303' title='bbox 1653 2593 1728 2634; x_wconf 91' lang='lat' dir='ltr'>pro</span> 
     </span>
    </p>
   </div>
   <div class='ocr_carea' id='block_1_12' title="bbox 221 2637 1729 2693">
    <p class='ocr_par' dir='ltr' id='par_1_12' title="bbox 221 2637 1729 2693">
     <span class='ocr_line' id='line_1_44' title="bbox 221 2637 1729 2693; baseline 0.004 -21"><span class='ocrx_word' id='word_1_304' title='bbox 221 2646 256 2673; x_wconf 81' lang='grc' dir='ltr'>4ο</span> <span class='ocrx_word' id='word_1_305' title='bbox 286 2637 415 2688; x_wconf 86' lang='lat' dir='ltr'>patris</span> <span class='ocrx_word' id='word_1_306' title='bbox 455 2638 541 2679; x_wconf 91' lang='lat' dir='ltr'>eius</span> <span class='ocrx_word' id='word_1_307' title='bbox 582 2639 829 2680; x_wconf 90' lang='lat' dir='ltr'>innocencia</span> <span class='ocrx_word' id='word_1_308' title='bbox 869 2643 1071 2680; x_wconf 89' lang='lat' dir='ltr'>statutam</span> <span class='ocrx_word' id='word_1_309' title='bbox 1111 2637 1364 2679; x_wconf 89' lang='lat' dir='ltr'>defensionis</span> <span class='ocrx_word' id='word_1_310' title='bbox 1395 2638 1601 2679; x_wconf 90' lang='lat' dir='ltr'>iusticiam</span> <span class='ocrx_word' id='word_1_311' title='bbox 1632 2651 1729 2693; x_wconf 76' lang='lat' dir='ltr'>pro-</span> 
     </span>
    </p>
   </div>
   <div class='ocr_carea' id='block_1_13' title="bbox 1797 449 1884 482">
    <p class='ocr_par' dir='ltr' id='par_1_13' title="bbox 1797 449 1884 482">
     <span class='ocr_line' id='line_1_45' title="bbox 1797 449 1884 482; baseline -0.023 -6"><span class='ocrx_word' id='word_1_312' title='bbox 1797 457 1822 482; x_wconf 86' lang='lat' dir='ltr'>p.</span> <span class='ocrx_word' id='word_1_313' title='bbox 1841 449 1884 475; x_wconf 70' lang='lat'>642</span> 
     </span>
    </p>
   </div>
   <div class='ocr_carea' id='block_1_14' title="bbox 1795 737 1884 773">
    <p class='ocr_par' dir='ltr' id='par_1_14' title="bbox 1795 737 1884 773">
     <span class='ocr_line' id='line_1_46' title="bbox 1795 737 1884 773; baseline 0 -7"><span class='ocrx_word' id='word_1_314' title='bbox 1795 737 1884 773; x_wconf 74' lang='lat'>(2413</span> 
     </span>
    </p>
   </div>
   <div class='ocr_carea' id='block_1_15' title="bbox 1834 1994 1884 3126">
    <p class='ocr_par' dir='ltr' id='par_1_15' title="bbox 1834 1994 1884 3126">
     <span class='ocr_line' id='line_1_47' title="bbox 1848 1994 1884 2549; baseline 0 -117"><span class='ocrx_word' id='word_1_315' title='bbox 1848 1994 1884 2549; x_wconf 95' lang='lat' dir='ltr'>  </span> 
     </span>
     <span class='ocr_line' id='line_1_48' title="bbox 1834 2549 1884 3126; baseline 0 0"><span class='ocrx_word' id='word_1_316' title='bbox 1834 2549 1884 3126; x_wconf 95' lang='lat' dir='ltr'> </span> 
     </span>
    </p>
   </div>
   <div class='ocr_carea' id='block_1_16' title="bbox 1785 2471 1848 2505">
    <p class='ocr_par' dir='ltr' id='par_1_16' title="bbox 1785 2471 1848 2505">
     <span class='ocr_line' id='line_1_49' title="bbox 1785 2471 1848 2505; baseline 0 -7"><span class='ocrx_word' id='word_1_317' title='bbox 1785 2471 1848 2505; x_wconf 70' lang='grc' dir='ltr'>μθ</span> 
     </span>
    </p>
   </div>
  </div>
 </body>
</html>
