1884 3126
72 862 108 887 10

73 1151 106 1176 15

68 2019 104 2046 :30

67 2311 104 2339 35

68 2601 82 2625 4
87 2600 104 2627 Ο

688 219 738 225 -
798 194 941 237 XIIII
1000 218 1053 223 —
1512 197 1597 237 453

143 324 394 375 uerebatur,
426 323 519 378 pari
559 337 655 365 mox
689 322 890 377 suffragio
922 323 1236 388 comprobabat.
1298 323 1461 366 Eodem
1493 338 1599 379 quo-

144 397 225 437 que
269 387 440 423 auctore
489 382 671 437 populus
718 381 1027 434 Sialandensis,
1072 381 1262 423 ‘creatum
1296 397 1321 424 a
1361 397 1404 424 se
1453 396 1597 436 regem

143 440 420 481 finitimorum
454 454 659 481 consensu
691 439 830 480 fulciri
863 440 1057 494 cupiens,
1101 440 1260 482 Iacobo
1295 440 1462 482 Colonis
1493 440 1597 493 filio,

144 499 370 552 singularis
403 498 599 539 facundie
630 497 749 550 uiro,
782 497 1043 551 legacionem
1075 499 1349 553 compositam
1381 503 1423 539 et
1454 499 1598 539 subor-

143 561 287 597 natam
331 557 580 609 committit,
622 555 694 610 qui
726 529 972 597 8600160365
1014 556 1261 597 adulacione
1294 557 1512 611 dignitatis
1543 556 1598 597 ad

143 615 389 656 societatem
432 614 652 655 eleccionis
694 613 946 668 impelleret.
1008 613 1128 655 Idem
1162 613 1346 656 8060001
1386 628 1522 656 comes
1554 615 1598 655 in

145 671 343 713 Scaniam
374 672 509 723 datus,
541 677 716 725 accepta
747 671 914 712 dicendi
946 673 1079 726 copia,
1113 671 1256 721 docet,
1289 673 1476 714 noluisse
1508 672 1598 713 Sia-

143 730 290 772 landos
323 731 545 785 quicquam
577 744 702 785 super
733 730 851 784 regio
886 729 1052 771 delectu
1085 731 1309 771 sentenciis
1340 731 1424 772 suis
1456 735 1598 785 preter

143 788 363 830 Scanicum
407 802 606 842 arrogare
651 802 922 840 consensum,
967 788 1039 829 sed
1072 788 1183 829 hunc
1213 789 1329 843 sequi
1363 789 1405 829 in
1438 790 1597 830 cunctis

141 861 265 901 quam
300 861 547 902 precurrere
580 846 720 898 malle,
752 847 841 887 sine
874 860 922 887 eo
946 846 1049 887 nihil
1072 860 1225 900 magne
1247 847 1308 887 rei
1331 852 1595 888 executuros.

140 903 304 945 Verum
335 905 547 946 Suenonis
578 905 748 945 insitam
782 904 933 945 animis
966 905 1187 945 caritatem
1209 904 1383 957 habere,
1415 919 1596 959 eumque

141 962 219 1004 sibi
250 963 293 1003 in
332 976 500 1017 regem,
545 962 645 1003 dum
690 961 814 1003 modo
857 962 1034 1004 Scanica
1075 961 1337 1003 allubescant
1381 962 1596 1016 suffragia,

141 1025 364 1075 exoptare,
409 1035 534 1076 quem
577 1025 719 1075 preter
761 1021 930 1075 proprie
983 1019 1133 1061 indolis
1178 1020 1412 1061 claritatem
1463 1021 1595 1061 eciam

141 1079 271 1134 patris
323 1080 476 1134 auique
523 1079 672 1120 merita
719 1078 1077 1119 commendarent.
1151 1077 1393 1119 Meminisse
1442 1078 1594 1119 deinde

140 1133 304 1203 11101061,
335 1142 383 1178 01
414 1137 490 1178 soli
522 1142 682 1178 ceteras
717 1136 934 1178 Danorum
966 1138 1077 1178 uires
1109 1136 1372 1188 obtriuerint,
1405 1142 1451 1177 ut
1482 1137 1593 1190 patri

140 1197 228 1238 eius
271 1195 324 1236 ad
368 1200 604 1236 extremam
646 1209 781 1250 pene
796 1195 1141 1260 desperacionem
1188 1194 1358 1236 redacto
1404 1194 1592 1249 nihilque

140 1259 281 1308 preter
303 1254 521 1294 interitum
544 1253 824 1308 prestolanti
814 1254 1039 1308 imperium
1062 1253 1278 1305 dederint3
1302 1252 1591 1307 obsecratque,

140 1312 419 1363 humanitate,
452 1325 535 1366 qua
566 1311 684 1352 illum
707 1315 976 1366 exceperant,
999 1311 1133 1352 filium
1156 1315 1476 1365 prosequantur.
1526 1310 1594 1352 Ita

141 1370 482 1413 sialandensium
533 1369 731 1410 affectum
784 1369 996 1421 indicans,
1057 1369 1129 1410 sed
1182 1369 1341 1409 factum
1402 1368 1594 1420 reticens,

69 1441 85 1456 ·’
137 1426 571 1481 01001010118060001
602 1426 804 1482 suffragia
836 1428 1088 1480 conciliauit,
1121 1441 1223 1481 quos
1246 1426 1298 1467 ad
1331 1426 1442 1468 hunc
1473 1426 1591 1467 fauo-

139 1501 228 1528 rem
260 1501 342 1528 non
377 1486 511 1527 solum
544 1485 883 1527 Sialandensium
914 1486 1098 1539 legacio,
1143 1484 1215 1526 sed
1256 1485 1388 1525 eciam
1419 1485 1588 1539 proprie

139 1559 284 1586 eorum
316 1544 484 1585 uirtutis
508 1544 709 1584 memoria
731 1544 980 1585 concitabat.
1034 1543 1231 1584 Kanutus
1252 1557 1417 1597 quoque
1439 1542 1588 1584 eodem

138 1617 162 1644 a
195 1602 302 1644 Iutis
334 1601 488 1655 honore
520 1601 779 1656 prouehitur,
813 1601 1152 1655 indignantibus,
1187 1600 1425 1642 Suenonem
1458 1605 1588 1642 teme-

139 1661 250 1702 raria
267 1661 435 1715 gemine
458 1660 668 1701 concionis
691 1659 868 1700 audacia
889 1660 1054 1713 regium
1077 1673 1302 1713 occupasse
1318 1659 1586 1701 uocabulum.

69 1732 101 1757 2²*
137 1719 242 1760 Inde
275 1718 549 1770 Sialandiam,
582 1717 782 1772 pociende
816 1718 904 1758 eius
936 1717 1134 1768 libidine,
1177 1716 1324 1758 iisdem
1356 1716 1489 1758 fretus
1523 1731 1588 1758 ac-

138 1777 261 1818 cedit.
323 1776 424 1817 Post
455 1776 533 1817 hec
564 1776 798 1816 maximum
837 1775 1077 1829 pontificem
1108 1775 1341 1822 Eskillum,
1387 1774 1587 1815 eundem-

137 1849 217 1889 que
251 1834 516 1875 Suenoniane
557 1834 688 1887 partis
725 1834 958 1885 fautorem,
1002 1834 1175 1875 occultis
1217 1833 1270 1873 ad
1302 1832 1588 1874 defeccionem

136 1893 349 1946 promissis
392 1892 584 1946 impellit.
648 1891 809 1940 Quibus
849 1892 1041 1933 incensus
1084 1891 1257 1932 antistes
1297 1890 1470 1931 Kanuto
1513 1904 1589 1944 per

137 1951 420 1992 internuncios
467 1949 666 1998 mandat,
713 1950 844 1991 classe
887 1949 1082 1991 Scaniam
1129 1952 1267 2004 petat,
1315 1962 1443 2003 seque
1487 1949 1588 1990 belli

135 2010 290 2050 socium
334 2008 566 2062 pollicetur.
629 2006 689 2049 Vt
730 2013 872 2049 autem
905 2008 1168 2049 occasionem
1208 2007 1288 2048 sibi
1326 2006 1587 2047 transicionis

136 2065 450 2120 con<s>cisceret
481 2080 529 2107 ac
559 2066 767 2107 lubricum
798 2066 896 2107 fidei
917 2080 990 2107 sue
1020 2065 1286 2107 racionabilis
1308 2078 1432 2106 cause
1465 2064 1586 2106 titulo

135 2125 352 2176 coloraret,
385 2129 579 2189 acceptas
610 2138 634 2164 a
666 2124 863 2165 8060006
894 2124 1068 2165 iniurias
1099 2124 1234 2177 fingit,
1266 2127 1307 2164 ct
1340 2123 1460 2177 quasi
1491 2137 1587 2163 cum

137 2196 186 2223 60
220 2182 551 2223 controuersiam
581 2182 785 2234 initurus,
827 2182 1050 2223 contractis
1086 2181 1282 2236 colloquii
1313 2180 1585 2222 simulacione

138 2241 358 2292 militibus,
400 2239 634 2305 Lundiam,
677 2254 757 2295 que
803 2245 845 2281 et
892 2239 1130 2281 8060006111
1177 2239 1386 2288 habebat,
1419 2238 1584 2293 petiuit.

136 2298 219 2339 Vbi
252 2298 351 2338 dum
382 2298 696 2352 composicionis
735 2298 911 2351 negocia
954 2298 1059 2339 falso
1090 2301 1320 2351 geluntur,
1365 2295 1586 2337 Kanutum

136 2370 189 2397 ex
230 2357 303 2403 iis,
346 2369 447 2410 quos
487 2355 540 2396 ad
580 2355 884 2410 speculandum
924 2356 1012 2396 eius
1057 2355 1289 2396 aduentum
1320 2354 1583 2408 premiserat,

136 2413 282 2454 adesse
326 2414 552 2467 cognoscit.
614 2412 704 2454 Nec
735 2413 988 2468 colloquium
1015 2414 1178 2454 soluere
1210 2416 1423 2463 moratus,
1467 2411 1585 2465 igno-

136 2476 227 2512 tum
258 2471 407 2512 ceteris
439 2471 657 2512 consilium
697 2485 819 2511 suum
861 2471 1009 2512 eadem
1050 2471 1153 2511 hora
1194 2473 1368 2524 repente
1407 2469 1584 2511 detexit.

137 2528 367 2584 Siquidem,
400 2528 521 2569 elatis
552 2529 693 2582 signis,
725 2529 918 2584 precipiti
939 2529 982 2570 in
1005 2529 1121 2570 littus
1144 2528 1334 2582 equitatu
1356 2526 1583 2568 contendit.

137 2585 265 2629 Cuius
305 2585 536 2628 aduentum
579 2585 776 2628 Kanutus
816 2586 1095 2643 nauigacione
1137 2599 1406 2642 precurrens,
1454 2584 1586 2626 littori

1646 1151 1663 1175 p
1671 1161 1677 1169 .
1696 1141 1749 1169 674

1646 1431 1739 1464 (254)
