1884 3126
804 232 1070 273 -V—

214 365 324 408 Nam
358 365 468 408 freta
498 363 722 421 remigium
753 364 961 420 penetrat,
992 364 1210 408 mendacia
1240 371 1393 419 terras3

332 423 444 466 Istas
476 437 548 466 ore
581 423 715 479 premi
747 426 927 477 constat,
960 427 1004 466 at
1033 423 1106 466 illa
1136 438 1277 468 manu.

630 527 747 585 Grep
761 541 770 566 ε

214 623 274 664 Vt
304 623 444 679 gallus
478 622 583 676 ceni,
616 621 675 665 sic
706 621 792 665 litis
824 622 975 678 plenus
1009 622 1196 674 haberis3

163 690 180 716 ³>
331 681 467 725 Sorde
497 680 641 737 grauis
673 685 812 737 putes,
844 695 924 724 nec
956 680 1034 723 nisi
1067 680 1223 725 crimen
1256 682 1356 726 oles.

215 740 460 783 Aduersum
492 753 680 782 scurram
714 753 885 782 causam
920 738 1158 796 producere
1190 755 1275 783 non
1307 745 1383 794 est,

335 798 418 848 Qui
451 812 587 841 uacua
619 797 738 840 uocis
770 797 1008 840 mobilitate
1038 797 1168 853 uiget.

632 903 784 946 Ericus
801 918 809 945 :

215 998 419 1050 Hercule,
451 997 493 1040 ni
524 997 665 1051 fallor,
696 996 751 1039 ad
785 1012 896 1051 eum,
931 997 1002 1053 qui
1034 997 1210 1053 protulit
1240 997 1392 1052 ipsum,

151 1065 182 1091 ¹0
330 1055 483 1098 Editus
514 1056 668 1112 ignaue
700 1070 840 1098 sermo
872 1056 1011 1098 redire
1044 1056 1164 1097 solet.

213 1114 283 1157 Ad
316 1114 590 1170 prolatorem,
622 1115 734 1156 iusto
768 1114 1001 1165 conamine,
1033 1113 1121 1156 diui

330 1173 443 1215 Fusa
476 1187 627 1229 parum
660 1172 785 1215 docte
818 1172 950 1214 uerba
981 1173 1138 1214 referre
1171 1172 1323 1214 solent.

216 1232 398 1281 Quando
431 1231 518 1287 lupi
551 1231 701 1273 dubias
733 1231 912 1287 primum
945 1231 1222 1273 discernimus
1253 1244 1389 1279 aures,

331 1290 479 1347 Ipsum
509 1290 551 1331 in
582 1290 723 1332 uicino
757 1289 968 1331 credimus
1001 1303 1092 1331 esse
1125 1289 1286 1344 lupum.

151 1355 182 1382 ¹5
214 1348 343 1391 Nulla
375 1349 481 1390 fides
513 1348 611 1390 fidei
643 1362 781 1390 uacuo
815 1347 1046 1403 prestanda
1076 1352 1263 1403 putatur,

331 1407 470 1456 Quem
502 1421 644 1449 rumor
676 1412 841 1448 sontem
872 1405 1127 1462 prodicionis
1158 1405 1256 1460 agit.

615 1513 748 1578 >(irrep
764 1527 772 1555 :

214 1606 435 1648 Dictorum
468 1612 627 1648 temere
659 1621 805 1662 penaS,
835 1621 940 1663 puer
970 1605 1176 1662 improbe,
1209 1606 1363 1656 solues,

329 1665 453 1707 Bubo
488 1665 556 1707 uie
589 1679 764 1713 uacuus,
798 1669 955 1706 noctua
985 1664 1080 1706 luce
1114 1678 1275 1706 carens.

144 1739 181 1765 ευ
214 1724 308 1772 Que
342 1738 453 1765 nunc
484 1723 662 1765 ructaris
695 1723 885 1776 demens,
920 1723 1070 1765 emissa
1103 1722 1278 1773 dolebis,

328 1782 596 1838 Interituque
629 1781 691 1823 tui
724 1780 836 1823 dicta
866 1781 1048 1837 profana
1078 1781 1182 1822 lues.

213 1839 435 1882 Exanimis
467 1854 619 1882 coruos
652 1839 838 1895 exangui
871 1841 1048 1893 corpore
1081 1852 1243 1895 pasces,

330 1898 442 1941 Esca
473 1899 586 1951 feris,
618 1897 744 1940 auide
778 1897 909 1954 preda
939 1898 1107 1939 futurus
1139 1897 1222 1939 aui.

629 2002 780 2045 Ericus
793 2017 802 2044 :

145 2111 182 2137 ‘25
213 2095 455 2152 Augurium
485 2095 621 2138 timidi
652 2095 857 2152 prauique
889 2099 1060 2137 assueta
1092 2094 1290 2135 uoluntas

330 2153 574 2210 Numquam
606 2169 653 2196 se
684 2154 813 2209 digno
848 2154 1095 2195 continuere
1127 2152 1233 2193 loco.

215 2212 297 2261 Qui
331 2212 546 2255 dominum
577 2211 700 2266 fallit,
732 2212 803 2268 qui
834 2211 953 2254 fedas
984 2210 1167 2267 concipit
1197 2213 1321 2261 artes,

329 2270 434 2312 Tam
467 2270 546 2312 sibi
577 2284 703 2325 quam
736 2271 861 2312 sociis
893 2268 1113 2311 insidiosus
1146 2268 1236 2310 erit.

211 2329 307 2371 Ede
338 2329 487 2385 lupum
519 2328 762 2385 quicunque
793 2328 923 2378 fouet,
954 2327 1116 2369 nutrire
1148 2330 1321 2381 putatur

146 2399 184 2426 30
329 2386 572 2429 Predonem
604 2387 774 2443 proprio
808 2385 1124 2442 perniciemque
1156 2383 1245 2426 lari.

632 2480 768 2536 Grep:

220 2572 314 2614 Non
349 2587 426 2627 ego
460 2572 663 2626 reginam,
695 2572 803 2614 sicut
833 2576 878 2612 tu
911 2585 1016 2622 rere,
1049 2569 1192 2622 fefelli,

337 2629 421 2673 Sed
453 2634 597 2673 tenere
629 2634 746 2674 tutor
776 2628 1032 2673 condicionis
1065 2641 1194 2671 eram.

1584 241 1663 282 133

1725 1070 1747 1093 p.
1770 1062 1815 1087 20¹

1735 2388 1826 2417 XLI*
