1884 3126
263 576 280 603 5

248 865 280 892 10

247 1155 280 1182 15

244 1444 281 1470 20

244 1732 281 1759 25

242 2021 280 2048 30

241 2311 278 2339 35

244 2599 315 2634 40,

314 205 369 247 28
911 206 1199 248 -1-·

448 332 585 387 Igitur
602 346 696 374 cum
713 332 938 388 Hadingus
954 347 976 375 e
993 333 1105 376 bello
1125 333 1294 376 Suetico
1323 347 1548 389 regressus,
1574 333 1755 375 erarium

312 404 446 442 suum,
478 404 558 445 quo
580 390 701 433 bellis
722 405 771 433 ac
791 391 935 447 spoliis
966 392 1148 447 quesitas
1179 405 1280 447 opes
1302 392 1497 446 excipere
1524 392 1756 445 consueuit,

312 449 425 490 furto
476 448 677 490 uiolatum
729 449 1103 503 animaduerteret,
1156 450 1350 491 continuo
1402 448 1614 491 custodem
1669 449 1758 491 eius

313 506 560 548 Glumerum
576 506 800 562 suspendio
817 508 1084 563 consumpsit,
1106 507 1340 562 callidoque
1358 507 1582 548 commenti
1602 520 1757 562 genere

310 563 464 618 edixit,
495 568 562 614 ut,
595 565 723 620 siquis
754 579 776 607 e
807 565 944 607 noxiis
974 565 1118 607 ablata
1147 565 1306 607 referre
1338 568 1547 617 curasset,
1587 564 1758 606 honoris

313 622 475 676 locum,
519 636 642 688 quem
675 622 900 665 Glumerus
941 623 1210 678 possederat,
1254 622 1475 664 obtineret.
1537 621 1630 688 Quo
1664 636 1757 688 pro-

312 680 498 732 misso,s
480 681 666 722 soncium
697 680 866 736 quidam
902 681 1094 723 beneficii
1123 680 1381 747 percipiendi
1413 693 1538 735 quam
1574 679 1758 722 criminis

312 737 484 792 tegendi
533 738 758 780 studiosior
797 738 1007 804 redditus,
1059 739 1280 804 pecuniam
1320 738 1412 804 regi
1461 737 1757 804 reportandam

313 796 488 838 curauit.
542 795 675 844 Quem
708 797 859 838 conscii
890 797 931 837 in
964 810 1169 838 summam
1200 796 1400 852 principis
1431 795 1664 837 amiciciam
1693 810 1757 838 re-

311 858 477 909 ceptum
511 858 720 909 putantes,
752 868 829 895 nec
859 854 1031 896 uberius
1053 867 1177 910 quam
1198 853 1364 896 fidelius
1386 853 1638 896 honoratum
1671 868 1757 895 cre-

313 911 472 965 dentes,
505 916 546 953 et
577 912 655 966 ipsi
689 913 778 966 pari
809 912 958 966 premii
988 926 1061 967 spe
1084 912 1227 954 relatis
1258 912 1458 967 pecuniis,
1490 915 1654 953 reatum
1685 911 1757 954 de-

313 973 475 1024 tegunt.
538 969 727 1018 Quorum
758 970 961 1011 confessio
992 970 1170 1025 primum
1202 969 1428 1014 honoribus
1459 983 1508 1011 ac
1546 970 1759 1011 beneficiis

313 1032 515 1082 excepta,
568 1041 665 1069 mox
716 1028 930 1082 suppliciis
980 1028 1150 1082 punita,
1201 1026 1305 1069 haut
1354 1040 1534 1082 paruum
1586 1027 1756 1069 uitande

312 1082 579 1140 creldulitatis
624 1085 919 1127 documentum
965 1085 1144 1141 reliquit.
1220 1084 1386 1140 Dignos
1431 1085 1635 1137 dixerim,
1687 1085 1758 1140 qui

312 1144 445 1185 solute
467 1143 765 1185 taciturnitatis
786 1157 917 1198 penas
939 1143 1140 1197 patibulis
1161 1143 1337 1191 luerent,
1360 1157 1461 1198 quos
1483 1157 1578 1185 cum
1598 1142 1759 1185 silencii

313 1201 537 1243 salubritas
568 1205 679 1243 tutos
708 1205 897 1256 prestare
928 1205 1082 1256 posset,
1119 1201 1233 1243 uocis
1264 1201 1473 1243 stoliditas
1502 1201 1546 1243 in
1578 1201 1758 1243 exicium

312 1259 533 1314 pertraxit.

450 1316 530 1358 His
570 1317 719 1371 gestis,
761 1316 986 1372 Hadingus
1025 1330 1100 1372 per
1132 1331 1340 1358 summum
1384 1315 1625 1371 integrandi
1658 1315 1759 1357 belli

313 1379 564 1430 apparatum
587 1374 778 1440 hyberna
799 1389 1056 1430 permensus,
1079 1389 1210 1416 uerno
1234 1375 1320 1416 sole
1343 1374 1568 1428 frigoribus
1590 1374 1758 1429 liquatis

313 1432 501 1475 Suetiam
532 1433 708 1487 repetit,
742 1432 883 1487 ibique
914 1433 1092 1474 lustrum
1125 1432 1343 1474 militando
1375 1432 1568 1474 confecit.
1630 1432 1758 1474 Cuius

312 1491 479 1543 milites,
512 1490 708 1532 diuturne
731 1490 1015 1545 expedicionis
1045 1491 1220 1545 negocio
1243 1490 1501 1544 consumptis
1521 1488 1759 1545 alillmentis,

312 1548 366 1590 ad
396 1543 589 1590 ultimani
619 1562 726 1603 pene
758 1548 898 1590 tabem
932 1547 1107 1602 redacti,
1138 1548 1400 1591 siluestribus
1429 1547 1572 1602 fungis
1603 1548 1758 1590 famem

312 1607 445 1648 lenire
485 1610 701 1662 ceperunt.
763 1606 951 1648 Tandem
994 1620 1070 1661 per
1110 1620 1313 1648 summam
1359 1606 1618 1648 necessitatis
1656 1604 1761 1646 indi-

312 1665 502 1719 genciam
565 1662 838 1706 commandu*
840 1664 944 1706 catis
999 1664 1137 1719 equis,
1198 1663 1252 1705 ad
1301 1667 1561 1719 postremum
1612 1663 1762 1705 canina

313 1722 521 1765 cadauera
575 1721 825 1777 corporibus
879 1720 1159 1763 indulserunt.
1236 1721 1319 1764 Sed
1369 1735 1506 1776 neque
1566 1720 1760 1762 humanis

312 1780 491 1822 artubus
533 1780 648 1822 uesci
692 1779 807 1821 nefas
848 1778 1056 1822 habitum.
1118 1779 1272 1835 Itaque
1302 1779 1437 1822 Danis
1469 1779 1512 1820 in
1546 1782 1759 1820 extremas

313 1837 628 1893 desperacionis
676 1837 892 1893 angustias
937 1837 1185 1903 compulsis,
1229 1842 1351 1880 noete
1398 1836 1622 1891 concubia,
1668 1837 1759 1879 sine

311 1900 488 1938 auctore
519 1896 604 1938 tale
638 1896 784 1938 castris
815 1909 984 1937 carmen
1016 1895 1230 1937 insonuit:

516 1954 649 1996 Tetro
680 1957 857 2009 penates
891 1953 1030 1995 omine
1060 1953 1221 2008 patrios

517 2012 731 2067 Liquistis,
762 2011 844 2054 hoc
874 2026 947 2053 rus
977 2010 1114 2053 Marte
1147 2011 1266 2066 sequi
1295 2011 1389 2053 rati.

519 2071 614 2119 Que
645 2084 758 2111 uana
788 2072 948 2112 mentes
979 2069 1087 2110 ludit
1120 2069 1294 2124 opinio?

519 2129 612 2177 Quo
644 2141 746 2170 ceca
776 2141 927 2170 sensus
959 2127 1162 2182 corripuit
1192 2126 1309 2180 fides,

517 2186 615 2228 Hoc
646 2185 901 2228 arbitrantes
933 2184 1058 2240 poss'e
1091 2184 1229 2226 solum
1261 2185 1386 2240 capi?

516 2243 615 2286 Non
646 2242 881 2300 amplitudo
911 2242 1082 2285 Suetica
1114 2242 1298 2296 cedere,

518 2301 609 2345 Non
644 2306 889 2344 exterorum
921 2299 1058 2343 Marte
1092 2301 1208 2342 ualet
1238 2301 1370 2356 quati.

518 2360 579 2401 At
610 2373 774 2401 summa
804 2358 935 2401 uestri
967 2357 1124 2400 defluet
1154 2359 1349 2414 agminis,

520 2416 626 2459 Cum
658 2417 796 2459 Marte
827 2420 992 2458 nostros
1026 2417 1186 2471 ceperit
1216 2415 1404 2472 aggredi.

520 2474 630 2517 Nam
663 2489 758 2516 cum
787 2473 972 2516 ferocem
1002 2474 1089 2515 uim
1119 2473 1222 2530 fuga
1253 2474 1442 2526 soluerit,

520 2532 577 2575 Et
605 2533 834 2588 preliorum
866 2546 964 2589 pars
995 2545 1108 2587 uaga
1137 2532 1308 2584 labitur,

518 2591 570 2637 In
601 2596 723 2649 terga
753 2590 902 2638 dantes
932 2589 1071 2637 Marte
1101 2589 1312 2651 prioribus

1799 1502 1884 1542 (ις

1800 1675 1836 1704 124
