1884 3126
688 869 953 924 SAXONIS
993 869 1383 924 GRAMMATICI

649 1013 1066 1056 HISTORIE
1124 1012 1445 1055 DANIGE

722 1143 869 1176 LIBER
896 1143 1112 1176 DECIMVS
1139 1142 1377 1183 QVARTVS.

461 1257 641 1329 Interea
672 1286 844 1341 Ericus,
888 1288 1098 1330 destinata
1129 1289 1168 1329 in
1202 1287 1359 1329 Iutiam
1390 1288 1546 1342 classe,
1589 1301 1683 1329 cum
1714 1287 1767 1330 ad

275 1367 291 1393 5
323 1354 473 1409 Syram
504 1353 684 1393 insulam
725 1353 984 1407 appulisset,
1025 1353 1227 1393 nuncium
1267 1351 1319 1394 de
1352 1352 1461 1405 regis
1495 1352 1767 1408 oppressione

322 1412 520 1464 suscepit.
571 1411 629 1452 Et
659 1409 767 1451 forte
799 1411 838 1451 in
874 1425 922 1452 ea
953 1425 1094 1452 rerum
1128 1410 1367 1451 colluuione
1390 1410 1540 1453 Ericus
1572 1425 1621 1452 ac
1644 1410 1766 1464 Bero,

322 1474 426 1510 natu
456 1469 564 1510 inter
596 1468 778 1510 Haraldi
809 1468 915 1510 filios
947 1469 1092 1524 primi,
1125 1468 1294 1510 deserto
1331 1473 1477 1524 patre,
1522 1468 1686 1510 fidelius
1719 1483 1766 1510 se

324 1541 450 1583 quam
497 1526 659 1567 felicius
709 1526 835 1568 Erico
887 1528 1078 1568 iunxere.
1151 1526 1286 1568 Iidem
1331 1530 1459 1567 noctu
1506 1526 1766 1568 clandestina

320 1586 452 1640 patris
499 1585 721 1639 legacione
768 1584 911 1640 petiti,
963 1586 1136 1627 silenter
1182 1588 1357 1640 accepta
1404 1591 1637 1638 gesserunt.
1709 1584 1767 1625 At

255 1654 289 1681 10
317 1643 480 1696 Ericus,
514 1642 786 1684 nihilominus
817 1643 1048 1697 legacionis
1081 1641 1280 1683 indicium
1312 1647 1477 1696 nactus,
1509 1641 1767 1698 experiende

254 1944 289 1971 15

251 2232 290 2260 20

256 2520 291 2548 25

320 1715 466 1742 eorum
497 1700 592 1741 fidei
624 1701 766 1754 gracia
797 1700 1040 1756 aliquandiu
1062 1701 1308 1755 ignorancie
1334 1701 1610 1743 simulacione
1641 1700 1766 1741 silen-

321 1760 430 1800 cium
464 1759 562 1813 egit.
626 1758 788 1806 Quibus
820 1765 1030 1801 secretum
1061 1764 1284 1813 paternum
1317 1764 1461 1812 tegere
1491 1772 1765 1813 perseueran-

320 1817 447 1870 tibus,
482 1830 574 1857 cum
607 1831 652 1857 se
682 1817 841 1857 nullam
874 1832 930 1858 ex
963 1818 1021 1858 eis
1055 1817 1200 1858 arcani
1223 1817 1514 1871 cognicionem
1547 1820 1765 1871 susceptu-

320 1889 411 1916 rum
463 1879 654 1928 putaret,
707 1875 929 1929 desperato
978 1874 1219 1916 uoluntarie
1272 1874 1544 1916 confessionis
1595 1874 1764 1927 indicio,

321 1935 496 1973 uocatos
528 1934 567 1973 in
602 1932 787 1973 medium
820 1933 1064 1974 uehementi
1096 1932 1272 1987 perfidie
1306 1932 1642 1987 exprobracione
1676 1932 1765 1986 pul-

321 1990 457 2041 sabat,
498 1990 611 2045 quod
655 2005 743 2031 rem
787 2005 811 2031 a
851 1994 971 2045 patre
1011 1991 1254 2031 mandatam
1297 2004 1448 2045 parum
1490 1990 1630 2032 lucide
1673 2003 1766 2044 per-

321 2052 587 2090 tractassent.
649 2048 907 2103 Interrogati
940 2061 1121 2104 quoque,
1156 2062 1283 2103 quam
1314 2048 1368 2090 ad
1401 2062 1469 2090 eos
1500 2052 1621 2103 pater
1651 2048 1765 2102 lega.-

323 2106 487 2149 cionem
519 2105 726 2154 habuerit,
757 2107 973 2148 consultos
1005 2121 1063 2159 se,
1097 2106 1196 2161 quid
1230 2119 1357 2161 agere
1380 2119 1478 2147 eum
1499 2106 1764 2160 potissimum

321 2164 556 2219 expediret,
588 2170 634 2205 ut
656 2164 707 2205 ad
731 2164 991 2219 Noruagiam
1017 2164 1223 2212 exularet,
1246 2162 1524 2219 relspondisse
1548 2164 1763 2215 dicebant;

321 2222 502 2278 ideoque
533 2236 618 2263 nou
651 2227 747 2263 ante
779 2224 1002 2264 consilium
1031 2222 1156 2264 fateri
1179 2221 1373 2270 uoluisse,
1406 2236 1528 2276 quam
1564 2223 1601 2263 ei
1622 2236 1646 2262 a
1669 2236 1765 2263 eon-

322 2280 482 2322 sultore
526 2281 867 2335 'obtemperatum
920 2284 1211 2335 agnoscerent.
1293 2280 1482 2328 Quorum
1531 2279 1762 2321 affirmacio

322 2352 560 2393 quanquam
592 2352 694 2380 uera
717 2343 839 2387 esset,
872 2338 999 2381 fidem
1019 2353 1102 2379 non
1127 2338 1288 2390 habuit,
1323 2337 1435 2393 quod
1464 2337 1595 2378 inuita
1617 2338 1764 2392 pocius

322 2410 446 2451 quam
489 2396 682 2437 ultronea
723 2396 951 2438 uideretur.
1021 2396 1158 2451 Igitur
1199 2410 1344 2436 eorum
1387 2395 1572 2450 experiri
1617 2395 1764 2437 Ericus

322 2458 481 2494 asserta
503 2454 692 2509 cupiens,
716 2453 862 2495 ambos
886 2454 1117 2495 arctissima
1147 2453 1259 2508 apud
1290 2458 1474 2494 castrum
1498 2452 1765 2494 Slesuicense

323 2512 514 2553 custodia
535 2512 743 2553 asseruari
760 2513 962 2566 precepit,
985 2512 1057 2562 uti,
1074 2511 1266 2552 ueritatis
1284 2511 1533 2564 cognicione
1552 2515 1764 2565 suscepta,

325 2574 398 2609 aut
429 2570 674 2611 innocencie
705 2570 910 2624 premium
943 2575 1017 2610 aut
1058 2569 1198 2611 reatui
1237 2583 1388 2623 penam
1428 2567 1616 2609 referret.
1685 2567 1764 2608 Oui

325 2630 420 2680 post
470 2627 641 2669 modum
699 2626 809 2670 idem
869 2626 978 2670 forte
1036 2626 1257 2670 castellum
1315 2625 1485 2668 intranti
1545 2625 1766 2668 memorati

1785 867 1884 908 cxx:

1819 2182 1847 2206 p.
1866 2175 1881 2199 6
