1884 3126
249 884 285 910 10

249 1174 285 1200 15

248 1461 285 1488 ‘20

321 220 375 262 96
899 245 945 250 -
1009 218 1077 263 111
1140 244 1190 250 ——

321 363 437 403 rum,
479 348 647 390 tametsi
686 347 868 390 ualidius
908 348 1191 402 adniteretur,
1236 348 1518 402 consurgendi
1561 348 1758 392 effectum
1807 342 1814 351 ’

320 406 488 462 assequi
518 410 674 461 posset.
724 406 829 448 Post
851 405 866 460 ΙΙ
890 405 968 449 hec
998 407 1117 448 tectis
1148 406 1289 462 ignem
1320 407 1463 460 iniicit,
1496 407 1565 462 qui
1599 407 1762 448 crebre-

319 465 532 506 scentibus
563 464 741 506 flammis
771 464 856 507 late
887 464 1145 506 incenssdium
1177 478 1401 520 spargens,
1433 468 1547 507 totos
1579 465 1760 506 inuoluit

319 526 509 577 penates,
539 522 698 576 regiam
728 522 997 577 consumpsit,
1031 536 1258 577 omnesque
1289 527 1363 564 aut
1394 521 1649 578 profundum
1674 536 1762 564 car-

320 585 472 635 pentes
504 594 694 622 somnum
739 584 812 621 aut
842 579 998 622 frustra
1042 594 1266 635 assurgere
1298 584 1501 622 conantes
1544 581 1760 622 cremauit.

322 638 428 680 Inde
468 638 601 693 petito
634 638 850 693 Fengonis
893 638 1110 692 cubiculo,
1158 639 1230 693 qui
1261 638 1377 693 prius
1409 652 1433 679 a
1466 638 1686 680 comitibus
1719 639 1761 679 in

320 696 642 739 tabernaculum
674 696 902 752 perductus
943 695 1108 749 fuerat,
1149 695 1334 750 gladium
1367 695 1476 737 forte
1506 696 1661 738 lectulo
1694 709 1760 736 co-

319 754 536 796 herentem
578 753 775 809 arripuit,
817 767 1027 809 suumque
1070 755 1161 795 eius
1203 754 1296 796 loco
1339 753 1499 796 defixit.
1560 753 1759 795 Excitato

321 811 471 853 deinde
513 816 926 867 patruo,pr·oce1es
967 812 1053 853 eius
1094 811 1192 865 igne
1234 811 1372 866 perite
1404 811 1571 865 retulit3
1613 811 1760 853 adesse

317 869 563 912 Amlethum
595 874 788 911 ueterum
830 883 1034 911 uncorum
1077 883 1250 911 suorum
1283 883 1363 935 ope
1395 844 1676 922 succinctum,
1719 872 1761 910 et

318 928 401 969 iam
434 927 576 969 debita
618 932 793 982 paterne
836 927 963 968 cladis
1002 927 1209 982 supplicia
1241 928 1413 983 exigere
1445 927 1629 968 auidum.
1690 926 1759 968 Ad

318 986 428 1027 hanc
450 999 597 1027 uocem
621 985 771 1040 Fengo
803 985 960 1027 lectulo
993 985 1202 1037 desiliens,
1235 984 1335 1026 dum
1366 985 1537 1040 proprio
1571 983 1760 1026 defectus

318 1043 459 1097 gladio
481 1044 758 1099 nequicquam
781 1043 963 1084 alienum
996 1042 1245 1097 distringere
1275 1046 1464 1094 conatur,
1497 1042 1758 1098 opprimitur.

317 1101 489 1143 Fortem
530 1101 666 1142 uirum
719 1105 951 1155 eternoque
990 1100 1159 1142 nomine
1203 1100 1399 1155 dignum,
1441 1100 1535 1155 qui,
1576 1100 1759 1142 stulticie

318 1163 554 1201 commento
588 1158 818 1214 prudenter
848 1159 1094 1211 instructus,
1129 1158 1417 1212 augustiorem
1450 1158 1615 1199 mortali
1645 1158 1760 1212 inge-

316 1218 385 1259 nio
418 1217 674 1272 sapienciam
705 1216 955 1258 ammirabili
985 1216 1241 1271 inepciarum
1262 1214 1534 1257 simulacione
1565 1229 1760 1270 suppres-

317 1276 380 1325 sit,
411 1289 487 1316 nec
518 1275 656 1316 solum
687 1274 857 1329 proprie
888 1274 1034 1315 salutis
1068 1273 1289 1315 obtentum
1320 1273 1371 1315 ab
1404 1273 1565 1315 astucia
1595 1276 1759 1314 mutua-

317 1337 406 1381 tus,
450 1333 501 1374 ad
543 1337 719 1387 paterne
759 1346 926 1387 quoque
971 1331 1149 1373 ulcionis
1190 1331 1351 1387 copiam
1396 1330 1546 1373 eadem
1588 1330 1758 1372 ductum

317 1391 523 1446 p1ebente
554 1389 761 1445 peiuenit.
803 1390 955 1445 Itaque
986 1394 1029 1431 et
1060 1403 1104 1430 se
1135 1389 1311 1431 solerter
1338 1392 1517 1443 tutatus,
1550 1392 1590 1430 et
1611 1401 1759 1443 paren-

315 1454 401 1491 tem
425 1453 629 1490 strennue
653 1448 780 1501 ultus,
804 1447 959 1489 forcior
990 1461 1042 1488 an
1064 1447 1303 1502 sapiencior
1338 1447 1568 1488 existimari
1592 1445 1759 1497 debeat,

316 1507 520 1552 incertum
553 1505 734 1560 reliquit.

662 1713 916 1743 EXPLICITVS
947 1713 1024 1742 EST
1055 1713 1182 1742 LIBER
1211 1711 1409 1742 TERCIVS.

1828 415 1883 450 (54

1806 475 1884 503 xxi
