1884 3126
716 230 765 243 ·--
827 208 938 250 VIII
1001 233 1048 238 —
1521 214 1601 254 277

159 331 259 389 inde
290 334 510 388 pecuniam
542 334 652 376 notis
683 334 761 376 sibi
793 340 957 377 tantum
979 337 1213 379 recondidit
1243 338 1356 382 locis.
1397 338 1600 382 Interea*

161 391 342 443 Gunno,
375 393 616 434 absenciam
647 394 749 435 socii
782 394 980 438 simulare
1011 396 1170 445 iussus,
1210 397 1325 438 illata
1354 399 1395 438 in
1436 399 1596 452 regiam
1616 408 1810 437 Lxxxllln

162 450 320 491 fiscella
350 451 620 506 impulsoque
652 451 704 492 ad
741 452 981 494 latrandum
1014 467 1140 506 cane,
1173 456 1451 510 percontanti,
1483 456 1603 512 quid-

161 521 260 549 nam
306 508 385 550 hoc
430 513 564 560 esset,
608 510 779 564 regine,
821 514 965 553 mente
1007 517 1177 567 captum
1221 513 1433 555 clamitare
1464 515 1606 555 retulit

116 581 132 608 5
166 566 456 609 Iarmericum.
518 567 598 609 Illa
630 567 683 608 ad
717 574 937 622 aspectum
968 573 1108 611 statue
1139 571 1421 613 similitudinis
1461 586 1602 614 errore

162 624 334 675 delusa,
378 625 575 667 insanum
615 625 692 668 ede
725 626 816 667 eiici
858 627 988 669 iubet.
1061 628 1179 669 Tunc
1213 628 1362 670 Gunno
1398 630 1603 684 perlatam

160 683 274 724 foras
306 685 490 724 statuam
521 683 697 739 perinde
741 698 786 725 ac
820 684 1028 726 furentem
1064 687 1221 727 socium
1265 687 1419 728 lectulo
1460 689 1601 731 tradit.

162 741 251 783 Sub
283 745 451 783 noctem
483 756 586 784 uero
621 742 770 796 uigiles
805 743 1026 798 epularum
1057 744 1269 786 hilaritate
1301 759 1349 786 ac
1380 746 1476 788 uino
1508 760 1603 800 pro-

160 800 279 841 uehit
300 797 508 854 largiolre,
539 800 789 855 abscisaque
809 801 1111 843 dormiencium
1135 803 1284 858 capita,
1313 817 1393 858 quo
1417 805 1604 859 turpiore
1657 822 1684 846 p·
1705 813 1757 840 410

97 871 133 899 10
165 872 238 900 eos
270 862 401 900 morte
435 862 713 910 consumeret,
746 860 907 914 inguini
938 861 1128 902 sociauit.
1192 860 1389 902 Excitata
1430 863 1605 916 strepitu

161 916 307 970 regina
331 930 586 972 causamque
609 917 698 958 eius
721 917 882 959 discere
906 919 1091 974 cupiens,
1116 919 1278 960 concita
1299 918 1409 960 fores
1441 920 1603 973 petiuit.

161 974 243 1016 Sed
277 973 376 1015 dum
410 979 538 1030 caput
569 975 784 1017 incaucius
816 975 964 1028 exerit,
997 976 1225 1031 improuiso
1254 976 1473 1018 Gunnonis
1505 992 1605 1019 ense

161 1032 417 1074 confoditur.
471 1033 565 1081 Que
598 1047 691 1074 cum
725 1034 980 1075 mortificum
1001 1035 1155 1075 uulnus
1179 1041 1357 1089 experta
1377 1039 1603 1088 corrueret,

126 1098 130 1102 '
160 1091 329 1132 reflexis
361 1092 402 1132 in
434 1091 667 1132 occisorem
706 1091 961 1145 luminibus,
1010 1091 1199 1145 Nullius,
1230 1094 1389 1146 inquit,
1428 1093 1603 1134 obtentu

95 1163 131 1190 15
164 1148 339 1203 fraudis,
373 1149 407 1190 si
438 1149 636 1192 incolumi
668 1146 795 1191 michi
833 1151 983 1192 uiuere
1013 1151 1212 1203 licuisset,
1252 1150 1316 1193 his
1346 1151 1498 1193 finibus
1529 1152 1604 1192 im-

162 1208 336 1263 punitus
358 1207 601 1249 excederes.
644 1208 712 1249 Ad
736 1208 846 1249 hunc
868 1208 1037 1249 modum
1062 1208 1229 1249 crebras
1250 1209 1292 1249 in
1313 1223 1602 1263 percussorem

162 1265 295 1306 minas
326 1265 580 1307 moribunda
612 1266 814 1320 profudit.
866 1266 971 1308 Post
1004 1267 1082 1308 hec
1115 1266 1363 1308 larmericus
1396 1281 1480 1308 una
1511 1281 1603 1307 cum

162 1323 402 1377 Gunnone,
446 1324 626 1379 preclari
670 1325 865 1366 facinoris
908 1326 1044 1378 socio,
1076 1325 1417 1377 tabernaculum,
1447 1326 1486 1366 in
1520 1340 1602 1380 quo

118 1410 123 1415 -
161 1396 237 1423 rex
268 1382 474 1424 fraternas
509 1383 701 1424 conuiuio
744 1383 989 1425 celebrabat
1024 1383 1237 1437 exequias,
1269 1384 1430 1424 cunctis
1470 1387 1603 1424 temu-

94 1452 131 1480 20
162 1440 297 1481 lencia
319 1441 455 1494 uictis,
488 1441 661 1483 admoto
694 1442 835 1482 furtim
870 1441 1062 1483 incendio
1096 1441 1290 1495 complet.
1345 1441 1439 1489 Quo
1471 1441 1602 1482 lacius

161 1497 279 1551 fuso,
315 1499 509 1554 quidam,
541 1499 759 1541 ebrietatis
790 1502 962 1554 stupore
1002 1500 1215 1552 discusso,
1247 1499 1442 1540 immissis
1484 1500 1601 1554 equis

160 1555 450 1610 deprehensos
496 1558 673 1612 periculi
720 1558 1000 1612 insequuntur
1041 1562 1246 1598 auctores.
1320 1557 1378 1598 At
1424 1557 1601 1597 iuuenes

159 1615 342 1669 primum
372 1615 583 1668 iumentis,
617 1629 697 1670 que
730 1620 992 1670 receperant,
1027 1616 1150 1668 necti,
1193 1614 1245 1656 ad
1277 1615 1481 1658 ultimum,
1521 1614 1601 1655 his-

161 1672 256 1714 dem
300 1673 517 1728 prolixiori
565 1687 691 1715 cursu
738 1674 988 1726 debilitatis,
1036 1673 1196 1727 pedites
1243 1672 1396 1714 dedere
1443 1672 1600 1725 fugam.

90 1743 128 1771 25
157 1730 334 1786 Iamque
366 1745 476 1786 pene
499 1732 715 1786 occupatis
747 1733 881 1773 amnis
913 1731 1098 1773 remedio
1131 1731 1223 1772 fuit.
1272 1731 1450 1772 Pontem
1477 1730 1601 1783 enim,

160 1803 286 1844 quem
318 1794 416 1831 ante
449 1790 639 1831 morandi
663 1790 946 1844 persecutoris
978 1789 1121 1844 gracia
1141 1789 1312 1844 precisis
1344 1788 1395 1829 ad
1420 1787 1599 1829 medium

158 1846 346 1888 trabibus
378 1862 462 1889 non
493 1848 620 1890 modo
654 1862 832 1889 onerum
864 1848 1170 1903 impacientem,
1203 1846 1275 1887 sed
1310 1846 1440 1888 eciam
1481 1845 1600 1886 ruine

158 1906 440 1961 propinquum
464 1906 705 1958 effecerant,
736 1906 1025 1960 pretergressi,
1058 1906 1099 1946 in
1124 1919 1299 1959 opacam
1322 1904 1372 1944 de
1394 1902 1600 1944 industria

159 1963 402 2018 uoraginem
439 1968 752 2006 concesserunt.
817 1964 979 2012 Quibus
1024 1963 1286 2004 imminentes
1318 1961 1469 2010 Sclaui,
1501 1960 1598 2001 dum

89 2033 306 2076 3o.parum
339 2026 565 2077 prospecto
587 2022 777 2077 periculo
811 2023 928 2076 equis
960 2020 1186 2076 improuidi
1210 2024 1381 2074 pontem
1413 2022 1599 2070 onerant,

159 2079 451 2122 desidentibus
509 2080 710 2122 tabulatis
766 2081 955 2130 excussi,
1002 2079 1306 2135 precipitantur
1350 2078 1391 2118 in
1432 2078 1597 2117 flumen.

159 2137 244 2179 Sed
276 2137 377 2179 dum
409 2139 573 2181 exi-ando
606 2138 739 2194 ripam
771 2140 989 2193 appetunt,
1022 2151 1046 2177 a
1078 2137 1289 2177 Gunnone
1311 2139 1351 2176 et
1372 2135 1597 2176 Iarmerico

161 2195 425 2238 obstantibus
448 2197 683 2252 intercepti,
705 2197 831 2237 mersi
853 2201 927 2237 aut
950 2195 1159 2237 interfecti
1181 2198 1290 2235 sunt.
1322 2194 1388 2234 Ita
1410 2193 1597 2233 iuuenes-

160 2255 332 2308 egregia
363 2255 592 2297 calliditate
626 2255 701 2306 usi,
733 2269 818 2296 non
850 2258 896 2295 ut
925 2253 1102 2307 fugitiua
1133 2251 1353 2305 mancipia,
1385 2249 1458 2290 sed
1482 2249 1600 2304 quasi

91 2323 129 2352 35
160 2311 315 2365 prediti
348 2312 521 2355 consilio
553 2327 689 2365 senes,
725 2313 861 2353 maius
885 2316 1020 2353 (etate
1051 2325 1128 2352 sua
1160 2309 1319 2350 facinus
1365 2307 1597 2358 ediderunt,

161 2369 272 2424 quod
305 2374 428 2412 acute
462 2373 765 2426 conceperant,
808 2370 1036 2410 efficaciter
1077 2366 1360 2422 adimplendO.
1429 2365 1487 2406 At
1527 2364 1599 2429 ubi

159 2427 200 2468 in
231 2427 348 2469 littus
380 2434 570 2481 uentum,
612 2432 748 2483 rapto,
793 2427 904 2482 quod
938 2426 1025 2468 fors
1068 2426 1292 2474 obtulerat,
1332 2422 1517 2477 nauigio,
1558 2435 1600 2487 ¹.¹¹

160 2484 290 2526 altum
322 2485 572 2540 procedunt.
637 2486 763 2536 Quos,
796 2485 864 2539 qui
897 2485 1242 2539 insequebantur,
1274 2481 1441 2522 barbari
1480 2493 1598 2520 naui—

160 2556 262 2596 gare
294 2548 545 2599 conspectos
586 2542 861 2585 uociferando
903 2556 1108 2583 reuocare
1139 2539 1288 2587 conati,
1332 2541 1598 2591 regnaturos,

90 2611 128 2640 40
160 2600 193 2642 si
215 2600 404 2655 redeant,
427 2601 652 2658 spondent,
685 2599 796 2655 quod
827 2600 998 2656 publico
1027 2604 1215 2641 ueterum
1239 2597 1429 2638 instituto
1453 2608 1613 2652 regum,
