1884 3126
709 274 759 279 -
821 245 960 289 XIIII
1024 272 1075 277 ᾖ
1530 248 1613 289 449

160 377 300 434 posito
333 378 484 429 uictus,
515 378 558 420 in
583 377 778 420 Suetiam
810 377 1042 430 contendit,
1075 376 1149 419 sed
1172 390 1288 428 mox,
1311 376 1437 419 Erico
1463 376 1615 419 Scania

160 436 419 489 excedente,
463 436 664 490 reuertit,
710 437 1044 492 concionemque
1084 436 1126 476 in
1168 435 1280 477 ualle
1313 435 1495 478 Arnensi
1535 435 1614 477 sub

160 494 298 536 edicto
322 500 583 536 contractam
607 495 815 536 liberioris
837 496 926 536 uite
945 494 1163 549 promissis
1185 507 1424 548 aggressus,
1446 494 1614 549 regium

160 552 237 594 sibi
270 567 440 605 nomen,
472 553 615 595 illecto
649 553 923 609 popularium
952 552 1113 602 fauore,
1161 550 1421 606 eon<s>eiuit.
1485 552 1613 601 Quod

110 629 126 656 5
159 611 330 666 indigne
362 613 500 653 ferens
524 611 730 667 Eskyllus
762 611 922 652 bellum
956 611 995 652 ei
1022 610 1239 651 Lundensi
1261 625 1389 652 manu
1418 611 1612 667 cupidius

159 683 285 724 quam
317 670 560 725 prosperius
591 670 729 712 infert.
793 671 829 710 A
863 683 946 725 quo
981 666 1240 724 superatus*
1273 669 1476 724 primum,
1510 684 1613 711 mox
1627 676 1820 707 cxxxlna

157 729 199 768 in
233 729 352 779 urbe,
385 730 437 769 ad
471 742 599 783 quam
622 743 675 770 ex
699 729 832 783 prelio
858 728 1118 782 confugerat,
1143 727 1354 780 obsessus,
1377 732 1609 783 postremo,

157 787 411 828 necessitate
442 787 594 840 uictus,
627 787 843 829 obsidibus
876 786 1000 838 datis,
1032 785 1202 841 fideque
1232 786 1310 827 sub
1341 791 1609 829 sacramento

157 845 380 899 promissa,
413 847 594 887 salutem
629 846 868 901 paciscitur.
932 844 1018 886 Sed
1060 850 1158 899 post
1189 844 1452 895 modun1,ex
1484 844 1611 886 Olaui

90 926 125 952 10
158 903 345 945 discessu
379 908 693 959 competentem
723 904 824 958 fuge
858 904 1024 958 copiam
1057 909 1220 956 nactus,
1252 902 1365 944 Erici
1391 904 1610 945 caritatem

159 967 200 1003 ct
233 961 429 1003 obsidum
462 962 588 1003 saluti
621 961 889 1003 iurisiurandi
923 961 1115 1014 religioni
1148 961 1338 1015 speciosa
1369 962 1611 1003 temeritate

157 1020 390 1076 preposuit,
422 1035 562 1076 neque
586 1020 702 1062 nefas
737 1021 860 1061 duxit
881 1023 1096 1061 extortum
1119 1019 1371 1061 sacramenti
1392 1020 1610 1062 uinculum

157 1078 398 1119 uoluntarie
431 1079 620 1120 amicicie
655 1079 768 1120 cultu
794 1078 1049 1120 conuellere.
1097 1078 1227 1119 Cuius
1250 1077 1449 1119 affectum
1481 1082 1611 1134 atque

158 1137 447 1178 constanciam
480 1151 556 1178 rex
589 1136 642 1178 ad
675 1152 720 1179 se
753 1138 794 1177 in
828 1136 1089 1178 Sialandiam
1121 1137 1332 1178 uenientis
1364 1136 1610 1192 amplissimi

90 1217 125 1244 15
158 1194 265 1236 ruris
307 1195 585 1250 uicorumque
623 1195 901 1250 complurium
943 1194 1119 1236 dacione
1163 1194 1373 1250 pensauit.
1447 1194 1609 1236 Verum

159 1252 311 1294 Scania
342 1253 572 1308 impensius
606 1253 790 1295 Olauum
823 1253 1016 1306 fouentc,
1050 1254 1138 1308 ipse
1170 1254 1303 1294 ueluti
1334 1254 1379 1295 in<
1409 1253 1608 1295 antistitis

157 1310 259 1365 fuga
294 1325 370 1365 per
410 1311 649 1352 absenciam
692 1311 851 1364 uictus,
892 1311 1129 1367 reparande
1174 1311 1342 1353 fortune
1383 1313 1526 1367 gracia
1556 1311 1609 1352 ad

156 1369 274 1410 littus
307 1383 423 1411 more
454 1371 593 1424 gentis
616 1370 814 1412 Landora
837 1370 1099 1424 appellatum
1121 1370 1414 1424 expedicionis
1438 1370 1608 1411 nomine

158 1428 305 1469 crebra
336 1429 471 1469 classe
492 1429 754 1483 per-uehitur.
819 1428 950 1469 Cuius
980 1427 1062 1468 loci
1084 1433 1324 1483 suspectam
1346 1427 1400 1469 ad
1432 1428 1607 1470 modum

86 1507 123 1534 ρο
154 1485 370 1527 fortunam
401 1486 608 1540 habebat,
639 1487 832 1528 fabulose
866 1485 1083 1527 cuiusdam
1125 1487 1333 1541 opinionis
1361 1487 1366 1539 Ι
1395 1486 1606 1540 credulus,
1661 1503 1689 1528 r·
1709 1495 1759 1521 069

158 1558 241 1598 qua
272 1558 395 1598 reges
429 1544 469 1585 id
501 1544 618 1586 littus
651 1545 842 1600 aggressi
873 1545 915 1585 in
948 1559 1107 1586 annum
1150 1544 1340 1586 duraturi
1385 1548 1606 1599 negantur.

157 1601 244 1644 Sed
294 1602 395 1643 dum
440 1616 515 1657 per
561 1604 823 1658 presenciam
869 1603 956 1644 fata
1005 1603 1179 1653 metuit,
1226 1604 1380 1646 absens
1427 1603 1606 1644 uictoria

156 1660 301 1702 caruit.
365 1660 583 1716 Siquidem
615 1662 765 1702 tellure
788 1661 963 1716 perinde
996 1675 1044 1701 ac
1075 1661 1195 1702 fatali
1227 1662 1339 1703 malo
1372 1662 1604 1716 abstinens,

156 1732 296 1774 neque
326 1719 441 1770 ferri.
474 1719 545 1760 sed
580 1721 687 1760 ruris
721 1720 972 1761 uiolenciam
995 1719 1036 1760 in
1060 1726 1176 1760 metu
1209 1733 1436 1775 reponens,
1462 1720 1604 1774 copias

88 1795 125 1822 25
155 1776 196 1817 in
240 1778 375 1818 aciem
414 1777 576 1831 dirigit,
630 1792 787 1832 easque
827 1777 1007 1833 Eskyllo
1049 1777 1328 1832 proferendas
1370 1778 1605 1820 committit.

158 1835 239 1882 Qui
284 1836 590 1889 pontificalium
642 1850 856 1877 sacrorum
906 1850 1034 1891 quam
1079 1837 1140 1877 rei
1180 1836 1370 1878 militaris
1410 1836 1605 1891 pericior,

155 1892 408 1947 persimilem
434 1894 558 1948 priori
578 1893 797 1935 fortunam
821 1899 1035 1949 expertuS,
1057 1895 1179 1936 triste
1200 1895 1289 1948 regi
1312 1895 1605 1949 spectaculum

155 1950 247 1993 fuit.
311 1951 442 1993 Cuius
475 1952 573 1993 mali
606 1953 759 1993 intuitu
793 1953 955 1994 discere
978 1952 1128 1994 Ericus
1150 1953 1398 2008 monerique
1424 1955 1605 2009 poterat,

154 2010 249 2064 plus
281 2010 441 2051 uiribus
485 2011 571 2051 suis
613 2010 741 2052 duces
775 2025 902 2066 quam
943 2010 1137 2052 femineis
1179 2010 1335 2052 debere
1377 2011 1603 2066 figmentis.

86 2086 122 2112 ,πο
156 2068 319 2115 Quibus
360 2069 710 2123 supersticionum
762 2070 925 2124 laqueis
972 2083 1112 2124 quoue
1158 2069 1418 2111 credulitatis
1465 2083 1604 2111 errore

155 2126 345 2167 animum
377 2131 477 2168 tunc
509 2127 599 2168 eius
633 2127 855 2169 obsessum
888 2132 1099 2181 putemus,
1134 2141 1229 2168 cum
1260 2127 1365 2182 ipse,
1397 2128 1468 2183 qui
1499 2128 1604 2168 alias

155 2183 261 2224 adeo
296 2198 421 2225 manu
455 2188 682 2227 strennuus
716 2185 898 2226 existere
932 2189 1227 2238 consueuerat,
1258 2191 1328 2238 ut,
1360 2200 1413 2227 ne
1445 2189 1605 2227 temere

155 2242 197 2282 in
231 2242 394 2284 hostem
416 2256 460 2283 se
483 2243 680 2294 mitteret,
713 2258 737 2284 a
760 2243 962 2285 militibus
985 2243 1191 2285 contineri
1213 2257 1390 2286 necesse
1412 2243 1604 2297 haberet,

156 2305 278 2352 tunc,
326 2301 461 2341 ueluti
506 2305 623 2342 metu
663 2315 852 2356 pugnam
893 2300 1156 2356 detrectans,
1197 2302 1239 2342 in
1271 2302 1409 2343 uicino
1454 2315 1499 2342 se
1530 2315 1605 2356 per

86 2372 122 2398 3.3
154 2358 394 2399 absenciam
448 2359 637 2413 superari
688 2359 986 2414 conspiceret?
1050 2359 1144 2408 Qua
1195 2360 1375 2401 uictoria
1428 2358 1605 2413 Olauus,

156 2416 289 2456 ueluti
319 2416 460 2471 ipsum
490 2417 571 2457 iam
603 2417 774 2458 Ericum
806 2417 997 2469 delesset,
1043 2431 1171 2473 supra
1211 2417 1384 2459 modum
1424 2421 1603 2471 erectus,

155 2474 420 2528 pontificales
451 2488 551 2530 opes
584 2489 690 2530 eque
722 2489 770 2516 ac
801 2475 940 2529 regias
971 2475 1131 2532 absque
1159 2480 1357 2531 respectu
1390 2475 1603 2531 religionis

155 2532 332 2574 inuadit.
367 2537 407 2574 et
438 2533 479 2573 in
513 2534 814 2574 contumeliam
846 2533 1037 2589 Eskylli,
1080 2548 1105 2575 a
1132 2546 1230 2589 ‘quo
1276 2535 1336 2575 bis
1370 2548 1415 2575 se
1447 2547 1603 2588 prouo-

156 2594 297 2631 catum
329 2590 594 2644 meminerat,
627 2590 792 2632 cuidam
827 2591 1016 2633 eiusdem
1038 2592 1218 2633 nominis
1241 2591 1451 2633 sacerdoti
1467 2589 1479 2647 ΙΙ
1496 2606 1601 2647 pon·
1657 2602 1751 2637 (252)

86 2660 123 2688 40
153 2648 268 2689 tificii
293 2649 529 2703 gestionem
551 2649 753 2704 assignat.
801 2649 982 2702 Deinde,
1005 2654 1208 2706 tanquam
1230 2651 1452 2693 uniuersas
1477 2649 1603 2692 emuli

227 2720 311 2753 Saxo,
326 2721 558 2750 Grammaticus.
1422 2719 1467 2755 29
