<?xml version="1.0" encoding="UTF-8"?>
<!DOCTYPE html PUBLIC "-//W3C//DTD XHTML 1.0 Transitional//EN"
    "http://www.w3.org/TR/xhtml1/DTD/xhtml1-transitional.dtd">
<html xmlns="http://www.w3.org/1999/xhtml" xml:lang="en" lang="en">
 <head>
  <title>
</title>
<meta http-equiv="Content-Type" content="text/html;charset=utf-8" />
  <meta name='ocr-system' content='tesseract 3.04.00' />
  <meta name='ocr-capabilities' content='ocr_page ocr_carea ocr_par ocr_line ocrx_word'/>
</head>
<body>
  <div class='ocr_page' id='page_1' title='image "./saxonisgrammatic00saxouoft_0147.png"; bbox 0 0 1884 3126; ppageno 0'>
   <div class='ocr_carea' id='block_1_1' title="bbox 0 1017 56 3126">
    <p class='ocr_par' dir='ltr' id='par_1_1' title="bbox 0 1017 56 3126">
     <span class='ocr_line' id='line_1_1' title="bbox 0 1017 56 3126; baseline 0 0"><span class='ocrx_word' id='word_1_1' title='bbox 0 1017 56 3126; x_wconf 95' lang='lat' dir='ltr'> </span> 
     </span>
    </p>
   </div>
   <div class='ocr_carea' id='block_1_2' title="bbox 116 617 132 644">
    <p class='ocr_par' dir='ltr' id='par_1_2' title="bbox 116 617 132 644">
     <span class='ocr_line' id='line_1_2' title="bbox 116 617 132 644; baseline 0 0"><span class='ocrx_word' id='word_1_2' title='bbox 116 617 132 644; x_wconf 91' lang='lat'>5</span> 
     </span>
    </p>
   </div>
   <div class='ocr_carea' id='block_1_3' title="bbox 101 910 133 937">
    <p class='ocr_par' dir='ltr' id='par_1_3' title="bbox 101 910 133 937">
     <span class='ocr_line' id='line_1_3' title="bbox 101 910 133 937; baseline 0 0"><span class='ocrx_word' id='word_1_3' title='bbox 101 910 133 937; x_wconf 84' lang='lat'>10</span> 
     </span>
    </p>
   </div>
   <div class='ocr_carea' id='block_1_4' title="bbox 99 1201 133 1229">
    <p class='ocr_par' dir='ltr' id='par_1_4' title="bbox 99 1201 133 1229">
     <span class='ocr_line' id='line_1_4' title="bbox 99 1201 133 1229; baseline -0.029 0"><span class='ocrx_word' id='word_1_4' title='bbox 99 1201 133 1229; x_wconf 87' lang='grc'>15</span> 
     </span>
    </p>
   </div>
   <div class='ocr_carea' id='block_1_5' title="bbox 97 1493 136 1520">
    <p class='ocr_par' dir='ltr' id='par_1_5' title="bbox 97 1493 136 1520">
     <span class='ocr_line' id='line_1_5' title="bbox 97 1493 136 1520; baseline 0 0"><span class='ocrx_word' id='word_1_5' title='bbox 97 1493 136 1520; x_wconf 78' lang='lat'>20</span> 
     </span>
    </p>
   </div>
   <div class='ocr_carea' id='block_1_6' title="bbox 97 1785 135 1812">
    <p class='ocr_par' dir='ltr' id='par_1_6' title="bbox 97 1785 135 1812">
     <span class='ocr_line' id='line_1_6' title="bbox 97 1785 135 1812; baseline 0 0"><span class='ocrx_word' id='word_1_6' title='bbox 97 1785 135 1812; x_wconf 78' lang='lat'>25</span> 
     </span>
    </p>
   </div>
   <div class='ocr_carea' id='block_1_7' title="bbox 102 2076 139 2104">
    <p class='ocr_par' dir='ltr' id='par_1_7' title="bbox 102 2076 139 2104">
     <span class='ocr_line' id='line_1_7' title="bbox 102 2076 139 2104; baseline 0 0"><span class='ocrx_word' id='word_1_7' title='bbox 102 2076 139 2104; x_wconf 84' lang='lat'>30</span> 
     </span>
    </p>
   </div>
   <div class='ocr_carea' id='block_1_8' title="bbox 720 246 1608 290">
    <p class='ocr_par' dir='ltr' id='par_1_8' title="bbox 720 246 1608 290">
     <span class='ocr_line' id='line_1_8' title="bbox 720 246 1608 290; baseline 0.002 -2"><span class='ocrx_word' id='word_1_8' title='bbox 720 246 994 288; x_wconf 81' lang='lat' dir='ltr'>-H-</span> <span class='ocrx_word' id='word_1_9' title='bbox 1554 249 1608 290; x_wconf 84' lang='lat'>53</span> 
     </span>
    </p>
   </div>
   <div class='ocr_carea' id='block_1_9' title="bbox 162 373 1621 2360">
    <p class='ocr_par' dir='ltr' id='par_1_9' title="bbox 162 373 1613 1248">
     <span class='ocr_line' id='line_1_9' title="bbox 165 373 1611 432; baseline 0 -15"><span class='ocrx_word' id='word_1_10' title='bbox 165 389 248 431; x_wconf 89' lang='lat' dir='ltr'>que</span> <span class='ocrx_word' id='word_1_11' title='bbox 281 388 400 417; x_wconf 89' lang='lat' dir='ltr'>suam</span> <span class='ocrx_word' id='word_1_12' title='bbox 432 374 685 430; x_wconf 89' lang='lat' dir='ltr'>fortuna[m]</span> <span class='ocrx_word' id='word_1_13' title='bbox 714 378 948 418; x_wconf 77' lang='lat' dir='ltr'>tractasset.</span> <span class='ocrx_word' id='word_1_14' title='bbox 995 377 1162 420; x_wconf 83' lang='lat' dir='ltr'>Deinde</span> <span class='ocrx_word' id='word_1_15' title='bbox 1185 376 1375 432; x_wconf 81' lang='lat' dir='ltr'>presides</span> <span class='ocrx_word' id='word_1_16' title='bbox 1397 376 1450 419; x_wconf 90' lang='lat' dir='ltr'>ab</span> <span class='ocrx_word' id='word_1_17' title='bbox 1472 373 1611 418; x_wconf 91' lang='lat' dir='ltr'>Hoth-</span> 
     </span>
     <span class='ocr_line' id='line_1_10' title="bbox 164 432 1610 490; baseline 0 -15"><span class='ocrx_word' id='word_1_18' title='bbox 164 432 300 475; x_wconf 87' lang='lat' dir='ltr'>brodo</span> <span class='ocrx_word' id='word_1_19' title='bbox 322 434 544 488; x_wconf 87' lang='lat' dir='ltr'>immissos,</span> <span class='ocrx_word' id='word_1_20' title='bbox 569 438 615 475; x_wconf 89' lang='lat' dir='ltr'>ut</span> <span class='ocrx_word' id='word_1_21' title='bbox 637 438 816 476; x_wconf 83' lang='lat' dir='ltr'>externo</span> <span class='ocrx_word' id='word_1_22' title='bbox 839 435 1017 490; x_wconf 87' lang='lat' dir='ltr'>patriam</span> <span class='ocrx_word' id='word_1_23' title='bbox 1040 436 1224 478; x_wconf 86' lang='lat' dir='ltr'>dominio</span> <span class='ocrx_word' id='word_1_24' title='bbox 1249 436 1459 486; x_wconf 81' lang='lat' dir='ltr'>liberaret,</span> <span class='ocrx_word' id='word_1_25' title='bbox 1476 434 1610 475; x_wconf 89' lang='lat' dir='ltr'>missis</span> 
     </span>
     <span class='ocr_line' id='line_1_11' title="bbox 166 490 1611 549; baseline 0 -16"><span class='ocrx_word' id='word_1_26' title='bbox 166 506 241 548; x_wconf 89' lang='lat' dir='ltr'>per</span> <span class='ocrx_word' id='word_1_27' title='bbox 290 491 445 548; x_wconf 90' lang='lat' dir='ltr'>oppida</span> <span class='ocrx_word' id='word_1_28' title='bbox 490 490 762 545; x_wconf 84' lang='lat' dir='ltr'>satellitibus,</span> <span class='ocrx_word' id='word_1_29' title='bbox 817 493 920 535; x_wconf 90' lang='lat' dir='ltr'>cede</span> <span class='ocrx_word' id='word_1_30' title='bbox 966 493 1148 549; x_wconf 82' lang='lat' dir='ltr'>subegit.</span> <span class='ocrx_word' id='word_1_31' title='bbox 1239 494 1383 549; x_wconf 86' lang='lat' dir='ltr'>Ipsum</span> <span class='ocrx_word' id='word_1_32' title='bbox 1444 504 1611 547; x_wconf 90' lang='lat' dir='ltr'>quoque</span> 
     </span>
     <span class='ocr_line' id='line_1_12' title="bbox 164 549 1609 608; baseline -0.001 -16"><span class='ocrx_word' id='word_1_33' title='bbox 164 549 468 592; x_wconf 90' lang='lat' dir='ltr'>Hothbrodum</span> <span class='ocrx_word' id='word_1_34' title='bbox 511 564 606 592; x_wconf 91' lang='lat' dir='ltr'>cum</span> <span class='ocrx_word' id='word_1_35' title='bbox 647 550 841 593; x_wconf 89' lang='lat' dir='ltr'>omnibus</span> <span class='ocrx_word' id='word_1_36' title='bbox 889 552 1017 608; x_wconf 89' lang='lat' dir='ltr'>copiis</span> <span class='ocrx_word' id='word_1_37' title='bbox 1064 551 1204 593; x_wconf 88' lang='lat' dir='ltr'>nauali</span> <span class='ocrx_word' id='word_1_38' title='bbox 1249 565 1392 607; x_wconf 90' lang='lat' dir='ltr'>pugna</span> <span class='ocrx_word' id='word_1_39' title='bbox 1434 550 1609 601; x_wconf 82' lang='lat' dir='ltr'>deleuit3</span> 
     </span>
     <span class='ocr_line' id='line_1_13' title="bbox 162 608 1611 666; baseline -0.001 -16"><span class='ocrx_word' id='word_1_40' title='bbox 162 622 240 650; x_wconf 90' lang='lat' dir='ltr'>nec</span> <span class='ocrx_word' id='word_1_41' title='bbox 271 609 410 650; x_wconf 90' lang='lat' dir='ltr'>solum</span> <span class='ocrx_word' id='word_1_42' title='bbox 441 608 594 663; x_wconf 86' lang='lat' dir='ltr'>fratris,</span> <span class='ocrx_word' id='word_1_43' title='bbox 627 609 700 651; x_wconf 91' lang='lat' dir='ltr'>sed</span> <span class='ocrx_word' id='word_1_44' title='bbox 723 610 855 651; x_wconf 89' lang='lat' dir='ltr'>eciam</span> <span class='ocrx_word' id='word_1_45' title='bbox 886 610 1020 665; x_wconf 91' lang='lat' dir='ltr'>patrie</span> <span class='ocrx_word' id='word_1_46' title='bbox 1051 610 1246 652; x_wconf 86' lang='lat' dir='ltr'>iniuriam</span> <span class='ocrx_word' id='word_1_47' title='bbox 1278 610 1412 666; x_wconf 88' lang='lat' dir='ltr'>plenis</span> <span class='ocrx_word' id='word_1_48' title='bbox 1438 608 1611 651; x_wconf 81' lang='lat' dir='ltr'>ulcionis</span> 
     </span>
     <span class='ocr_line' id='line_1_14' title="bbox 162 665 1613 723; baseline -0.002 -14"><span class='ocrx_word' id='word_1_49' title='bbox 162 667 289 709; x_wconf 88' lang='lat' dir='ltr'>armis</span> <span class='ocrx_word' id='word_1_50' title='bbox 331 667 540 722; x_wconf 82' lang='lat' dir='ltr'>pensauit.</span> <span class='ocrx_word' id='word_1_51' title='bbox 566 667 581 722; x_wconf 91' lang='grc' dir='ltr'>ΙΙ</span> <span class='ocrx_word' id='word_1_52' title='bbox 604 666 700 716; x_wconf 79' lang='lat' dir='ltr'>Quo</span> <span class='ocrx_word' id='word_1_53' title='bbox 745 667 909 720; x_wconf 89' lang='lat' dir='ltr'>euenit,</span> <span class='ocrx_word' id='word_1_54' title='bbox 943 672 1009 721; x_wconf 87' lang='lat' dir='ltr'>ut,</span> <span class='ocrx_word' id='word_1_55' title='bbox 1042 670 1108 710; x_wconf 91' lang='lat' dir='ltr'>cui</span> <span class='ocrx_word' id='word_1_56' title='bbox 1139 682 1274 723; x_wconf 80' lang='lat' dir='ltr'>nuper</span> <span class='ocrx_word' id='word_1_57' title='bbox 1307 669 1360 710; x_wconf 92' lang='lat' dir='ltr'>ob</span> <span class='ocrx_word' id='word_1_58' title='bbox 1392 665 1613 720; x_wconf 86' lang='lat' dir='ltr'>Hundingi</span> 
     </span>
     <span class='ocr_line' id='line_1_15' title="bbox 162 725 1610 782; baseline -0.001 -15"><span class='ocrx_word' id='word_1_59' title='bbox 162 725 310 767; x_wconf 86' lang='lat' dir='ltr'>cedern</span> <span class='ocrx_word' id='word_1_60' title='bbox 358 740 565 780; x_wconf 85' lang='lat' dir='ltr'>agnomen</span> <span class='ocrx_word' id='word_1_61' title='bbox 610 726 870 782; x_wconf 68' lang='lat' dir='ltr'>incesserat,</span> <span class='ocrx_word' id='word_1_62' title='bbox 910 741 1021 768; x_wconf 92' lang='lat' dir='ltr'>nunc</span> <span class='ocrx_word' id='word_1_63' title='bbox 1054 725 1299 768; x_wconf 90' lang='lat' dir='ltr'>Hothbrodi</span> <span class='ocrx_word' id='word_1_64' title='bbox 1339 730 1503 779; x_wconf 84' lang='lat' dir='ltr'>strages</span> <span class='ocrx_word' id='word_1_65' title='bbox 1542 738 1610 765; x_wconf 92' lang='lat' dir='ltr'>co-</span> 
     </span>
     <span class='ocr_line' id='line_1_16' title="bbox 162 784 1612 840; baseline -0.002 -15"><span class='ocrx_word' id='word_1_66' title='bbox 162 789 440 838; x_wconf 87' lang='lat' dir='ltr'>gnomentum</span> <span class='ocrx_word' id='word_1_67' title='bbox 461 784 645 826; x_wconf 85' lang='lat' dir='ltr'>inferret.</span> <span class='ocrx_word' id='word_1_68' title='bbox 683 785 889 827; x_wconf 83' lang='lat' dir='ltr'>Preterea</span> <span class='ocrx_word' id='word_1_69' title='bbox 912 785 1116 835; x_wconf 68' lang='lat' dir='ltr'>Simone-s,</span> <span class='ocrx_word' id='word_1_70' title='bbox 1147 784 1322 840; x_wconf 84' lang='lat' dir='ltr'>perinde</span> <span class='ocrx_word' id='word_1_71' title='bbox 1350 785 1356 838; x_wconf 76' lang='lat' dir='ltr'>l</span> <span class='ocrx_word' id='word_1_72' title='bbox 1383 797 1431 824; x_wconf 86' lang='lat' dir='ltr'>ac</span> <span class='ocrx_word' id='word_1_73' title='bbox 1462 795 1612 838; x_wconf 89' lang='lat' dir='ltr'>parum</span> 
     </span>
     <span class='ocr_line' id='line_1_17' title="bbox 162 840 1610 897; baseline -0.002 -14"><span class='ocrx_word' id='word_1_74' title='bbox 162 842 305 897; x_wconf 90' lang='lat' dir='ltr'>preliis</span> <span class='ocrx_word' id='word_1_75' title='bbox 338 842 533 894; x_wconf 85' lang='lat' dir='ltr'>afflictos,</span> <span class='ocrx_word' id='word_1_76' title='bbox 567 842 850 886; x_wconf 89' lang='lat' dir='ltr'>abiectissimo</span> <span class='ocrx_word' id='word_1_77' title='bbox 886 844 1139 886; x_wconf 90' lang='lat' dir='ltr'>condicionis</span> <span class='ocrx_word' id='word_1_78' title='bbox 1157 843 1349 885; x_wconf 88' lang='lat' dir='ltr'>instituto</span> <span class='ocrx_word' id='word_1_79' title='bbox 1376 840 1610 893; x_wconf 87' lang='lat' dir='ltr'>mulctauit,</span> 
     </span>
     <span class='ocr_line' id='line_1_18' title="bbox 163 901 1612 957; baseline -0.001 -16"><span class='ocrx_word' id='word_1_80' title='bbox 163 901 260 956; x_wconf 89' lang='lat' dir='ltr'>lege</span> <span class='ocrx_word' id='word_1_81' title='bbox 291 901 497 954; x_wconf 80' lang='lat' dir='ltr'>sanciens,</span> <span class='ocrx_word' id='word_1_82' title='bbox 529 915 581 942; x_wconf 92' lang='lat' dir='ltr'>ne</span> <span class='ocrx_word' id='word_1_83' title='bbox 615 901 849 957; x_wconf 88' lang='lat' dir='ltr'>cuiuspiam</span> <span class='ocrx_word' id='word_1_84' title='bbox 872 916 1019 944; x_wconf 91' lang='lat' dir='ltr'>eorum</span> <span class='ocrx_word' id='word_1_85' title='bbox 1042 904 1163 944; x_wconf 84' lang='lat' dir='ltr'>iuxta</span> <span class='ocrx_word' id='word_1_86' title='bbox 1192 901 1475 955; x_wconf 85' lang='lat' dir='ltr'>legitimarum</span> <span class='ocrx_word' id='word_1_87' title='bbox 1503 912 1612 940; x_wconf 90' lang='lat' dir='ltr'>com-</span> 
     </span>
     <span class='ocr_line' id='line_1_19' title="bbox 164 956 1611 1014; baseline -0.003 -13"><span class='ocrx_word' id='word_1_88' title='bbox 164 959 430 1014; x_wconf 84' lang='lat' dir='ltr'>posioionum</span> <span class='ocrx_word' id='word_1_89' title='bbox 481 959 703 1001; x_wconf 84' lang='lat' dir='ltr'>formulam</span> <span class='ocrx_word' id='word_1_90' title='bbox 757 960 860 1002; x_wconf 92' lang='lat' dir='ltr'>lesio</span> <span class='ocrx_word' id='word_1_91' title='bbox 913 961 1149 1003; x_wconf 82' lang='lat' dir='ltr'>sarciretur.</span> <span class='ocrx_word' id='word_1_92' title='bbox 1226 959 1306 1001; x_wconf 86' lang='lat' dir='ltr'>His</span> <span class='ocrx_word' id='word_1_93' title='bbox 1354 958 1506 1013; x_wconf 86' lang='lat' dir='ltr'>gestis,</span> <span class='ocrx_word' id='word_1_94' title='bbox 1558 956 1611 998; x_wconf 92' lang='lat' dir='ltr'>ob</span> 
     </span>
     <span class='ocr_line' id='line_1_20' title="bbox 165 1018 1612 1074; baseline -0.002 -16"><span class='ocrx_word' id='word_1_95' title='bbox 165 1018 395 1072; x_wconf 85' lang='lat' dir='ltr'>superioris</span> <span class='ocrx_word' id='word_1_96' title='bbox 437 1018 591 1073; x_wconf 85' lang='lat' dir='ltr'>flagicii</span> <span class='ocrx_word' id='word_1_97' title='bbox 643 1018 844 1062; x_wconf 84' lang='lat' dir='ltr'>ruborem</span> <span class='ocrx_word' id='word_1_98' title='bbox 890 1020 1069 1073; x_wconf 85' lang='lat' dir='ltr'>patriam</span> <span class='ocrx_word' id='word_1_99' title='bbox 1117 1022 1377 1074; x_wconf 86' lang='lat' dir='ltr'>penatesque</span> <span class='ocrx_word' id='word_1_100' title='bbox 1423 1028 1612 1072; x_wconf 88' lang='lat' dir='ltr'>perosus,</span> 
     </span>
     <span class='ocr_line' id='line_1_21' title="bbox 165 1073 1613 1133; baseline -0.001 -17"><span class='ocrx_word' id='word_1_101' title='bbox 165 1075 344 1130; x_wconf 88' lang='lat' dir='ltr'>repetito</span> <span class='ocrx_word' id='word_1_102' title='bbox 388 1076 584 1130; x_wconf 83' lang='lat' dir='ltr'>Oriente,</span> <span class='ocrx_word' id='word_1_103' title='bbox 626 1076 809 1120; x_wconf 86' lang='lat' dir='ltr'>decedit.</span> <span class='ocrx_word' id='word_1_104' title='bbox 873 1077 1113 1133; x_wconf 89' lang='lat' dir='ltr'>Opinantur</span> <span class='ocrx_word' id='word_1_105' title='bbox 1148 1076 1340 1132; x_wconf 84' lang='lat' dir='ltr'>quidam,</span> <span class='ocrx_word' id='word_1_106' title='bbox 1383 1073 1497 1130; x_wconf 89' lang='lat' dir='ltr'>quod</span> <span class='ocrx_word' id='word_1_107' title='bbox 1540 1087 1613 1114; x_wconf 81' lang='lat' dir='ltr'>ex-</span> 
     </span>
     <span class='ocr_line' id='line_1_22' title="bbox 165 1131 1613 1191; baseline -0.003 -16"><span class='ocrx_word' id='word_1_108' title='bbox 165 1134 365 1189; x_wconf 87' lang='lat' dir='ltr'>probrate</span> <span class='ocrx_word' id='word_1_109' title='bbox 396 1134 475 1176; x_wconf 90' lang='lat' dir='ltr'>sibi</span> <span class='ocrx_word' id='word_1_110' title='bbox 506 1135 780 1190; x_wconf 84' lang='lat' dir='ltr'>turpitudinis</span> <span class='ocrx_word' id='word_1_111' title='bbox 814 1137 965 1177; x_wconf 80' lang='lat' dir='ltr'>anxius</span> <span class='ocrx_word' id='word_1_112' title='bbox 998 1150 1125 1191; x_wconf 88' lang='lat' dir='ltr'>super</span> <span class='ocrx_word' id='word_1_113' title='bbox 1160 1135 1394 1177; x_wconf 88' lang='lat' dir='ltr'>districtum</span> <span class='ocrx_word' id='word_1_114' title='bbox 1426 1131 1613 1188; x_wconf 85' lang='lat' dir='ltr'>gladium</span> 
     </span>
     <span class='ocr_line' id='line_1_23' title="bbox 165 1192 1402 1248; baseline 0.001 -15"><span class='ocrx_word' id='word_1_115' title='bbox 165 1192 448 1235; x_wconf 87' lang='lat' dir='ltr'>incumbendo</span> <span class='ocrx_word' id='word_1_116' title='bbox 480 1193 722 1235; x_wconf 89' lang='lat' dir='ltr'>uoluntaria</span> <span class='ocrx_word' id='word_1_117' title='bbox 754 1208 798 1236; x_wconf 90' lang='lat' dir='ltr'>se</span> <span class='ocrx_word' id='word_1_118' title='bbox 830 1198 967 1236; x_wconf 88' lang='lat' dir='ltr'>morte</span> <span class='ocrx_word' id='word_1_119' title='bbox 999 1193 1321 1248; x_wconf 85' lang='lat' dir='ltr'>consumpserit.</span> <span class='ocrx_word' id='word_1_120' title='bbox 1400 1239 1402 1243; x_wconf 20' lang='lat' dir='ltr'>v</span> 
     </span>
    </p>

    <p class='ocr_par' dir='ltr' id='par_1_10' title="bbox 165 1247 1621 2360">
     <span class='ocr_line' id='line_1_24' title="bbox 303 1247 1612 1306; baseline -0.005 -14"><span class='ocrx_word' id='word_1_121' title='bbox 303 1250 416 1293; x_wconf 87' lang='lat' dir='ltr'>Huic</span> <span class='ocrx_word' id='word_1_122' title='bbox 461 1251 573 1293; x_wconf 89' lang='lat' dir='ltr'>filius</span> <span class='ocrx_word' id='word_1_123' title='bbox 603 1252 746 1294; x_wconf 88' lang='lat' dir='ltr'>Roluo</span> <span class='ocrx_word' id='word_1_124' title='bbox 793 1252 1011 1304; x_wconf 82' lang='lat' dir='ltr'>succedit,</span> <span class='ocrx_word' id='word_1_125' title='bbox 1062 1252 1126 1294; x_wconf 88' lang='lat' dir='ltr'>uir</span> <span class='ocrx_word' id='word_1_126' title='bbox 1178 1251 1362 1306; x_wconf 89' lang='lat' dir='ltr'>corporis</span> <span class='ocrx_word' id='word_1_127' title='bbox 1399 1247 1612 1302; x_wconf 89' lang='lat' dir='ltr'>animique</span> 
     </span>
     <span class='ocr_line' id='line_1_25' title="bbox 165 1304 1613 1366; baseline -0.003 -17"><span class='ocrx_word' id='word_1_128' title='bbox 165 1307 333 1351; x_wconf 88' lang='lat' dir='ltr'>dotibus</span> <span class='ocrx_word' id='word_1_129' title='bbox 365 1314 597 1364; x_wconf 84' lang='lat' dir='ltr'>uenustus,</span> <span class='ocrx_word' id='word_1_130' title='bbox 639 1311 711 1366; x_wconf 91' lang='lat' dir='ltr'>qui</span> <span class='ocrx_word' id='word_1_131' title='bbox 753 1315 916 1353; x_wconf 90' lang='lat' dir='ltr'>stature</span> <span class='ocrx_word' id='word_1_132' title='bbox 956 1310 1292 1366; x_wconf 82' lang='lat' dir='ltr'>magnitudinem</span> <span class='ocrx_word' id='word_1_133' title='bbox 1324 1309 1413 1365; x_wconf 91' lang='lat' dir='ltr'>pari</span> <span class='ocrx_word' id='word_1_134' title='bbox 1444 1304 1613 1348; x_wconf 89' lang='lat' dir='ltr'>uirtutis</span> 
     </span>
     <span class='ocr_line' id='line_1_26' title="bbox 166 1366 1613 1424; baseline -0.002 -18"><span class='ocrx_word' id='word_1_135' title='bbox 166 1366 314 1409; x_wconf 88' lang='lat' dir='ltr'>habitu</span> <span class='ocrx_word' id='word_1_136' title='bbox 363 1368 694 1411; x_wconf 81' lang='lat' dir='ltr'>commendaret.</span> <span class='ocrx_word' id='word_1_137' title='bbox 769 1368 900 1411; x_wconf 84' lang='lat' dir='ltr'>Cuius</span> <span class='ocrx_word' id='word_1_138' title='bbox 948 1369 1210 1424; x_wconf 87' lang='lat' dir='ltr'>tem-poribus</span> <span class='ocrx_word' id='word_1_139' title='bbox 1259 1381 1353 1409; x_wconf 89' lang='lat' dir='ltr'>cum</span> <span class='ocrx_word' id='word_1_140' title='bbox 1394 1366 1613 1407; x_wconf 86' lang='lat' dir='ltr'>Danorum</span> 
     </span>
     <span class='ocr_line' id='line_1_27' title="bbox 165 1420 1614 1481; baseline -0.002 -16"><span class='ocrx_word' id='word_1_141' title='bbox 165 1425 341 1481; x_wconf 90' lang='lat' dir='ltr'>imperio</span> <span class='ocrx_word' id='word_1_142' title='bbox 360 1426 508 1469; x_wconf 81' lang='lat' dir='ltr'>Suetia</span> <span class='ocrx_word' id='word_1_143' title='bbox 529 1427 779 1481; x_wconf 82' lang='lat' dir='ltr'>subiaceret,</span> <span class='ocrx_word' id='word_1_144' title='bbox 802 1427 965 1470; x_wconf 82' lang='lat' dir='ltr'>Atislus</span> <span class='ocrx_word' id='word_1_145' title='bbox 983 1427 1228 1469; x_wconf 88' lang='lat' dir='ltr'>Hothbrodi</span> <span class='ocrx_word' id='word_1_146' title='bbox 1251 1426 1375 1477; x_wconf 85' lang='lat' dir='ltr'>filius,</span> <span class='ocrx_word' id='word_1_147' title='bbox 1395 1420 1614 1466; x_wconf 82' lang='lat' dir='ltr'>liberande</span> 
     </span>
     <span class='ocr_line' id='line_1_28' title="bbox 165 1479 1614 1542; baseline -0.002 -17"><span class='ocrx_word' id='word_1_148' title='bbox 165 1483 300 1537; x_wconf 90' lang='lat' dir='ltr'>patrie</span> <span class='ocrx_word' id='word_1_149' title='bbox 342 1485 511 1527; x_wconf 89' lang='lat' dir='ltr'>racione</span> <span class='ocrx_word' id='word_1_150' title='bbox 551 1485 744 1527; x_wconf 88' lang='lat' dir='ltr'>callidius</span> <span class='ocrx_word' id='word_1_151' title='bbox 788 1486 965 1542; x_wconf 80' lang='lat' dir='ltr'>quesita,</span> <span class='ocrx_word' id='word_1_152' title='bbox 1005 1490 1183 1528; x_wconf 86' lang='lat' dir='ltr'>matrem</span> <span class='ocrx_word' id='word_1_153' title='bbox 1225 1482 1435 1526; x_wconf 85' lang='lat' dir='ltr'>Roluonis</span> <span class='ocrx_word' id='word_1_154' title='bbox 1460 1479 1614 1522; x_wconf 81' lang='lat' dir='ltr'>Vrsam</span> 
     </span>
     <span class='ocr_line' id='line_1_29' title="bbox 168 1537 1615 1598; baseline -0.003 -15"><span class='ocrx_word' id='word_1_155' title='bbox 168 1542 364 1598; x_wconf 84' lang='lat' dir='ltr'>coniugio</span> <span class='ocrx_word' id='word_1_156' title='bbox 396 1543 749 1595; x_wconf 30' lang='lat' dir='ltr'>sibi-sociandam</span> <span class='ocrx_word' id='word_1_157' title='bbox 784 1546 961 1598; x_wconf 88' lang='lat' dir='ltr'>curauit,</span> <span class='ocrx_word' id='word_1_158' title='bbox 995 1543 1285 1586; x_wconf 82' lang='lat' dir='ltr'>intercedente</span> <span class='ocrx_word' id='word_1_159' title='bbox 1309 1539 1507 1584; x_wconf 86' lang='lat' dir='ltr'>connubii</span> <span class='ocrx_word' id='word_1_160' title='bbox 1528 1537 1615 1579; x_wconf 82' lang='lat' dir='ltr'>affi-</span> 
     </span>
     <span class='ocr_line' id='line_1_30' title="bbox 166 1596 1617 1658; baseline -0.004 -16"><span class='ocrx_word' id='word_1_161' title='bbox 166 1601 297 1642; x_wconf 87' lang='lat' dir='ltr'>nitate</span> <span class='ocrx_word' id='word_1_162' title='bbox 330 1601 590 1644; x_wconf 87' lang='lat' dir='ltr'>efficaciores</span> <span class='ocrx_word' id='word_1_163' title='bbox 622 1602 819 1658; x_wconf 84' lang='lat' dir='ltr'>priuigno</span> <span class='ocrx_word' id='word_1_164' title='bbox 849 1605 1033 1645; x_wconf 88' lang='lat' dir='ltr'>monitus</span> <span class='ocrx_word' id='word_1_165' title='bbox 1068 1617 1193 1658; x_wconf 90' lang='lat' dir='ltr'>super</span> <span class='ocrx_word' id='word_1_166' title='bbox 1224 1600 1370 1642; x_wconf 85' lang='lat' dir='ltr'>tributi</span> <span class='ocrx_word' id='word_1_167' title='bbox 1397 1596 1617 1642; x_wconf 83' lang='lat' dir='ltr'>laxacione</span> 
     </span>
     <span class='ocr_line' id='line_1_31' title="bbox 167 1653 1620 1704; baseline -0.003 -4"><span class='ocrx_word' id='word_1_168' title='bbox 167 1659 357 1702; x_wconf 83' lang='lat' dir='ltr'>daturus.</span> <span class='ocrx_word' id='word_1_169' title='bbox 431 1659 522 1701; x_wconf 90' lang='lat' dir='ltr'>Nec</span> <span class='ocrx_word' id='word_1_170' title='bbox 564 1660 779 1702; x_wconf 86' lang='lat' dir='ltr'>fortunam</span> <span class='ocrx_word' id='word_1_171' title='bbox 821 1663 934 1704; x_wconf 91' lang='lat' dir='ltr'>uotis</span> <span class='ocrx_word' id='word_1_172' title='bbox 975 1661 1198 1703; x_wconf 85' lang='lat' dir='ltr'>aduersam</span> <span class='ocrx_word' id='word_1_173' title='bbox 1241 1659 1403 1701; x_wconf 84' lang='lat' dir='ltr'>habuit.</span> <span class='ocrx_word' id='word_1_174' title='bbox 1469 1653 1554 1696; x_wconf 86' lang='lat' dir='ltr'>Hic</span> <span class='ocrx_word' id='word_1_175' title='bbox 1595 1667 1620 1694; x_wconf 84' lang='lat' dir='ltr'>a</span> 
     </span>
     <span class='ocr_line' id='line_1_32' title="bbox 168 1712 1619 1775; baseline -0.004 -17"><span class='ocrx_word' id='word_1_176' title='bbox 168 1730 301 1772; x_wconf 88' lang='lat' dir='ltr'>puero</span> <span class='ocrx_word' id='word_1_177' title='bbox 334 1717 598 1760; x_wconf 89' lang='lat' dir='ltr'>liberalitatis</span> <span class='ocrx_word' id='word_1_178' title='bbox 631 1718 728 1761; x_wconf 89' lang='lat' dir='ltr'>odio</span> <span class='ocrx_word' id='word_1_179' title='bbox 761 1719 949 1763; x_wconf 88' lang='lat' dir='ltr'>imbutus</span> <span class='ocrx_word' id='word_1_180' title='bbox 973 1720 1080 1761; x_wconf 90' lang='lat' dir='ltr'>adeo</span> <span class='ocrx_word' id='word_1_181' title='bbox 1104 1718 1282 1775; x_wconf 87' lang='lat' dir='ltr'>pecunie</span> <span class='ocrx_word' id='word_1_182' title='bbox 1304 1723 1436 1760; x_wconf 85' lang='lat' dir='ltr'>tenax</span> <span class='ocrx_word' id='word_1_183' title='bbox 1463 1712 1619 1765; x_wconf 78' lang='lat' dir='ltr'>extitit,</span> 
     </span>
     <span class='ocr_line' id='line_1_33' title="bbox 166 1775 1620 1822; baseline -0.001 -6"><span class='ocrx_word' id='word_1_184' title='bbox 166 1780 213 1817; x_wconf 88' lang='lat' dir='ltr'>ut</span> <span class='ocrx_word' id='word_1_185' title='bbox 255 1776 502 1818; x_wconf 87' lang='lat' dir='ltr'>munificum</span> <span class='ocrx_word' id='word_1_186' title='bbox 548 1777 694 1819; x_wconf 80' lang='lat' dir='ltr'>haberi</span> <span class='ocrx_word' id='word_1_187' title='bbox 741 1777 911 1821; x_wconf 81' lang='lat' dir='ltr'>infamie</span> <span class='ocrx_word' id='word_1_188' title='bbox 956 1779 1051 1820; x_wconf 90' lang='lat' dir='ltr'>loco</span> <span class='ocrx_word' id='word_1_189' title='bbox 1094 1778 1281 1819; x_wconf 88' lang='lat' dir='ltr'>duceret.</span> <span class='ocrx_word' id='word_1_190' title='bbox 1344 1775 1482 1822; x_wconf 81' lang='lat' dir='ltr'>Quem</span> <span class='ocrx_word' id='word_1_191' title='bbox 1524 1784 1620 1812; x_wconf 84' lang='lat' dir='ltr'>eum</span> 
     </span>
     <span class='ocr_line' id='line_1_34' title="bbox 168 1831 1618 1895; baseline -0.001 -20"><span class='ocrx_word' id='word_1_192' title='bbox 168 1832 279 1875; x_wconf 85' lang='lat' dir='ltr'>Vrsa</span> <span class='ocrx_word' id='word_1_193' title='bbox 309 1834 436 1876; x_wconf 85' lang='lat' dir='ltr'>tantis</span> <span class='ocrx_word' id='word_1_194' title='bbox 468 1836 650 1878; x_wconf 86' lang='lat' dir='ltr'>auaricie</span> <span class='ocrx_word' id='word_1_195' title='bbox 681 1836 876 1879; x_wconf 90' lang='lat' dir='ltr'>sordibus</span> <span class='ocrx_word' id='word_1_196' title='bbox 909 1837 1106 1879; x_wconf 71' lang='lat' dir='ltr'>obtusum</span> <span class='ocrx_word' id='word_1_197' title='bbox 1134 1835 1314 1887; x_wconf 81' lang='lat' dir='ltr'>uideret,</span> <span class='ocrx_word' id='word_1_198' title='bbox 1342 1831 1533 1887; x_wconf 83' lang='lat' dir='ltr'>ideoque</span> <span class='ocrx_word' id='word_1_199' title='bbox 1567 1843 1618 1895; x_wconf 67' lang='lat' dir='ltr'>eo</span> 
     </span>
     <span class='ocr_line' id='line_1_35' title="bbox 171 1886 1620 1950; baseline -0.001 -17"><span class='ocrx_word' id='word_1_200' title='bbox 171 1905 313 1934; x_wconf 85' lang='lat' dir='ltr'>carere</span> <span class='ocrx_word' id='word_1_201' title='bbox 345 1898 532 1948; x_wconf 88' lang='lat' dir='ltr'>cuperet,</span> <span class='ocrx_word' id='word_1_202' title='bbox 563 1893 723 1936; x_wconf 89' lang='lat' dir='ltr'>insidiis</span> <span class='ocrx_word' id='word_1_203' title='bbox 745 1895 960 1950; x_wconf 86' lang='lat' dir='ltr'>agendum</span> <span class='ocrx_word' id='word_1_204' title='bbox 988 1898 1093 1948; x_wconf 87' lang='lat' dir='ltr'>rata,</span> <span class='ocrx_word' id='word_1_205' title='bbox 1125 1895 1231 1936; x_wconf 89' lang='lat' dir='ltr'>mira</span> <span class='ocrx_word' id='word_1_206' title='bbox 1264 1892 1365 1935; x_wconf 88' lang='lat' dir='ltr'>artis</span> <span class='ocrx_word' id='word_1_207' title='bbox 1398 1886 1620 1944; x_wconf 76' lang='lat' dir='ltr'>superfiole</span> 
     </span>
     <span class='ocr_line' id='line_1_36' title="bbox 168 1946 1620 2010; baseline -0.004 -19"><span class='ocrx_word' id='word_1_208' title='bbox 168 1949 327 1992; x_wconf 85' lang='lat' dir='ltr'>fraudis</span> <span class='ocrx_word' id='word_1_209' title='bbox 367 1950 594 1993; x_wconf 86' lang='lat' dir='ltr'>formulam</span> <span class='ocrx_word' id='word_1_210' title='bbox 635 1953 756 1996; x_wconf 86' lang='lat' dir='ltr'>texit.</span> <span class='ocrx_word' id='word_1_211' title='bbox 827 1954 1064 2010; x_wconf 88' lang='lat' dir='ltr'>Impietatis</span> <span class='ocrx_word' id='word_1_212' title='bbox 1107 1954 1262 2010; x_wconf 89' lang='lat' dir='ltr'>quippe</span> <span class='ocrx_word' id='word_1_213' title='bbox 1305 1946 1620 1993; x_wconf 84' lang='lat' dir='ltr'>simulacionem</span> 
     </span>
     <span class='ocr_line' id='line_1_37' title="bbox 170 2008 1618 2070; baseline 0.001 -21"><span class='ocrx_word' id='word_1_214' title='bbox 170 2008 378 2064; x_wconf 80' lang='lat' dir='ltr'>amplexa,</span> <span class='ocrx_word' id='word_1_215' title='bbox 410 2010 622 2062; x_wconf 75' lang='lat' dir='ltr'>maritum,</span> <span class='ocrx_word' id='word_1_216' title='bbox 656 2012 916 2066; x_wconf 87' lang='lat' dir='ltr'>capessende</span> <span class='ocrx_word' id='word_1_217' title='bbox 933 2012 1143 2055; x_wconf 85' lang='lat' dir='ltr'>libertatis</span> <span class='ocrx_word' id='word_1_218' title='bbox 1165 2010 1456 2059; x_wconf 82' lang='lat' dir='ltr'>ammonitum,</span> <span class='ocrx_word' id='word_1_219' title='bbox 1487 2017 1618 2070; x_wconf 40' lang='lat' dir='ltr'>nqua-</span> 
     </span>
     <span class='ocr_line' id='line_1_38' title="bbox 168 2068 1618 2125; baseline -0.001 -18"><span class='ocrx_word' id='word_1_220' title='bbox 168 2081 261 2108; x_wconf 90' lang='lat' dir='ltr'>rum</span> <span class='ocrx_word' id='word_1_221' title='bbox 312 2081 452 2109; x_wconf 88' lang='lat' dir='ltr'>rerum</span> <span class='ocrx_word' id='word_1_222' title='bbox 506 2068 810 2112; x_wconf 82' lang='lat' dir='ltr'>exhortacione</span> <span class='ocrx_word' id='word_1_223' title='bbox 863 2071 1080 2123; x_wconf 86' lang='lat' dir='ltr'>sollicitat,</span> <span class='ocrx_word' id='word_1_224' title='bbox 1136 2071 1373 2125; x_wconf 84' lang='lat' dir='ltr'>filiumque,</span> <span class='ocrx_word' id='word_1_225' title='bbox 1424 2077 1618 2106; x_wconf 80' lang='lat' dir='ltr'>maxnnls</span> 
     </span>
     <span class='ocr_line' id='line_1_39' title="bbox 169 2125 1621 2187; baseline 0.001 -22"><span class='ocrx_word' id='word_1_226' title='bbox 169 2125 415 2168; x_wconf 89' lang='lat' dir='ltr'>muneribus</span> <span class='ocrx_word' id='word_1_227' title='bbox 446 2129 676 2182; x_wconf 70' lang='lat' dir='ltr'>promissis,</span> <span class='ocrx_word' id='word_1_228' title='bbox 711 2127 904 2171; x_wconf 84' lang='lat' dir='ltr'>Suetiam</span> <span class='ocrx_word' id='word_1_229' title='bbox 937 2130 1127 2171; x_wconf 89' lang='lat' dir='ltr'>arcessiri</span> <span class='ocrx_word' id='word_1_230' title='bbox 1158 2133 1288 2171; x_wconf 87' lang='lat' dir='ltr'>curat.</span> <span class='ocrx_word' id='word_1_231' title='bbox 1335 2126 1405 2167; x_wconf 86' lang='lat' dir='ltr'>Ita</span> <span class='ocrx_word' id='word_1_232' title='bbox 1436 2135 1621 2187; x_wconf 56' lang='lat' dir='ltr'>namque</span> 
     </span>
     <span class='ocr_line' id='line_1_40' title="bbox 170 2181 1621 2242; baseline -0.003 -19"><span class='ocrx_word' id='word_1_233' title='bbox 170 2197 215 2224; x_wconf 91' lang='lat' dir='ltr'>se</span> <span class='ocrx_word' id='word_1_234' title='bbox 246 2184 359 2225; x_wconf 91' lang='lat' dir='ltr'>uotis</span> <span class='ocrx_word' id='word_1_235' title='bbox 381 2185 564 2228; x_wconf 83' lang='lat' dir='ltr'>maxime</span> <span class='ocrx_word' id='word_1_236' title='bbox 584 2186 815 2242; x_wconf 90' lang='lat' dir='ltr'>potituram</span> <span class='ocrx_word' id='word_1_237' title='bbox 839 2188 1052 2238; x_wconf 86' lang='lat' dir='ltr'>credebat,</span> <span class='ocrx_word' id='word_1_238' title='bbox 1085 2188 1134 2241; x_wconf 86' lang='lat' dir='ltr'>si,</span> <span class='ocrx_word' id='word_1_239' title='bbox 1167 2187 1252 2228; x_wconf 86' lang='lat' dir='ltr'>filio</span> <span class='ocrx_word' id='word_1_240' title='bbox 1286 2197 1437 2227; x_wconf 86' lang='lat' dir='ltr'>aurum</span> <span class='ocrx_word' id='word_1_241' title='bbox 1459 2181 1621 2223; x_wconf 83' lang='lat' dir='ltr'>uictricl</span> 
     </span>
     <span class='ocr_line' id='line_1_41' title="bbox 170 2241 1619 2303; baseline -0.004 -21"><span class='ocrx_word' id='word_1_242' title='bbox 170 2246 311 2296; x_wconf 89' lang='lat' dir='ltr'>nacto,</span> <span class='ocrx_word' id='word_1_243' title='bbox 333 2243 473 2297; x_wconf 86' lang='lat' dir='ltr'>regias</span> <span class='ocrx_word' id='word_1_244' title='bbox 493 2257 594 2300; x_wconf 90' lang='lat' dir='ltr'>opes</span> <span class='ocrx_word' id='word_1_245' title='bbox 611 2244 813 2299; x_wconf 88' lang='lat' dir='ltr'>fugiendo</span> <span class='ocrx_word' id='word_1_246' title='bbox 832 2246 1082 2300; x_wconf 86' lang='lat' dir='ltr'>conuellere,</span> <span class='ocrx_word' id='word_1_247' title='bbox 1105 2246 1327 2300; x_wconf 86' lang='lat' dir='ltr'>uirumque</span> <span class='ocrx_word' id='word_1_248' title='bbox 1349 2256 1436 2284; x_wconf 89' lang='lat' dir='ltr'>non</span> <span class='ocrx_word' id='word_1_249' title='bbox 1457 2241 1619 2303; x_wconf 81' lang='lat' dir='ltr'>tantum</span> 
     </span>
     <span class='ocr_line' id='line_1_42' title="bbox 171 2299 1619 2360; baseline -0.003 -20"><span class='ocrx_word' id='word_1_250' title='bbox 171 2299 307 2351; x_wconf 88' lang='lat' dir='ltr'>thoro,</span> <span class='ocrx_word' id='word_1_251' title='bbox 341 2301 413 2342; x_wconf 89' lang='lat' dir='ltr'>sed</span> <span class='ocrx_word' id='word_1_252' title='bbox 447 2302 580 2344; x_wconf 89' lang='lat' dir='ltr'>eciam</span> <span class='ocrx_word' id='word_1_253' title='bbox 611 2304 790 2359; x_wconf 87' lang='lat' dir='ltr'>pecunia</span> <span class='ocrx_word' id='word_1_254' title='bbox 821 2304 1018 2346; x_wconf 88' lang='lat' dir='ltr'>fraudare</span> <span class='ocrx_word' id='word_1_255' title='bbox 1047 2304 1270 2360; x_wconf 90' lang='lat' dir='ltr'>potuisset.</span> <span class='ocrx_word' id='word_1_256' title='bbox 1324 2300 1475 2356; x_wconf 89' lang='lat' dir='ltr'>Neque</span> <span class='ocrx_word' id='word_1_257' title='bbox 1508 2308 1619 2338; x_wconf 88' lang='lat' dir='ltr'>emm</span> 
     </span>
    </p>
   </div>
   <div class='ocr_carea' id='block_1_10' title="bbox 169 2356 1678 2418">
    <p class='ocr_par' dir='ltr' id='par_1_11' title="bbox 169 2356 1678 2418">
     <span class='ocr_line' id='line_1_43' title="bbox 169 2356 1678 2418; baseline -0.004 -20"><span class='ocrx_word' id='word_1_258' title='bbox 169 2358 397 2401; x_wconf 83' lang='lat' dir='ltr'>auariciam</span> <span class='ocrx_word' id='word_1_259' title='bbox 428 2359 513 2402; x_wconf 85' lang='lat' dir='ltr'>ullo</span> <span class='ocrx_word' id='word_1_260' title='bbox 544 2361 716 2416; x_wconf 86' lang='lat' dir='ltr'>melius,</span> <span class='ocrx_word' id='word_1_261' title='bbox 758 2376 885 2417; x_wconf 89' lang='lat' dir='ltr'>quam</span> <span class='ocrx_word' id='word_1_262' title='bbox 916 2377 1044 2418; x_wconf 88' lang='lat' dir='ltr'>opum</span> <span class='ocrx_word' id='word_1_263' title='bbox 1075 2358 1382 2417; x_wconf 82' lang='lat' dir='ltr'>subtralccione</span> <span class='ocrx_word' id='word_1_264' title='bbox 1413 2356 1618 2398; x_wconf 86' lang='lat' dir='ltr'>mulctan-</span> <span class='ocrx_word' id='word_1_265' title='bbox 1672 2385 1678 2393; x_wconf 92' lang='lat'>.</span> 
     </span>
    </p>
   </div>
   <div class='ocr_carea' id='block_1_11' title="bbox 171 2410 1620 2650">
    <p class='ocr_par' dir='ltr' id='par_1_12' title="bbox 171 2410 1620 2650">
     <span class='ocr_line' id='line_1_44' title="bbox 173 2410 1620 2476; baseline -0.003 -20"><span class='ocrx_word' id='word_1_266' title='bbox 173 2415 268 2456; x_wconf 87' lang='lat' dir='ltr'>dam</span> <span class='ocrx_word' id='word_1_267' title='bbox 300 2417 493 2471; x_wconf 86' lang='lat' dir='ltr'>putabat.</span> <span class='ocrx_word' id='word_1_268' title='bbox 557 2418 688 2461; x_wconf 83' lang='lat' dir='ltr'>Cuius</span> <span class='ocrx_word' id='word_1_269' title='bbox 731 2419 818 2461; x_wconf 90' lang='lat' dir='ltr'>doli</span> <span class='ocrx_word' id='word_1_270' title='bbox 856 2420 1147 2476; x_wconf 81' lang='lat' dir='ltr'>profunditas,</span> <span class='ocrx_word' id='word_1_271' title='bbox 1188 2421 1239 2461; x_wconf 90' lang='lat' dir='ltr'>ab</span> <span class='ocrx_word' id='word_1_272' title='bbox 1277 2416 1431 2460; x_wconf 83' lang='lat' dir='ltr'>intimis</span> <span class='ocrx_word' id='word_1_273' title='bbox 1462 2410 1620 2455; x_wconf 87' lang='lat' dir='ltr'>astucie</span> 
     </span>
     <span class='ocr_line' id='line_1_45' title="bbox 171 2467 1618 2532; baseline 0.006 -18"><span class='ocrx_word' id='word_1_274' title='bbox 171 2473 307 2515; x_wconf 89' lang='lat' dir='ltr'>modis</span> <span class='ocrx_word' id='word_1_275' title='bbox 338 2475 537 2530; x_wconf 87' lang='lat' dir='ltr'>profecta,</span> <span class='ocrx_word' id='word_1_276' title='bbox 574 2477 689 2518; x_wconf 90' lang='lat' dir='ltr'>haud</span> <span class='ocrx_word' id='word_1_277' title='bbox 722 2476 844 2520; x_wconf 88' lang='lat' dir='ltr'>facile</span> <span class='ocrx_word' id='word_1_278' title='bbox 879 2493 932 2521; x_wconf 82' lang='lat' dir='ltr'>ex</span> <span class='ocrx_word' id='word_1_279' title='bbox 963 2479 1045 2520; x_wconf 92' lang='lat' dir='ltr'>hoc</span> <span class='ocrx_word' id='word_1_280' title='bbox 1076 2477 1255 2520; x_wconf 83' lang='lat' dir='ltr'>discerni</span> <span class='ocrx_word' id='word_1_281' title='bbox 1286 2476 1468 2532; x_wconf 66' lang='lat' dir='ltr'>poterat,</span> <span class='ocrx_word' id='word_1_282' title='bbox 1504 2467 1618 2526; x_wconf 77' lang='lat' dir='ltr'>quod</span> 
     </span>
     <span class='ocr_line' id='line_1_46' title="bbox 173 2527 1620 2592; baseline -0.003 -20"><span class='ocrx_word' id='word_1_283' title='bbox 173 2533 442 2586; x_wconf 85' lang='lat' dir='ltr'>permutandi</span> <span class='ocrx_word' id='word_1_284' title='bbox 474 2534 582 2576; x_wconf 88' lang='lat' dir='ltr'>thori</span> <span class='ocrx_word' id='word_1_285' title='bbox 617 2535 804 2577; x_wconf 89' lang='lat' dir='ltr'>studium</span> <span class='ocrx_word' id='word_1_286' title='bbox 835 2536 1031 2579; x_wconf 87' lang='lat' dir='ltr'>affectate</span> <span class='ocrx_word' id='word_1_287' title='bbox 1062 2536 1268 2578; x_wconf 86' lang='lat' dir='ltr'>libertatis</span> <span class='ocrx_word' id='word_1_288' title='bbox 1299 2531 1481 2587; x_wconf 85' lang='lat' dir='ltr'>imagine</span> <span class='ocrx_word' id='word_1_289' title='bbox 1510 2527 1620 2592; x_wconf 48' lang='lat' dir='ltr'>colo:</span> 
     </span>
     <span class='ocr_line' id='line_1_47' title="bbox 172 2585 1619 2650; baseline -0.005 -19"><span class='ocrx_word' id='word_1_290' title='bbox 172 2589 308 2633; x_wconf 87' lang='lat' dir='ltr'>rabat.</span> <span class='ocrx_word' id='word_1_291' title='bbox 384 2590 536 2633; x_wconf 85' lang='lat' dir='ltr'>Cecam</span> <span class='ocrx_word' id='word_1_292' title='bbox 579 2593 659 2634; x_wconf 89' lang='lat' dir='ltr'>uiri</span> <span class='ocrx_word' id='word_1_293' title='bbox 699 2598 901 2646; x_wconf 82' lang='lat' dir='ltr'>mentem,</span> <span class='ocrx_word' id='word_1_294' title='bbox 945 2609 1029 2650; x_wconf 89' lang='lat' dir='ltr'>que</span> <span class='ocrx_word' id='word_1_295' title='bbox 1070 2598 1246 2636; x_wconf 85' lang='lat' dir='ltr'>matrem</span> <span class='ocrx_word' id='word_1_296' title='bbox 1287 2593 1512 2634; x_wconf 86' lang='lat' dir='ltr'>aduersum</span> <span class='ocrx_word' id='word_1_297' title='bbox 1546 2585 1619 2626; x_wconf 84' lang='lat' dir='ltr'>filu</span> 
     </span>
    </p>
   </div>
   <div class='ocr_carea' id='block_1_12' title="bbox 40 2642 1618 2708">
    <p class='ocr_par' dir='ltr' id='par_1_13' title="bbox 40 2642 1618 2708">
     <span class='ocr_line' id='line_1_48' title="bbox 40 2642 1618 2708; baseline -0.002 -22"><span class='ocrx_word' id='word_1_298' title='bbox 40 2683 44 2687; x_wconf 76' lang='grc'>,</span> <span class='ocrx_word' id='word_1_299' title='bbox 105 2659 143 2687; x_wconf 75' lang='lat'>40</span> <span class='ocrx_word' id='word_1_300' title='bbox 175 2651 302 2705; x_wconf 87' lang='lat' dir='ltr'>caput</span> <span class='ocrx_word' id='word_1_301' title='bbox 334 2649 543 2696; x_wconf 78' lang='lat' dir='ltr'>exarsisse</span> <span class='ocrx_word' id='word_1_302' title='bbox 585 2652 774 2708; x_wconf 87' lang='lat' dir='ltr'>putauit,</span> <span class='ocrx_word' id='word_1_303' title='bbox 817 2667 894 2696; x_wconf 85' lang='lat' dir='ltr'>nec</span> <span class='ocrx_word' id='word_1_304' title='bbox 925 2667 1044 2696; x_wconf 82' lang='lat' dir='ltr'>suan]</span> <span class='ocrx_word' id='word_1_305' title='bbox 1075 2652 1222 2708; x_wconf 85' lang='lat' dir='ltr'>pocius</span> <span class='ocrx_word' id='word_1_306' title='bbox 1254 2649 1358 2693; x_wconf 87' lang='lat' dir='ltr'>strui</span> <span class='ocrx_word' id='word_1_307' title='bbox 1391 2642 1618 2708; x_wconf 89' lang='lat' dir='ltr'>perniciem</span> 
     </span>
    </p>
   </div>
   <div class='ocr_carea' id='block_1_13' title="bbox 1641 676 1711 711">
    <p class='ocr_par' dir='ltr' id='par_1_14' title="bbox 1641 676 1711 711">
     <span class='ocr_line' id='line_1_49' title="bbox 1641 676 1711 711; baseline -0.029 0"><span class='ocrx_word' id='word_1_308' title='bbox 1641 676 1711 711; x_wconf 81' lang='lat'>(29)</span> 
     </span>
    </p>
   </div>
   <div class='ocr_carea' id='block_1_14' title="bbox 1642 792 1720 826">
    <p class='ocr_par' dir='ltr' id='par_1_15' title="bbox 1642 792 1720 826">
     <span class='ocr_line' id='line_1_50' title="bbox 1642 792 1720 826; baseline 0.026 -8"><span class='ocrx_word' id='word_1_309' title='bbox 1642 802 1668 826; x_wconf 79' lang='lat' dir='ltr'>p.</span> <span class='ocrx_word' id='word_1_310' title='bbox 1687 792 1720 820; x_wconf 84' lang='grc'>83</span> 
     </span>
    </p>
   </div>
  </div>
 </body>
</html>
