1884 3126
86 921 124 950 10

87 1212 124 1241 15

85 1503 124 1531 20

83 2085 120 2113 30

83 2374 120 2402 35

84 2662 121 2693 40

710 284 761 291 —
819 260 932 304 XVI
993 287 1039 292 —
1513 266 1597 309 663

158 389 289 440 ratus,
311 386 607 442 Bugiszlauum
642 387 849 443 quendam
881 389 1014 445 legati
1035 391 1203 433 nomine
1226 390 1421 434 Cesarem
1453 396 1597 448 petere

156 444 291 495 iubet,
322 445 391 500 qui
422 448 585 485 tantum
618 459 642 486 a
673 459 717 487 se
751 447 984 489 exercitum
1027 448 1252 491 aduersum
1287 450 1469 492 Daniarn
1499 465 1596 493 con-

159 506 341 544 tractum
372 503 605 556 nunciaret,
647 507 694 544 ut
724 502 916 546 dubitare
949 519 1032 547 non
1064 507 1218 560 possit,
1251 508 1350 564 quin
1384 508 1596 562 Kanutus,

159 560 381 602 resistendi
413 560 568 602 fiducia
602 560 806 615 defectus,
839 575 962 616 quam
987 564 1184 606 citissime
1204 565 1397 607 Romano
1420 580 1464 608 se
1485 566 1598 609 foret

155 618 332 673 imperio
376 617 624 661 traditurus.
693 619 939 660 Delectatus
981 622 1186 676 promisso
1231 622 1382 676 Cesar,
1423 624 1595 666 laudato

157 676 428 732 Bogiszlauo,
459 676 652 731 legatum
683 678 966 732 imperatoriis
998 678 1115 721 donis
1145 682 1431 736 prosequitur.
1492 681 1596 724 Iari-

155 749 298 776 marus
339 739 426 776 tam
465 734 594 776 subiti
635 735 923 791 inopinatique
958 737 1054 778 belli
1085 737 1197 779 fama
1235 740 1478 793 perculsus,
1509 739 1597 781 Ab·

155 793 290 835 saloni
333 793 374 834 in
422 792 636 835 Sialandia
682 806 726 834 se
772 794 999 836 continenti
1043 795 1378 850 magnitudinem
1422 797 1598 852 periculi

156 851 353 906 Rugiane
396 851 513 906 genti
560 851 816 893 imminentis
866 852 1309 909 propinquitatemque
1360 854 1594 898 denunciat.

156 909 238 958 Qui
269 909 461 964 protinus
491 908 779 963 festinacione,
812 914 970 964 quanta
1001 911 1208 953 sociorum
1232 913 1596 966 expugnacionem

156 967 344 1023 precurri
389 967 625 1023 oportebat,
658 967 894 1019 accinctus,
934 968 1070 1010 missis
1110 982 1187 1024 per
1218 968 1470 1011 Sialandiam
1512 971 1597 1026 epi-

155 1025 288 1077 stolis,
317 1039 485 1068 omnem
518 1029 675 1067 etatem
707 1025 831 1066 armis
866 1026 1047 1067 habilem
1090 1027 1132 1067 in
1165 1027 1342 1068 classem
1385 1028 1596 1070 confluere

156 1083 291 1125 iussit.
323 1082 511 1126 Minores
527 1088 640 1125 rates
657 1083 898 1137 maioribus,
924 1085 1136 1125 onerarias
1162 1084 1168 1137 Ι
1195 1085 1380 1139 piraticis
1401 1086 1591 1138 sociauit,

155 1141 353 1198 plebique
384 1140 554 1183 demum
585 1155 633 1183 ac
676 1141 886 1182 nobilitati
915 1142 1202 1197 promiscuum
1234 1143 1595 1198 corripiendarum

154 1200 327 1241 nauium
360 1214 486 1241 usum
517 1200 739 1241 concessit.
800 1199 966 1242 Eodem
1006 1199 1131 1241 edicti
1170 1214 1329 1254 genere
1362 1202 1595 1242 coniunctis

157 1257 371 1300 Sialandie
411 1258 558 1299 insulis
602 1257 869 1313 imperatum.
942 1257 998 1298 At
1029 1257 1322 1300 Fioniensibus
1369 1258 1597 1314 Scanisque

156 1319 323 1358 sextum
354 1316 465 1357 intra
497 1315 607 1357 diem
638 1315 850 1371 prefixum
881 1320 1051 1371 portum
1072 1321 1230 1370 petere,
1263 1316 1420 1370 alioqui
1452 1330 1597 1371 super-

155 1374 304 1416 sedere
334 1373 521 1426 iussumt,
567 1387 705 1429 neque
750 1374 860 1416 enim
892 1374 1115 1415 ulteriores
1154 1375 1375 1429 apparatui
1405 1374 1596 1416 inducias

155 1432 395 1474 conuenire.
447 1431 567 1474 Adeo
599 1436 741 1473 autem
762 1432 803 1472 in
828 1431 903 1484 his,
930 1431 1079 1487 quibus
1105 1431 1393 1486 expedicionis
1416 1432 1595 1474 societas

153 1489 356 1532 mandata
385 1489 535 1541 fuerat,
559 1489 819 1546 obsequendi
841 1489 1078 1531 sollicitudo
1101 1489 1321 1544 flagrabat,
1354 1494 1401 1530 ut
1425 1490 1595 1544 egregio

155 1548 385 1590 alacritatis
419 1549 648 1590 certamine
678 1547 955 1589 constitutum
988 1547 1067 1588 sibi
1088 1551 1254 1602 tempus
1277 1551 1351 1588 aut
1371 1547 1597 1602 implerent

155 1611 231 1648 aut
279 1612 618 1662 precurrerent.-
666 1605 886 1655 Kanuturn
928 1620 1053 1658 uero,
1097 1605 1264 1647 tametsi
1309 1606 1508 1646 nuncium
1555 1606 1596 1647 in

153 1664 265 1706 Iutia
295 1665 548 1719 recepisset,
582 1666 731 1717 ingens
762 1664 951 1705 locorum
985 1663 1187 1705 distancia
1219 1663 1458 1704 denunciati
1490 1668 1593 1704 tem-

155 1724 269 1778 poris
301 1723 505 1778 angustiis
546 1722 756 1777 permixta
786 1721 1029 1764 Absalonici
1071 1722 1207 1776 operis
1242 1725 1477 1763 consortem
1510 1721 1595 1762 exi-

151 1786 263 1822 stere
295 1794 378 1822 non
410 1781 669 1835 paciebatur.
735 1779 823 1822 Sex
863 1779 974 1821 solas
1005 1793 1137 1820 naues
1168 1777 1365 1828 Fionia,*
1397 1782 1592 1832 quatuor-

154 1838 287 1880 decim
304 1839 470 1891 Scania,
488 1839 638 1880 ceteris
657 1838 855 1879 tarditate
878 1837 1101 1892 impeditis,
1119 1837 1359 1878 transmisit.
1408 1836 1595 1883 Quarum

151 1897 324 1952 insignis
367 1897 559 1951 paucitas
604 1897 727 1951 culpe
766 1895 953 1938 obnoxia
998 1895 1130 1936 uideri
1171 1894 1400 1950 potuisset,
1444 1894 1477 1935 si
1509 1908 1596 1935 non

152 1955 471 2010 longinquitatis
502 1955 737 2010 patrocinio
771 1953 1083 1995 defenderetur.
1135 1951 1473 1994 Penthecostalis
1495 1950 1593 1992 festi

152 2013 417 2068 peruigilium
451 2019 553 2064 erat,
587 2013 757 2068 quando
790 2011 1126 2066 prenominatum
1169 2011 1306 2051 sinum
1337 2009 1592 2050 Absalonica

152 2071 294 2113 classis
326 2071 491 2113 inierat.
552 2070 715 2112 Eadem
747 2070 829 2122 die,
860 2069 1014 2124 nequid
1038 2069 1207 2123 segnius
1229 2074 1303 2109 aut
1325 2067 1593 2109 cunctancius

152 2133 382 2183 gereretur.
414 2129 599 2184 Hythim‘
627 2129 809 2170 insulam
841 2126 1085 2179 adnauigari
1118 2130 1302 2167 curatur.
1363 2125 1455 2166 Illic
1477 2124 1592 2165 obuii

151 2187 448 2242 Rugianorum
471 2187 611 2228 nuncii
633 2185 951 2242 prestolandum
975 2185 1143 2236 docent,
1167 2183 1305 2239 quoad
1330 2182 1424 2224 sciri
1446 2182 1591 2236 possit,

151 2245 194 2285 in
235 2258 361 2300 quam
396 2245 578 2299 Rugiani
621 2245 699 2287 soli
741 2243 934 2298 partem}
964 2242 1123 2283 hostilis
1165 2241 1344 2295 irrupcio
1384 2239 1594 2281 tenderet.

151 2302 245 2345 Iam
276 2303 384 2344 enim
409 2303 664 2357 Bogiszlauo
697 2302 750 2343 ad
776 2302 958 2343 insulam
980 2299 1152 2341 Coztam
1184 2298 1324 2352 Rugie
1356 2302 1595 2351 pretentam

153 2374 246 2402 esse
278 2365 544 2416 peruentum.
608 2361 711 2413 Qui,
755 2372 993 2414 quanquam
1032 2357 1200 2397 hostilia
1241 2357 1322 2396 iam
1353 2368 1462 2410 pene
1493 2368 1593 2395 rura

152 2417 354 2473 pulsaret,
386 2433 468 2460 non
491 2419 745 2473 temper-anit
765 2417 855 2467 sibi,
888 2429 971 2471 quo
996 2416 1131 2456 minus
1153 2414 1428 2455 sobrietatem
1459 2411 1594 2453 effusa

154 2477 328 2530 crapule
358 2476 531 2518 licencia
562 2476 754 2517 uiolaret.
802 2474 938 2515 Tanta
969 2472 1173 2528 siquidem
1207 2471 1425 2526 epularum
1458 2468 1594 2510 indul-

153 2534 304 2589 gencia
346 2535 581 2576 exercitum
622 2534 726 2574 aluit
766 2546 814 2574 ac
855 2532 1061 2587 corrupit,
1093 2534 1139 2570 ut
1184 2528 1428 2570 conuiuium
1460 2526 1594 2578 magis

154 2606 280 2647 quam
322 2592 479 2633 bellurn
517 2592 740 2646 amplexus
783 2589 1010 2631 uideretur.
1072 2587 1234 2628 Verum
1266 2585 1451 2627 Absalon
1491 2598 1598 2625 nun-

154 2650 313 2693 ciorum
355 2650 525 2693 monitis
568 2650 813 2701 obsecutus,
846 2647 1009 2695 hisdem
1050 2648 1218 2707 postera
1256 2644 1352 2692 luce
1383 2641 1597 2703 regressis,

1646 1093 1744 1129 p.ffl0

1625 1784 1771 1814 CXOVF

1649 2246 1743 2283 μθἩ
