1884 3126
792 231 1062 273 -—V-—-
1568 238 1644 280 151

194 359 447 402 affirmabat.
524 358 698 410 Ericus,
738 373 839 403 uera
879 375 903 401 a
945 375 991 403 se
1023 361 1126 413 dici,
1164 365 1428 420 paruula-que
1471 366 1648 410 uictoria

196 418 367 460 maioris
399 433 523 460 omen
556 418 719 470 afferri,
752 419 997 473 respondit,
1039 420 1205 475 exiguis
1251 437 1351 477 sepe
1393 423 1520 465 rebus
1563 440 1649 468 ma-

194 491 374 532 gnarum
406 477 606 532 presagia
639 478 799 531 captari
832 482 1028 519 testatus.
1095 479 1258 533 Regem
1293 481 1445 523 deinde
1477 496 1647 525 manum

193 549 394 590 spargere
418 536 626 588 hortatus,
659 535 771 577 Iutie
807 535 1041 591 equitatum
1075 540 1242 580 terreno
1265 539 1475 593 proficisci
1497 540 1646 584 itinere

145 612 161 639 5
192 594 322 647 iubet,
346 593 510 649 reliqua
534 594 743 635 exercitus
765 599 885 649 parte
904 594 1113 635 marinum
1136 596 1309 637 ineunte
1333 598 1646 652 compendium.

193 651 331 693 Tanta
377 657 520 694 autem
572 652 841 706 nauigiorum
889 651 1139 707 frequencia
1185 669 1301 695 mare
1347 657 1646 711 compleuerat,

195 714 242 752 ut
272 724 349 751 nec
381 704 573 765 rece'ptui
604 715 753 765 portus
794 724 871 751 nec
915 711 1064 752 castris
1106 711 1248 753 littora
1289 718 1364 754 aut
1408 717 1648 757 commeati-

196 769 273 810 bus
312 769 503 824 impense
543 772 832 823 suppeterent.
905 767 1155 811 Te1·restris²'⁸
1194 774 1334 811 autem
1375 772 1484 816 acies
1525 778 1642 816 tanta

193 827 325 868 fuisse
368 828 522 879 fertur,
565 832 616 868 ¹ut
662 826 901 881 compendii
947 828 1089 881 gracia
1130 829 1422 885 complanasse
1471 835 1645 884 montes,

128 904 162 930 10
195 885 396 927 meabiles
439 885 628 926 effecisse
661 885 867 940 paludes,
914 886 1089 926 lacunas
1135 887 1363 942 aggeribus
1399 903 1646 944 exequasse,

196 942 542 999 uastissimasque
576 945 804 998 uoragines
836 943 1003 985 iniectis
1036 945 1219 986 molibus
1244 947 1440 1000 explesse
1472 946 1646 989 dicatur.

335 1002 505 1044 Interea
539 1000 752 1055 Strunico,
786 1002 1036 1043 Sclauorum
1070 1016 1184 1057 rege,
1225 1003 1320 1044 belli
1352 1004 1540 1046 inducias
1572 1019 1648 1060 per

194 1059 357 1114 legatos
389 1064 580 1114 petente,
614 1060 778 1102 Frotho
813 1066 980 1115 tempus
1006 1062 1232 1116 apparatui
1264 1067 1404 1117 negat,
1432 1062 1646 1105 affirmans

196 1118 361 1160 hostem
395 1118 573 1159 induciis
615 1119 767 1160 instrui
808 1133 893 1160 non
927 1126 1137 1174 oportere.
1200 1120 1402 1162 Preterea
1447 1120 1647 1163 hactenus

124 1196 159 1222 15
191 1191 235 1218 se
271 1177 524 1219 bellicorum
559 1191 734 1231 operum
772 1182 991 1232 expertem
1017 1178 1187 1231 uixisse,
1220 1192 1298 1219 nec
1322 1178 1478 1232 deb-ere
1500 1194 1647 1221 eorum

194 1235 316 1276 inicia
348 1236 523 1290 ancipiti
555 1249 695 1277 rerum
728 1235 1035 1291 expectacione
1068 1235 1350 1291 suspendere,
1389 1237 1502 1292 quod
1536 1238 1647 1292 quis-

194 1293 286 1348 quis
333 1294 513 1349 primam
560 1293 740 1335 feliciter
788 1294 984 1335 miliciam
1033 1295 1237 1348 gesserit,
1284 1295 1548 1337 consimilem
1595 1295 1646 1337 de

195 1356 336 1393 cetero
399 1352 615 1394 fortunam
671 1366 840 1407 sperare
896 1352 1042 1407 possit.
1119 1352 1222 1393 Tale
1278 1353 1388 1394 enim
1449 1367 1645 1409 querique

194 1423 316 1451 omen
366 1410 611 1452 habiturum
658 1424 825 1466 pugne,
878 1410 1002 1465 quale
1047 1411 1396 1465 congressionum
1442 1412 1642 1467 principia

131 1484 169 1511 20
200 1467 415 1519 dederint,
466 1483 559 1510 cum
612 1469 798 1510 iniciales
852 1469 1060 1510 bellorum
1107 1482 1325 1510 successus
1373 1471 1645 1524 sequentibus

198 1528 377 1580 augurio
400 1526 414 1580 11
437 1526 527 1582 fore
560 1528 739 1580 soleant.
786 1526 936 1568 Ericus
969 1528 1157 1582 responsi
1181 1527 1455 1582 prudenciam
1487 1527 1645 1581 laudat,

194 1584 434 1638 affirmans,
466 1585 525 1627 ita
557 1585 706 1626 ludum
736 1585 838 1626 foris
871 1585 938 1638 agi
970 1590 1184 1640 oportere,
1220 1590 1345 1640 prout
1377 1585 1486 1627 domi
1517 1586 1646 1627 fuerit

193 1642 441 1695 inchoatus,
489 1643 635 1686 Danos
676 1658 700 1684 a
744 1643 906 1685 Sclauis
959 1648 1217 1698 prouocatos
1258 1658 1351 1685 esse
1396 1643 1645 1697 significans.

196 1700 320 1748 Quod
363 1700 521 1743 dictum
564 1702 768 1743 acerrimo
811 1702 942 1757 prelio
986 1705 1255 1757 prosecutus,
1306 1701 1500 1743 Strunico
1550 1715 1645 1742 cum

124 1776 161 1802 25
193 1760 330 1813 gentis
362 1773 437 1800 sue
468 1759 708 1801 fortissimis
738 1759 978 1812 interfecto,
1011 1757 1214 1815 relsiduos
1237 1759 1277 1800 in
1310 1759 1440 1800 fidem
1462 1760 1638 1814 accepit.

194 1816 303 1858 Tum
335 1817 496 1859 Frotho
529 1818 774 1860 conuocatis
807 1817 969 1859 Sclauis
1014 1832 1089 1873 per
1127 1831 1355 1873 preconem
1386 1817 1538 1870 edixit,
1585 1821 1643 1870 ut,

193 1875 302 1930 siqui
343 1876 451 1917 inter
495 1891 565 1918 eos
605 1877 752 1931 rapine
793 1880 866 1917 aut
906 1876 1020 1917 furto
1063 1876 1372 1928 assueuissent,
1415 1876 1528 1916 ocius
1571 1889 1643 1916 ex-

192 1932 467 1980 hiberentur,
497 1935 774 1990 promittenS,
808 1948 853 1975 se
884 1935 1033 1975 talium
1065 1949 1204 1975 mores
1237 1934 1381 1988 primis
1413 1932 1643 1975 honoribus

193 1990 463 2034 donaturum.
528 1991 655 2034 lussit
688 1993 848 2043 eciam,
880 1998 942 2046 ut,
974 1993 1214 2047 quicunque
1247 1991 1454 2032 malarum
1485 1991 1643 2032 arcium

123 2065 160 2092 30
191 2049 340 2090 studiis
394 2050 658 2102 calluissent,
719 2051 882 2106 premia
932 2051 1142 2104 recepturi
1188 2049 1426 2105 ⁴prodirent.
1509 2049 1642 2089 Grata

193 2106 355 2148 Sclauis
388 2109 611 2162 promissio
642 2108 737 2150 fuit.
787 2108 916 2150 Cuius
944 2123 1062 2163 spem
1091 2107 1263 2164 quidam
1295 2107 1486 2162 cupidius
1518 2120 1642 2162 quam

192 2165 503 2208 consideracius
535 2167 680 2215 secuti,
710 2167 825 2221 prius
858 2166 1082 2222 prodidere
1124 2181 1167 2208 se
1195 2167 1322 2221 ipsos,
1354 2179 1480 2220 quam
1502 2164 1640 2205 alieno

191 2227 367 2278 possent
398 2224 550 2266 indicio
572 2224 788 2266 declarari.
837 2225 954 2272 Quos
977 2229 1095 2265 tanta
1115 2225 1219 2265 lucri
1253 2223 1459 2278 cupiditas
1480 2221 1641 2272 fefellit,

0 2298 13 2325 ιι
191 2286 250 2333 ut,
274 2282 471 2323 ruborem
490 2284 659 2337 questui
673 2287 991 2338 postponentes,
1013 2283 1168 2323 crimen
1186 2297 1259 2337 pro
1277 2281 1412 2335 gloria
1430 2280 1640 2321 ducerent.

120 2354 157 2383 35
190 2339 353 2387 Quibus
387 2347 538 2395 sponte
572 2341 785 2394 exhibitis,
822 2340 1011 2395 Halin]c,
1044 2340 1200 2395 inquit,
1233 2339 1387 2391 Sclaui,
1420 2353 1496 2379 uos
1528 2338 1639 2392 ipsos

190 2398 370 2451 patriam
403 2403 522 2453 peste
566 2399 844 2440 uacuefacere
889 2399 1100 2440 conuenit.
1133 2397 1459 2450 'Continuoque
1501 2410 1573 2436 eos
1617 2410 1641 2435 a

191 2455 409 2497 lictoribus
452 2456 588 2511 abripi
634 2457 771 2498 iussos
812 2457 853 2498 in
894 2457 1120 2498 altissimas
1151 2468 1294 2500 ,cruces
1327 2454 1482 2494 ciuium
1513 2466 1640 2493 manu

191 2513 465 2568 subfigendos
498 2514 675 2556 curauit.
722 2514 874 2556 Plures
898 2529 921 2555 a
943 2513 1212 2569 paucioribus
1234 2512 1405 2566 punitos
1430 2509 1636 2551 crederes.

190 2571 258 2612 Ita
290 2571 428 2612 callidi
461 2572 619 2625 ingenii
651 2586 750 2626 rex,
797 2572 897 2613 dum
928 2572 1111 2621 ueniam,
1143 2584 1269 2625 quam
1299 2568 1420 2609 uictis
1453 2567 1640 2609 hostibus

124 2642 159 2670 40
192 2628 362 2684 tribuit,
414 2629 570 2672 crimen
616 2630 823 2672 confessis
869 2630 1065 2684 negauit,
1118 2633 1250 2670 totam
1296 2639 1404 2681 pene
1451 2624 1640 2667 Sclauice

1684 771 1808 802 Khvla

1718 1535 1787 1568 (85)

1678 1777 1704 1800 p.
1738 1769 1788 1795 ‘225
