1884 3126
752 249 803 256 —
868 224 940 267 III
999 250 1054 256 —
1362 196 1364 200 ι
1577 234 1625 275 71

179 352 378 396 dimentis
423 352 648 405 obfusum,
694 351 812 395 haud
855 330 980 396 facile
1020 355 1269 399 mortalibus
1311 362 1459 413 patere
1490 373 1629 415 posse.

111 465 115 468 .
177 412 385 455 Maiorem
419 411 629 467 siquidem
670 411 832 453 itineris
865 416 1025 467 partem
1059 413 1251 456 inusitati
1282 414 1452 471 frigoris
1474 417 1516 459 ui
1535 433 1630 474 per-

110 894 144 922 10

109 1186 143 1215 15

106 2062 143 2090 30

106 2353 143 2381 35

106 2642 143 2670 40

178 471 345 513 enniter
389 469 586 513 obsideri.
649 469 777 511 Iubet
818 470 987 525 itaque,
1029 472 1167 513 ceruis
1208 473 1419 528 iugalibus
1462 489 1628 518 currum

176 530 384 581 instruat,
422 529 541 571 cuius
574 528 793 570 celeritate
827 529 983 571 eximio
1016 529 1115 584 gelu
1147 530 1334 585 rigencia
1375 533 1476 588 iuga
1518 538 1630 576 tran-

177 587 366 631 scendat.
411 587 507 636 Quo
549 600 645 629 cum
684 587 957 642 peruenerit,
997 587 1319 631 tabernaculum
1361 605 1485 633 suum
1515 592 1575 634 ita
1605 608 1630 635 a

178 647 270 689 sole
303 660 503 688 auersum
535 645 778 699 constituat,
810 650 856 687 ut
889 645 1082 687 umbram
1115 661 1278 702 specus,
1313 649 1379 690 cui
1401 649 1628 706 Mimingus

177 705 454 758 assueuisset,
481 704 678 760 excipiat,
707 717 785 745 nec
805 704 944 760 ipsum
967 708 1114 746 mutua
1134 710 1275 748 tamen
1300 707 1629 750 obumbracione

177 764 411 819 contingat,
455 777 509 805 ne
543 762 745 818 Satyrum
787 762 957 804 insolite
1004 761 1286 819 obsculritatis
1331 766 1467 807 iactus
1511 767 1629 809 exitu

176 822 438 865 deturbaret.
521 821 589 863 Ita
639 820 847 862 armillam
901 835 1127 877 ensemque
1178 823 1220 864 in
1273 824 1472 879 expedito
1525 825 1629 878 fore,

175 895 355 937 quorum
386 880 568 922 alterum
602 893 750 936 opum,
784 879 964 922 alterum
996 880 1097 922 belli
1128 880 1299 923 fortuna
1332 883 1629 938 comitaretur,

176 940 220 981 in
267 944 451 995 utroque
496 940 648 994 ingens
692 939 933 993 possessori
977 939 1186 994 premium
1234 954 1340 983 esse.
1410 941 1629 984 Hactenus

177 999 390 1040 Geuarus.
452 996 544 1039 Nec
584 998 746 1039 inerter
786 996 1032 1049 Hotherus,
1078 1011 1160 1053 que
1201 997 1377 1054 abipso
1412 999 1629 1053 didicerat,

177 1061 398 1110 executus,
430 1055 707 1098 tabernaculo
741 1054 794 1096 ad
826 1055 1067 1110 predictum
1098 1056 1272 1098 modum
1303 1057 1468 1111 locato,
1500 1062 1629 1100 noctu

178 1129 325 1170 curas,
369 1113 555 1157 interdiu
598 1113 857 1156 uenaciones
904 1114 1072 1169 agebat.
1146 1113 1383 1171 Vtramque
1426 1117 1629 1171 temporis

174 1174 313 1216 uicem
354 1172 539 1229 peruigil
581 1172 885 1228 exsomnisque
917 1172 1124 1225 ducebat,
1165 1173 1221 1215 ita
1255 1173 1496 1216 discrimina
1526 1175 1630 1216 lucis

174 1233 397 1288 noctisque
438 1231 644 1287 partitus,
685 1235 733 1272 ut
773 1231 884 1272 hanc
923 1245 1065 1273 rerum
1106 1231 1629 1287 meditacioni'tribueret,

173 1291 289 1333 illam
322 1289 626 1332 conuectandis
660 1289 850 1344 corporis
883 1289 1094 1332 alimentis
1116 1290 1393 1346 impenderet.
1440 1290 1630 1347 Cumque

173 1349 285 1391 forte
301 1363 467 1406 pernox
484 1348 665 1390 attonita
683 1348 794 1389 curis
812 1352 953 1389 mente
970 1349 1281 1403 languesceret,
1305 1349 1629 1393 obumbrantem

174 1408 451 1450 tabernaculo
484 1420 560 1449 suo
594 1406 795 1463 Satyrum
827 1406 951 1448 hasta
980 1407 1152 1462 petiuit,
1201 1407 1486 1462 obrutumque
1518 1406 1629 1449 *ictu

106 1479 123 1505 ⁴2
175 1480 254 1508 nec
284 1467 386 1508 satis
409 1465 511 1520 fuge
531 1469 751 1521 potentem
783 1465 966 1506 uinculis
1001 1466 1240 1521 intercepit.
1292 1466 1451 1507 Vltima
1474 1466 1630 1508 deinde

175 1538 251 1580 per
273 1538 480 1581 summam
500 1524 731 1580 uerborum
753 1523 1021 1565 atrocitatem
1044 1524 1238 1576 minatus,
1262 1538 1404 1566 ensem
1428 1524 1629 1566 armillas-

175 1597 256 1638 que
290 1583 495 1639 deposcit.
538 1581 632 1625 Nec
663 1581 850 1636 segniter
882 1581 1061 1637 Satyrus
1094 1582 1240 1624 salutis
1272 1582 1627 1638 redempcionem,

176 1655 258 1696 que
289 1642 344 1684 ab
376 1642 468 1696 ipso
499 1640 753 1697 petebatur,
794 1639 1002 1682 exhibuit.
1064 1640 1186 1683 Adeo
1230 1641 1389 1683 cunctis
1434 1654 1477 1682 re
1513 1641 1630 1697 prior

175 1703 238 1742 est
268 1701 380 1753 uita,
423 1714 518 1742 cum
559 1699 663 1741 nihil
703 1698 821 1754 apud
852 1698 1052 1741 mortales
1094 1699 1243 1755 spiritu
1277 1700 1415 1741 carius
1447 1700 1629 1742 existere

106 1770 138 1797 ε’
174 1758 324 1800 soleat.
372 1757 607 1811 Hotherus,
641 1771 770 1814 opum
792 1756 1027 1812 adepcione
1049 1758 1219 1812 letatus,
1251 1758 1433 1813 patriam
1462 1757 1629 1813 repetit,

173 1817 336 1872 paucis,
368 1816 443 1859 sed
474 1815 710 1871 insignibus
743 1815 888 1871 spoliis
919 1815 1035 1858 felix,

315 1874 480 1923 Quibus
514 1889 612 1917 eum
647 1873 878 1928 Gelderus,
922 1873 1109 1916 Saxonie
1149 1886 1247 1926 reX,
1291 1875 1471 1929 potitum
1516 1887 1628 1916 com-

174 1933 356 1988 periens,
387 1934 541 1976 milites
572 1934 616 1975 in
645 1936 731 1974 tam
762 1932 937 1974 illustris
970 1933 1100 1988 prede
1133 1936 1303 1987 raptum
1350 1931 1500 1975 crebro
1531 1945 1629 1974 con-

175 1991 336 2034 citabat
356 1992 544 2034 hortatu.
587 1991 738 2033 Paruit
760 1991 965 2034 iuuentus
988 1992 1091 2046 regi,
1115 1994 1396 2047 properanter
1416 1991 1628 2032 instruens

174 2049 367 2093 classem.
432 2049 559 2099 Quod
592 2048 821 2106 preuidens
855 2049 1077 2100 Geuarus,
1116 2049 1270 2105 quippe
1303 2047 1522 2090 diuinandi
1553 2047 1626 2090 do-

174 2109 386 2150 ctissimus
423 2113 537 2162 erat,
578 2107 874 2164 industriaque
907 2108 1200 2164 presagiorum
1234 2108 1442 2158 excultus,
1475 2111 1626 2149 uocato

172 2166 380 2220 Hssthero,
412 2166 546 2220 iubet,
579 2166 850 2222 congressuri
882 2180 1027 2208 secum
1049 2166 1223 2208 Gelderi
1244 2165 1383 2208 iacula
1412 2165 1627 2221 pacienter

174 2225 371 2280 excipiat,
403 2238 490 2266 non
521 2229 621 2267 ante
651 2238 729 2266 sua
757 2225 1027 2279 remissurus,
1061 2239 1187 2281 quam
1212 2224 1378 2267 hostem
1400 2223 1626 2265 missilibus

174 2297 321 2325 carere
340 2283 594 2339 conspiciat3
618 2288 806 2325 ceterum
827 2288 1033 2325 rostratas
1057 2283 1288 2325 admoueat
1309 2281 1453 2335 falces,
1475 2281 1625 2336 quibus

172 2342 347 2397 nauigia
392 2341 574 2383 lacerari
646 2340 917 2396 cassidesque
963 2346 1005 2384 et
1050 2346 1171 2383 scuta
1217 2341 1418 2382 militibus
1461 2338 1626 2381 detrahi

173 2401 351 2456 possint.
401 2399 533 2442 Cuius
565 2399 739 2442 consilio
764 2400 993 2442 obsecutus
1017 2399 1249 2452 Hotherus,
1283 2399 1510 2440 salutarem
1534 2397 1626 2438 eius

175 2458 337 2500 exitum
373 2462 579 2513 expertus
611 2462 689 2500 est.
739 2457 958 2513 Siquidem
991 2457 1045 2500 ad
1067 2458 1225 2513 primos
1249 2456 1423 2498 Gelderi
1444 2455 1625 2510 impetus

1650 787 1674 812 p.
1697 779 1745 807 115

1650 1417 1766 1446 xxnb

175 2516 405 2559 subsistere
443 2529 542 2557 suos
572 2529 621 2557 ac
643 2529 822 2571 corpora
843 2517 972 2558 scutis
995 2519 1222 2571 protegere
1243 2514 1374 2568 iubet,
1405 2510 1625 2568 prelsentis
1645 2528 1673 2553 p·
1693 2519 1743 2546 116

173 2588 318 2631 pugne
348 2574 574 2616 uictoriam
595 2574 814 2630 paciencia
835 2573 1138 2630 capessendam
1160 2576 1353 2615 testatus.
1400 2570 1460 2612 At
1480 2570 1626 2622 hostis,

174 2632 402 2675 missilibus
433 2632 552 2675 nulla
581 2646 637 2675 ex
667 2636 788 2688 parte
821 2631 1026 2686 cohibitis,
1056 2631 1290 2686 iisdemque
1312 2643 1387 2686 per
1418 2641 1624 2671 summam
