1884 3126
76 888 112 917 10

78 1180 114 1208 15

733 218 999 260 -V—
1506 223 1582 263 171

145 345 276 402 petita
307 345 455 388 iaculis
487 348 684 402 portenta
716 345 946 400 configunt.
999 345 1162 394 Quibus
1193 347 1469 403 interemptis,
1501 348 1588 390 ani-

145 404 417 446 maduertunt
432 404 616 446 humana
635 403 843 445 cadauera
859 404 999 445 ferinis
1017 404 1220 459 capitibus
1237 406 1422 460 predita„
1444 405 1505 447 Ea
1522 420 1587 448 res

144 462 327 504 maxime
369 462 618 518 prestigium
663 461 842 504 detexit.
921 462 1005 503 Hie
1045 462 1291 516 Frothonis,
1348 468 1438 505 toto
1487 464 1588 505 orbe

146 521 361 562 clarissimi
392 520 526 576 regis,
570 534 771 562 excessus
804 519 893 560 fuit.
954 519 1118 574 Huius,
1152 521 1305 575 egestis
1341 522 1587 573 uisceribus,

146 578 371 632 sal[l]itum
403 591 557 633 corpus
589 577 768 619 triennio
800 591 999 633 proceres
1031 578 1338 620 asseruandum
1371 580 1588 634 curabant,

145 637 462 691 prouinciarum
493 635 783 678 defeccionem
815 636 989 690 uulgato
1022 636 1132 690 regis
1162 636 1278 677 exitu
1299 637 1587 691 formidantes,

144 699 410 750 mortemque
435 694 524 736 eius
549 693 602 736 ob
624 694 704 735 hoc
728 693 908 735 maxime
932 694 1038 736 clam
1063 694 1216 736 exteris
1242 708 1334 737 esse
1358 695 1588 749 cupientes,

146 756 191 794 ut
222 753 310 794 uite
342 752 615 794 simulacione
651 752 870 807 propagati
893 751 974 793 iam
1006 752 1169 806 pridem
1200 752 1363 807 imperii
1390 753 1588 795 terminos

145 814 375 862 tuerentur,
408 810 668 867 pristinaque
703 810 822 852 ducis
855 810 1104 852 auctoritate
1135 810 1316 864 subnixi,
1349 817 1589 853 consuetam

143 883 168 910 a
199 868 399 911 subiectis
431 869 676 924 pensionem
721 869 935 911 elicerent.
997 868 1312 923 Deportabatur
1355 869 1496 924 itaque
1537 869 1589 910 ab

148 927 206 969 eis
240 927 484 970 exanimum
516 941 682 982 corpus,
716 930 761 967 ut
791 927 873 967 iam
894 940 976 968 non
1008 926 1176 968 funebri
1206 926 1327 975 lecto,
1360 927 1433 968 sed
1457 927 1591 982 regali

146 984 341 1027 uehiculo
365 985 522 1040 gestari
545 983 787 1041 uidelrctur,
818 989 1023 1040 tanquam
1044 983 1231 1025 inualido
1261 985 1348 1026 seni
1376 998 1453 1026 nec
1491 985 1590 1026 satis

147 1043 299 1085 uirium
343 1043 526 1098 compoti
572 1043 613 1084 id
647 1043 830 1085 muneris
871 1058 895 1085 a
941 1042 1072 1083 milite
1106 1043 1344 1085 deberetur.
1406 1043 1591 1084 Tantum

146 1101 463 1157 magnificencie
505 1101 635 1143 eciam
668 1101 856 1143 extincto
898 1101 950 1142 ab
983 1100 1124 1142 amicis
1155 1101 1359 1142 tributum
1402 1104 1475 1142 est.
1534 1100 1592 1141 At

145 1160 218 1202 ubi
250 1159 421 1226 putidos
454 1163 568 1201 artus
602 1162 807 1202 extrema
823 1159 1025 1214 corripuit
1057 1157 1231 1212 sanies,'
1263 1172 1340 1200 noc
1371 1158 1489 1200 tabes
1522 1174 1586 1201 re*

146 1218 270 1273 primi
291 1221 471 1274 poterat,
494 1231 616 1259 secus
640 1217 828 1271 Weram,
862 1216 1074 1259 Sialandie
1098 1221 1283 1271 pontem,
1306 1217 1421 1271 regio
1442 1216 1593 1258 funere

147 1276 414 1318 tumulauere
446 1290 611 1331 corpus,
643 1275 920 1328 affirmantes,
953 1275 1212 1317 Frothonem
1247 1288 1296 1316 co
1332 1275 1413 1315 loci
1445 1275 1590 1315 mortis

147 1349 196 1376 ac
230 1334 340 1376 busti
371 1334 537 1390 copiam
569 1338 820 1389 exoptasse,
866 1333 937 1375 ubi
978 1333 1096 1388 regni
1139 1333 1226 1374 cius
1258 1332 1591 1388 prestantissima

149 1392 373 1436 haberetur
408 1393 639 1448 prouincia.

465 1601 750 1631 .EXPLICITVS
782 1601 860 1631 EST
892 1600 1020 1630 LIBER.
1052 1600 1248 1637 va'rvs.

1645 1005 1670 1030 p,
1694 996 1743 1023 :157

1650 1169 1728 1197 11112
