1884 3126
253 891 288 917 10

248 1178 282 1205 15

247 1466 284 1493 20

241 2042 278 2069 30

238 2330 274 2357 35

239 2619 276 2645 40

327 240 410 281 570
863 256 912 262 —-
972 230 1111 272 XIIII
1171 252 1225 259 -

324 366 379 405 ita
410 378 454 403 se
485 361 669 414 undique
701 358 789 398 eius
811 357 916 396 antri
942 355 1125 410 presidio
1160 355 1377 403 uallatum,
1401 358 1447 395 ut
1479 354 1532 395 ab
1563 355 1758 396 hostibus

322 422 403 462 ledi
435 434 514 460 non
544 421 698 471 posset,
731 413 956 454 extruendi
986 413 1094 467 ignis
1137 413 1279 467 gracia
1319 416 1595 453 stramentum
1628 427 1761 468 popo-

322 479 410 519 scit.
472 476 774 526 Interrogatus,
808 485 859 511 an
882 469 1145 511 accendendi
1177 471 1266 510 eius
1290 470 1506 510 materiam
1535 471 1540 518 Ι
1567 470 1756 523 haberet,

320 535 473 575 ferrum
506 531 582 572 sibi
616 543 663 569 ac
695 529 829 570 silices
863 534 1088 582 suppetere
1121 527 1360 581 respondit,
1402 529 1665 581 premonito,
1698 537 1760 575 ut,

320 595 511 632 estuante
554 586 783 640 inffcendio,
832 586 883 625 ab
932 584 1093 626 hisdem
1140 586 1420 626 descensurus
1474 586 1755 641 exciperetur.

320 649 459 701 Igitur
506 645 587 685 foci
639 644 897 685 nutrimenta
944 643 1362 696 circunspicientibus
1407 642 1492 683 fors
1539 643 1763 686 materiam

320 705 482 745 obtulit.
544 702 675 742 Forte
710 700 816 742 enim
852 699 1019 755 quidam
1053 700 1104 741 ad
1139 701 1397 742 necessarios
1430 715 1530 742 usus
1565 705 1759 743 onustum

319 762 472 816 stipula
515 773 679 801 currum
722 758 899 812 agebat·,
943 772 1025 812 qua
1065 758 1254 812 direpta,
1287 759 1394 799 alius
1440 757 1507 799 alii
1538 759 1762 800 fasciculos

319 820 540 870 iacientes,
588 830 744 871 eosque
791 815 1033 871 cuspidibus
1084 816 1236 856 affixos
1288 816 1431 857 iuueni
1482 818 1762 871 porrigentes,

319 877 438 917 breui
481 874 672 929 patulum
714 873 933 928 repleuere
976 887 1151 919 cauum,
1200 874 1324 914 turris
1362 873 1601 915 desercione
1649 879 1762 916 tutos

317 934 452 974 aditus
487 933 630 973 dante.
674 930 781 971 Nam
807 931 1040 985 oppidanos
1063 931 1212 986 partim
1235 932 1295 972 rei
1327 932 1583 986 ignorancia,
1606 932 1758 986 partim

317 991 440 1031 turris
474 990 652 1030 inanitas
684 988 848 1042 fefellit,
882 989 998 1030 cuius
1033 991 1165 1030 eciam
1189 991 1432 1043 prominens
1465 990 1647 1031 latitudo
1688 1004 1760 1045 op-

316 1047 622 1103 pugnatoribus
663 1046 716 1087 ab
757 1050 938 1101 utroque
978 1047 1107 1088 latere
1148 1047 1329 1101 presidio
1371 1047 1466 1090 fuit.
1530 1050 1621 1094 Que
1664 1062 1760 1089 cum

316 1106 534 1160 repentino
558 1105 653 1159 igne
677 1109 871 1158 correpta
895 1105 1154 1159 conflagrare
1177 1106 1370 1158 cepisset,
1393 1105 1574 1147 incendii
1598 1110 1759 1158 auctor,

314 1165 424 1205 facto
466 1163 637 1203 uictorie
677 1161 833 1216 gradu,
873 1163 1185 1217 excipientibus
1227 1163 1373 1208 sociis,
1418 1163 1510 1204 solo
1559 1164 1759 1205 illabitur.

317 1221 552 1275 Conspecto
577 1219 706 1270 fumo,
741 1219 955 1274 oppidani,
987 1221 1219 1276 improuiso
1246 1221 1433 1275 periculo
1467 1222 1649 1270 attoniti,
1672 1221 1759 1276 igni

314 1280 428 1334 prius
461 1292 512 1318 an
546 1277 655 1318 hosti
688 1277 953 1330 resisterent,
987 1279 1273 1332 ambigebant.
1335 1278 1526 1320 Tandem
1572 1279 1760 1321 collectis

315 1337 483 1387 animis,
525 1349 685 1376 summa
731 1335 773 1375 ui
814 1335 1007 1376 incendio
1051 1339 1298 1388 occurrunt,
1341 1337 1581 1392 omissoque
1630 1337 1760 1384 hoste,

316 1395 471 1435 bellum
505 1407 596 1433 cum
627 1393 805 1433 flammis
837 1407 985 1447 gerere
1019 1399 1239 1448 ceperunt,
1274 1396 1424 1436 nostris
1449 1395 1760 1436 extinccionem

316 1452 537 1506 prohibere
571 1450 842 1500 conantibus,
876 1457 921 1492 ut
963 1466 1016 1493 ex
1048 1452 1139 1506 pari
1171 1452 1233 1493 his
1267 1452 1522 1507 reprimendi
1565 1452 1761 1503 incendii,

314 1510 392 1550 illis
425 1508 678 1563 protegendi
711 1508 864 1562 cupido
897 1510 1119 1551 incessisse
1152 1509 1381 1552 uideretur.
1435 1510 1627 1552 Tandem
1651 1524 1760 1565 aqua

315 1567 466 1607 defecti
495 1567 686 1608 flammas
718 1566 826 1607 lacte
858 1581 1064 1622 sparsere,
1099 1578 1179 1621 que
1212 1573 1330 1608 tanto
1361 1568 1665 1609 uehemeneius
1698 1569 1761 1608 in·

314 1625 507 1666 cendium
540 1638 787 1678 concepere.
819 1631 984 1678 quanto,
1012 1626 1090 1666 boc
1111 1626 1287 1680 liquoris
1309 1639 1466 1679 genere
1499 1626 1639 1680 sepius
1665 1640 1761 1681 per-

314 1682 613 1724 fundebantur.
661 1682 724 1722 Ea
756 1696 821 1722 res
844 1683 1066 1736 plurimum
1090 1683 1337 1725 incrementi
1361 1683 1553 1725 incendio
1588 1683 1758 1725 adiecit.

266 1755 279 1778 ἢ
313 1740 415 1782 Orto
465 1740 614 1781 deinde
660 1740 869 1790 clamore,
902 1755 998 1787 rex,
1040 1741 1259 1795 spectandi
1292 1743 1434 1795 gracia
1470 1745 1590 1782 extra
1624 1747 1759 1782 castra

312 1811 575 1852 progressus,
610 1798 818 1852 simulque
854 1803 1032 1839 euentus
1064 1800 1363 1840 ammiracione
1396 1813 1640 1846 concussus,
1665 1813 1757 1839 cum

313 1856 486 1896 dubium
519 1856 718 1907 haberet,
751 1869 803 1896 an
835 1856 942 1910 ignis
976 1857 1110 1897 ullum
1143 1858 1455 1912 expugnacioni
1499 1861 1758 1898 momentum

312 1913 527 1964 adiiceret,
561 1913 659 1968 quid
694 1913 804 1954 factu
838 1914 1103 1968 potissimum
1146 1914 1279 1960 foret,
1321 1929 1374 1956 ex
1418 1915 1633 1955 Absalone
1667 1928 1759 1968 per-

311 1971 476 2026 quirere
509 1972 670 2012 institit.
719 1971 797 2012 Ille
830 1986 996 2025 regem,
1030 1987 1082 2012 ne
1116 1986 1159 2013 se
1192 1973 1425 2027 puerilibus
1471 1972 1599 2027 ceptis
1645 1972 1757 2013 inse-

313 2033 421 2070 reret
453 2034 525 2069 aut
558 2029 796 2084 quicquam,
832 2030 1097 2084 inexplorato
1121 2030 1307 2083 neg-ocio,
1340 2036 1518 2085 repente
1552 2030 1757 2084 aggrede-

310 2092 437 2138 retur,
472 2087 676 2137 hortatus,
711 2101 970 2141 magnopere
1003 2102 1151 2141 rogare
1187 2088 1323 2142 cepit,
1369 2092 1414 2128 ut
1447 2088 1523 2128 sibi
1566 2089 1760 2140 primum,

310 2158 361 2184 an
395 2145 503 2198 ignis
535 2144 741 2199 pociende
774 2145 887 2185 urbis
912 2144 1063 2186 efficax
1088 2150 1213 2195 esset,
1246 2146 1458 2198 speculari
1481 2145 1757 2200 permitteret.

311 2201 398 2243 Nec
431 2217 519 2243 rem
554 2203 806 2256 perscrutari
841 2207 1082 2255 cunctatus,
1126 2204 1279 2258 clypeo
1314 2203 1525 2244 duntaxat
1557 2217 1604 2243 ae
1637 2202 1759 2256 galea

308 2264 444 2300 tectus
468 2268 632 2314 portam
657 2261 847 2305 accessit,
872 2260 1134 2315 iuuenesque
1161 2275 1253 2301 eam
1279 2275 1530 2315 oppugnare
1554 2266 1758 2301 conantes

308 2318 464 2358 hortari
497 2317 550 2358 ad
584 2317 898 2359 confouendum
931 2318 1170 2359 incendium
1211 2319 1336 2373 cepit.
1402 2318 1537 2366 Quod,
1570 2318 1757 2359 accensis

309 2375 494 2430 undique
527 2376 796 2416 nutrimentis
843 2383 1039 2417 enectum
1083 2376 1353 2431 postiumque
1387 2390 1435 2417 ac
1469 2376 1756 2417 columnarum

310 2433 533 2474 roboribus
567 2434 738 2480 alitum,
779 2433 965 2486 ligneum
1011 2434 1136 2475 turris
1179 2434 1466 2488 pauimentum
1509 2433 1758 2487 absumpsit,

308 2505 357 2530 ae
390 2490 567 2537 deinde,
601 2504 765 2531 summa
796 2491 1051 2545 corripiens,
1085 2491 1297 2545 singulare
1339 2491 1551 2531 simulacri
1593 2492 1758 2543 signum

309 2548 473 2602 aliaque
505 2548 735 2590 domestice
767 2547 980 2602 religionis
1012 2548 1192 2603 insignia
1221 2549 1349 2589 cineri
1382 2549 1565 2603 equauit.
1630 2547 1756 2595 Quod

313 2607 537 2661 postquam
561 2619 649 2658 rex,
667 2606 896 2658 nunciante
914 2602 918 2660 Ι
936 2607 1168 2661 Absalone,
1191 2607 1366 2661 accepit,
1385 2606 1573 2648 eiusdem
1595 2606 1759 2646 monitu

1816 485 1842 509 p.
1862 477 1884 502 8:

1819 591 1884 625 (322
