1884 3126
42 916 78 943 10

42 1208 78 1235 15

42 1497 79 1524 20

47 1787 84 1814 25

41 2075 78 2102 30

42 2363 78 2392 35

45 2654 82 2682 ⁴0

679 277 731 282 -
791 252 877 295 XV
942 277 989 282 —-
1469 255 1551 296 649

111 379 399 422 iusiurandum
444 380 788 434 promissionibus
836 379 1017 422 additur.
1093 381 1161 422 Sic
1207 382 1324 436 uulgi
1372 381 1550 436 collegio

113 437 297 488 dimisso,
330 437 541 478 Lundiam
574 437 746 479 reditur.
776 439 780 490 1
811 437 961 479 Scanie
992 438 1144 480 deinde
1170 439 1261 492 giro
1284 441 1551 495 pertransito,

114 495 281 538 obsides
313 509 338 536 a
368 495 493 550 plebe
532 496 804 549 recipiuntur.
874 495 941 537 Ad
984 497 1145 552 reliqua
1184 497 1315 538 facilis
1356 498 1551 553 populus,

111 554 366 595 decimarum
429 553 687 595 solucionem
750 553 956 595 duntaxat
1015 555 1270 608 pertinacius
1326 556 1550 598 abnuebat.

111 611 224 653 Nihil
256 613 391 666 magis
423 612 524 664 regi,
557 626 680 666 quam
712 611 764 652 ad
799 626 940 653 earum
972 612 1259 653 remissionem
1289 613 1550 654 Absalonem

111 670 345 722 abducere,
379 674 571 710 curatum
605 674 688 715 est,
720 683 988 723 summopere
1021 670 1255 711 cauendum
1289 670 1465 722 dicenti,
1498 686 1550 713 ne

110 729 187 770 sibi
220 727 343 777 forte,
375 727 486 782 quod
532 728 630 769 olim
664 727 835 768 Kanuto
872 727 1121 768 Othoniensi
1163 727 1416 769 decimarum
1460 730 1551 770 iura

111 799 347 842 propagare
380 786 527 826 nitenti
561 786 785 835 acciderat,
818 786 1019 826 eueniret.
1079 785 1295 838 Absalon‚
1329 787 1551 841 quicquam

112 859 164 886 ex
198 847 400 885 consueto
433 857 647 884 sacrorum
681 844 770 884 iure
803 843 1029 898 decerpere
1062 858 1143 884 non
1168 844 1300 885 minus
1325 844 1550 898 inglorium

110 916 233 958 quam
259 901 511 956 sacrilegum
534 909 663 948 ratus,
697 902 964 942 constancius
987 901 1025 941 id
1051 916 1092 941 se
1126 901 1330 942 facturum
1354 903 1550 956 negabat,

111 960 309 1008 dicendo,
354 960 519 1000 tametsi
563 974 636 999 rex
669 959 802 1014 plebis
835 960 1093 1001 sentenciam
1134 959 1280 999 fauore
1323 974 1551 1016 proseque-

110 1023 248 1071 retur,
291 1018 370 1059 sibi
401 1017 700 1072 impedimento
741 1031 824 1058 non
866 1018 969 1062 1016,
1012 1018 1234 1071 quominus
1277 1019 1327 1058 ab
1362 1033 1408 1058 ea
1442 1018 1551 1059 (1661-

111 1090 270 1118 1116111111
305 1075 495 1117 debitum
528 1076 699 1129 exigere
730 1080 1037 1129 perseueraret,
1069 1075 1277 1117 neminem
1302 1075 1351 1115 ad
1388 1077 1551 1130 partici-

109 1135 250 1190 panda
291 1148 433 1176 secum
479 1133 667 1188 pericula
712 1139 1034 1188 prouocaturuS.
1104 1133 1375 1174 Tutissimum
1420 1134 1551 1188 igitur

111 1193 199 1247 regi
232 1192 449 1233 silencium
481 1191 586 1244 fore,
621 1206 674 1232 ne
706 1191 882 1232 ecclesie
917 1205 1039 1244 opem
1075 1191 1248 1232 ferendo
1283 1192 1474 1246 populari
1507 1206 1551 1232 se

109 1251 249 1306 ipsum
290 1250 385 1291 odio
427 1249 626 1305 implicet.
688 1249 791 1290 Tam
824 1249 978 1290 iustam
1019 1256 1190 1304 tamque
1231 1249 1550 1290 fortem-Absa-

112 1309 214 1351 lonis
247 1308 532 1349 constanciam
564 1323 639 1348 rex
670 1307 808 1348 animo
844 1312 1093 1357 ueneratus,
1135 1321 1231 1348 cum
1265 1308 1549 1348 remissionem

111 1366 333 1408 admittere
384 1366 509 1412 110111,
556 1367 827 1407 exaccionem
881 1365 1058 1418 differre
1108 1366 1321 1419 postulat:,
1375 1366 1547 1406 consilio

110 1430 204 1480 post
248 1424 417 1465 modum
466 1423 576 1466 611161
624 1438 768 1478 posse,
817 1424 926 1477 quod
977 1423 1102 1463 armis
1148 1429 1340 1478 nequeat.
1402 1423 1549 1464 Paruit

112 1483 301 1538 precanti
335 1483 549 1532 Α11861011,
593 1481 809 1536 1116161118,
843 1497 888 1522 86
922 1481 1179 1522 decimarum
1213 1482 1308 1522 loco
1342 1481 1549 1535 prioribus

109 1540 355 1595 pontificum
398 1540 714 1582 condicionibus
756 1553 839 1580 non
881 1553 1077 1580 usurum.
1119 1552 1171 1579 ne
1203 1553 1373 1593 prorsus
1405 1553 1547 1579 earum

111 1601 202 1639 iura
233 1599 449 1653 negligere
471 1598 702 1639 uideretur.
744 1597 846 1638 Tam
871 1597 1061 1639 modesta
1083 1597 1303 1637 Absalonis
1325 1596 1547 1651 promissio

111 1656 442 1698 consternacioni
474 1656 656 1698 remedio
688 1656 780 1697 fuit.

250 1715 422 1755 Summa
463 1718 560 1769 post
603 1714 774 1755 modum
809 1712 971 1754 Cesaris
1011 1713 1051 1753 in
1088 1712 1332 1753 attentando
1365 1712 1549 1753 Saxonio

115 1773 304 1828 principe
337 1772 541 1814 calliditas
573 1773 720 1827 patuit.
784 1771 879 1811 Non
912 1771 1019 1811 enim
1044 1771 1243 1811 minorem
1277 1769 1549 1823 expugnandi

112 1831 200 1871 eius
232 1845 348 1885 spem
380 1831 421 1871 in
455 1832 645 1871 acumine
677 1844 805 1885 quam
829 1828 985 1870 uiribus
1019 1828 1263 1882 reponebat.
1326 1828 1373 1868 ln
1408 1828 1549 1880 primis

116 1888 462 1942 Waldcmarum,
505 1903 630 1943 quem
679 1888 814 1929 eidem
859 1887 1017 1928 cercius
1066 1885 1293 1926 affuturum
1340 1886 1549 1929 6161161161,

112 1947 272 1988 astucia
314 1951 461 1989 tentat.
535 1947 748 2001 Siquidem
793 1945 912 1986 binas
956 1945 1044 1984 eius
1088 1944 1193 1984 filias
1237 1943 1409 1983 totidem
1456 1943 1550 1983 filiis

113 2005 224 2056 suis,
256 2018 438 2059 quorum
472 2005 649 2046 alterum
682 2002 935 2045 successioni
966 2002 1127 2057 imperii
1162 2001 1416 2053 destinarat,
1449 2000 1551 2041 6116-

110 2076 200 2104 111111
234 2062 389 2103 Sueuie
421 2067 631 2118 satrapam
674 2062 972 2111 constituerat,
1016 2074 1089 2114 per
1131 2059 1292 2112 legatos
1332 2059 1370 2098 in
1412 2058 1549 2098 matri-

113 2120 296 2161 monium
342 2121 607 2176 postulabat.
653 2135 735 2161 non
783 2119 893 2174 quod
942 2118 1135 2171 sanguini
1177 2131 1251 2158 suo
1301 2117 1408 2157 bone
1451 2116 1547 2156 fidei

112 2178 284 2233 nupcias
306 2184 515 2233 quereret,
549 2179 621 2220 sed
645 2184 690 2219 ut
714 2179 881 2219 hostem
903 2177 1045 2217 amicis
1067 2174 1346 2216 abundantem
1381 2173 1548 2214 auxiliis

112 2237 326 2291 spoliaret.
389 2237 511 2284 Quod
557 2236 747 2277 callidius
790 2249 842 2276 an
874 2233 1165 2289 impudencius
1199 2233 1353 2285 egerit.
1386 2232 1550 2285 ignora-

113 2294 260 2336 uerim.
288 2298 292 2346 Ι
321 2294 389 2335 Ad
431 2295 548 2335 illum
587 2295 695 2335 enini
742 2293 871 2334 161868
910 2291 1120 2346 iungende
1161 2290 1375 2330 affinitatis
1407 2303 1550 2343 preces

110 2351 292 2405 dirigere
325 2366 410 2393 non
452 2352 643 2401 erubuit,
687 2365 812 2407 quem
847 2351 945 2390 olim
976 2348 1151 2404 perfidie
1188 2348 1349 2401 laqueis
1381 2347 1548 2401 compli-

113 2412 249 2450 catu'm
284 2410 334 2450 ad
369 2411 573 2465 obsequia
604 2410 679 2451 sibi
712 2408 965 2464 paciscenda
996 2406 1213 2462 pertraxit.
1261 2405 1392 2445 Amici
1428 2404 1550 2457 regis,

112 2467 327 2509 intellecta
359 2468 532 2519 fraude,
577 2468 651 2508 1166
692 2481 772 2508 non
808 2465 1059 2506 matrimonii
1106 2469 1229 2513 uoto,
1272 2462 1342 2503 sed
1379 2461 1552 2502 Henrici

114 2524 208 2566 odio
250 2526 430 2580 flagitari
471 2526 680 2567 dicebant.
743 2523 846 2564 Tam
890 2537 1011 2564 ueros
1047 2521 1269 2562 Cesariane
1310 2519 1550 2561 calliditatis

111 2583 362 2638 interpretes
402 2585 492 2625 sola
534 2584 679 2637 regine
711 2582 926 2623 sentencia
959 2579 1196 2634 superauit,
1239 2578 1455 2630 sanguinis
1487 2577 1552 2617 sui

115 2641 338 2683 connubiis
380 2641 629 2684 affinitatem
671 2655 764 2681 cum
809 2638 962 2680 Cesare
1004 2638 1176 2691 iungere
1215 2635 1445 2690 gloriosum
1477 2635 1552 2677 du-

1611 453 1637 478 p.
1657 444 1707 471 946

1609 2305 1635 2330 p.
1654 2294 1706 2322 947
