1884 3126
77 865 112 893 10

83 1156 114 1183 15

77 1445 114 1472 20

80 2029 116 2056 30

79 2319 116 2346 35

80 2609 118 2638 40

718 227 770 232 -
826 201 898 244 ,ΙΧ
961 227 1011 232 —
1248 206 1254 213 ·
1508 184 1589 246 317

138 329 298 372 relictis
322 328 501 371 aliorum
524 329 746 385 exemplis,
777 343 855 385 per
876 330 980 372 auiti
1001 331 1167 384 negocii
1188 332 1369 387 uestigia
1392 332 1591 376 decurrit.

139 388 336 444 Repente
378 401 565 444 namque
607 387 943 430 studiosissimus
975 390 1141 444 piratici
1171 392 1358 432 muneris
1391 394 1593 433 executor

141 446 356 502 apparuit.
419 445 490 487 Et—
516 446 678 487 utinam
719 447 762 487 in
805 446 1012 488 abolendo
1047 447 1352 490 Christianismi
1397 448 1591 503 cultu[m]

142 504 419 547 temerarium
452 504 710 560 Regneriani
748 504 918 560 spiritus
951 519 1035 546 non
1068 506 1223 560 egisset
1256 506 1469 550 heredem.
1531 507 1592 549 Si-

143 562 314 619 quidem
355 562 723 617 religiosissimum
770 576 966 618 quenque
990 563 1004 617 Η
1029 570 1101 605 aut
1142 564 1356 619 suppliciis
1396 563 1592 620 insequi*

143 625 216 662 aut
256 620 383 662 rebus
425 634 584 662 exuere
630 621 844 676 exilioque
888 622 1092 663 mulctare
1136 623 1444 677 perseuerauit.
1505 622 1589 665 Sed

142 679 300 720 frustra
330 678 584 734 principium
618 693 778 730 causer,
812 679 930 721 cuius
963 680 1123 721 exitum
1153 680 1158 733 Ι
1186 681 1374 746 probem.
1421 681 1591 723 Lauda-

142 737 267 779 bilior
311 737 420 778 enim
462 743 527 778 est
566 737 677 789 uita,
720 738 838 780 cuius
878 738 1048 779 inicium
1080 743 1204 794 turpe
1244 740 1459 794 speciosus
1500 739 1593 780 finis

144 796 316 851 abripit,
349 809 476 850 quam
509 796 627 837 cuius
659 796 878 850 probabile
911 793 1132 838 exordium
1165 798 1205 838 in
1240 797 1383 852 culpas
1411 797 1595 852 flagicia-

146 867 226 909 que
257 852 458 895 decurrit.
519 852 736 910 Siquidem
770 853 920 895 Ericus
953 854 1006 896 ad
1038 855 1243 896 salutares
1275 855 1476 910 Ansgarii
1507 869 1593 896 mo-

145 912 259 953 nitus
294 912 500 966 sacrilege
533 913 686 953 mentis
718 926 859 954 errore
893 912 1112 978 deposito,
1145 913 1345 968 quicquid
1378 927 1453 968 per
1485 914 1593 955 eius-

146 969 243 1012 dem
274 969 550 1012 insolenciam
585 970 873 1021 commiserat,
914 971 1125 1026 expiauit,
1167 976 1418 1026 tantumque
1448 971 1490 1012 in
1522 986 1593 1012 ex-

147 1027 324 1070 colenda
354 1028 560 1083 religione
585 1043 632 1070 se
654 1029 798 1084 gessit,
831 1034 1035 1084 quantum
1069 1035 1213 1084 egerat
1243 1029 1285 1070 in
1318 1029 1592 1085 aspernanda.

146 1086 301 1141 Itaque
334 1100 419 1127 non
452 1086 590 1127 solum
622 1087 799 1135 sanioris
832 1086 1052 1143 discipline
1084 1087 1280 1129 haustum
1308 1087 1433 1130 docili
1454 1089 1592 1129 animo

147 1145 290 1197 traxit,
327 1158 476 1186 uerum
510 1145 640 1186 eciam
673 1145 886 1200 primeuas
920 1146 1108 1187 maculas
1140 1146 1253 1187 finali
1284 1146 1468 1201 puritate
1501 1160 1595 1201 per-

146 1203 277 1244 tersit.
340 1202 422 1244 Hic
453 1203 586 1244 filium
619 1202 839 1244 Kanutum
858 1217 925 1244 ex
958 1203 1186 1245 Guthormi
1217 1203 1326 1269 filia,
1354 1204 1594 1258 'eademque

146 1260 325 1302 Haraldi
358 1266 499 1316 nepte,
530 1262 806 1317 progenitum
839 1262 1107 1328 superstitem
1144 1262 1325 1304 moriens
1358 1262 1592 1317 dereliquit.

285 1318 427 1360 Huius
468 1318 652 1361 infancia
693 1325 912 1371 manente,
957 1321 1079 1375 regni
1110 1320 1343 1375 pupillique
1375 1325 1490 1361 tutm
1523 1335 1595 1362 ex-

147 1377 347 1432 poscitur.
408 1377 573 1418 Verum
606 1377 804 1433 quoniam
839 1377 1013 1419 huiusce
1046 1378 1230 1419 muneris
1263 1378 1593 1420 aduocacionem

144 1439 334 1490 prestare
376 1435 590 1491 plerisque
621 1437 693 1477 uel
724 1436 883 1477 inuidio
915 1451 984 1477 um
1029 1437 1099 1477 uel
1139 1436 1318 1477 arduum
1359 1435 1594 1488 uidebatur,

146 1493 374 1535 sorticione
406 1494 545 1535 uirum
576 1494 661 1549 legi
692 1494 864 1549 placuit.
940 1494 1262 1536 Prudentissimi
1296 1509 1476 1550 namque
1509 1495 1594 1535 Da-

147 1565 318 1602 norum,
359 1551 402 1592 in
439 1556 528 1593 tam
570 1553 803 1595 'excellenti
845 1553 1025 1607 negocio
1067 1552 1286 1594 arbitrario
1330 1552 1494 1594 delectu
1534 1552 1594 1593 uti

147 1610 520 1665 pertimescentes,
568 1611 664 1665 plus
696 1611 834 1653 aliene
869 1611 1036 1652 fortune
1079 1625 1206 1665 quam
1247 1611 1331 1653 suis
1372 1610 1594 1652 sentenciis

148 1668 443 1723 permiserunt,
476 1668 700 1710 eleccionis
724 1673 925 1711 euentum
946 1669 1122 1710 fortuito
1145 1670 1277 1723 magis
1301 1673 1425 1725 quam
1458 1668 1593 1710 solido

100 1738 111 1753 ⁷
147 1726 322 1768 consilio
356 1726 618 1780 delegantes.
682 1727 778 1775 Quo
814 1727 978 1781 euenit,
1019 1733 1065 1769 ut
1098 1727 1377 1783 Ennignupus
1412 1726 1594 1782 quidam,

147 1785 407 1839 amplissime
427 1791 555 1840 atque
578 1785 850 1838 integerrime
875 1786 1055 1836 uirtutis,
1074 1790 1156 1826 tam
1183 1799 1360 1827 onerose
1381 1784 1594 1826 funccioni

148 1843 347 1885 humeros
395 1857 495 1884 suos
546 1843 796 1885 submittere
844 1849 1092 1898 cogeretur,
1140 1843 1435 1898 decretamque
1479 1847 1592 1884 sorte

148 1901 574 1943 amministracionem
616 1902 857 1956 ingressus,
900 1916 983 1943 non
1024 1902 1159 1943 minus
1203 1903 1494 1942 uniuersorum
1526 1915 1591 1941 ies

148 1973 273 2014 quam
314 1958 543 2012 singularia
582 1935 706 2015 relgis
746 1960 1003 2002 incunabula
1044 1964 1247 2002 tueretur
1309 1959 1434 2001 Vnde
1479 1963 1520 2000 et
1553 1960 1590 2000 ei

147 2018 320 2073 quidam
359 2030 509 2072 parum
550 2018 764 2059 annalium
804 2018 927 2074 periti
974 2018 1163 2060 medium
1203 2018 1244 2059 in
1286 2017 1406 2058 fastis
1454 2018 1591 2058 locum

150 2075 353 2117 tribuunt.
416 2074 606 2130 Cumque
638 2075 849 2125 Kanutus,
883 2076 1070 2117 decursis
1102 2076 1396 2118 adolescencie
1428 2075 1592 2130 spaciis,

148 2133 200 2174 ab
233 2132 354 2174 annis
386 2133 630 2174 uirilitatem
662 2134 885 2187 traxisset,
927 2135 1099 2186 amotis,
1131 2134 1201 2189 qui
1233 2132 1312 2174 sibi
1347 2134 1591 2175 beneficium

149 2190 416 2233 educacionis
456 2191 772 2246 impenderant,
818 2207 871 2233 ex
903 2206 1012 2247 pene
1054 2192 1279 2248 desperato
1321 2191 1591 2232 adolescente

148 2253 295 2290 auctor
316 2249 533 2305 insperate
554 2250 777 2305 probitatis
801 2252 961 2292 euasit:
995 2251 1075 2292 hoc
1105 2263 1190 2291 uno
1214 2249 1446 2302 deflendus,
1479 2248 1592 2303 quod

147 2308 309 2362 absque
341 2306 579 2348 Christiane
621 2308 836 2363 religionis
874 2308 1106 2363 insignibus
1139 2323 1161 2349 e
1192 2308 1280 2349 uita
1321 2307 1373 2348 ad
1415 2311 1592 2348 mortem

148 2367 375 2407 transitum
405 2365 566 2407 habuit.

290 2422 373 2464 Sed
416 2436 518 2463 mox
558 2423 611 2464 ad
652 2422 783 2464 filium
827 2424 916 2465 eius
948 2423 1389 2466 Frothonemrerum
1430 2436 1593 2464 summa

149 2481 370 2523 concessit.
414 2479 545 2522 Cuius
577 2481 760 2534 fortuna,
791 2483 916 2522 armis
941 2482 1138 2538 belloque
1161 2482 1275 2534 alita,
1309 2496 1358 2523 eo
1382 2480 1592 2522 felicitatis

150 2540 353 2592 excessit,
386 2543 433 2579 ut
463 2538 725 2594 prouincias,
757 2553 839 2595 que
870 2554 895 2580 a
926 2540 1058 2581 Danis
1092 2539 1306 2596 quondam
1338 2539 1593 2590 defecerant,

148 2597 323 2653 pristino
375 2596 546 2639 adactas
597 2597 698 2652 iugo
750 2597 928 2639 uetustis
979 2598 1174 2654 alligaret
1220 2597 1445 2652 obsequiis,
1510 2595 1594 2645 Qui

1646 572 1738 606 (178)

1627 633 1730 661 XCV*

1644 690 1742 724 p.466

1646 1979 1672 2004 p.
1698 1970 1748 1996 467
