1884 3126
126 871 159 904 10

127 1168 160 1195 15

120 1459 158 1486 20

122 1749 159 1777 25

124 2041 160 2068 30

124 2332 161 2360 35

125 2623 161 2654 40

766 238 820 245 —-
881 213 948 256 IX
1010 239 1061 244 —
1556 217 1638 259 309

191 343 332 396 sprete
363 341 597 384 maiestatis
628 356 704 384 sue
736 339 990 385 uin*dictam
1022 343 1240 400 inopinato
1273 344 1423 401 petiuit
1453 345 1631 389 assultu.

185 398 383 447 Quorum
415 400 550 455 ignoti
582 401 761 442 nominis
792 416 891 452 reX,
932 402 1153 444 subitanea
1185 404 1368 445 hostium
1399 403 1639 459 irrupcione

191 457 410 513 perculsus
465 459 673 514 simulque
732 461 990 501 conserende
1037 475 1130 502 cum
1173 462 1275 516 ipsis
1307 475 1455 503 manus
1486 462 1640 504 fiducia

190 530 377 567 uacuus,
422 516 672 568 Matullum,
718 516 991 559 Finmarchie
1038 518 1212 570 ducem,
1246 519 1452 574 *perfugio
1498 520 1638 575 peciit.

192 573 324 615 Cuius
345 574 601 628 peritissima
623 576 944 629 sagittariorum
968 590 1097 631 opera
1128 576 1276 626 fretus,
1309 577 1494 632 Regneri
1526 578 1640 633 apud

190 631 420 673 Biarmiam
452 633 627 674 hiberna
657 638 933 689 peragentem
964 634 1138 689 impune
1170 635 1370 676 lacerauit
1391 637 1638 678 exercitum.

193 690 361 744 Quippe
394 690 538 743 Finni,
583 691 842 733 lubricorum
885 692 1074 747 stipitum
1118 694 1243 735 celeri
1276 693 1438 749 allapsu
1471 707 1638 739 cursum

1685 354 1795 385 xcnb

190 747 410 790 intendere
453 750 588 803 soliti,
630 750 851 792 arbitraria
894 751 1130 792 uelocitatis
1172 752 1363 806 potencia
1406 752 1638 808 rapiuntur,
1696 782 1698 784 -

190 807 635 863 promptissimamque
675 809 1004 864 propinquitatis
1046 808 1115 850 uel
1156 809 1351 851 absencie
1392 809 1638 852 facultatem

191 865 383 908 obtinere
412 865 656 908 creduntur.
698 867 801 908 Mox
836 866 961 920 enim,
995 871 1040 908 ut
1071 867 1237 909 hostem
1269 867 1456 920 leserint,
1489 868 1638 910 eadem

192 924 430 974 celeritate,
464 938 547 979 qua
579 924 786 976 subeunt,
819 926 1018 978 auolant,
1050 939 1129 966 nec
1160 939 1366 980 procursu
1398 925 1638 981 languidius

190 981 377 1023 reditum
407 986 586 1024 tentant.
639 982 790 1038 Itaque
825 987 867 1025 et
897 983 1191 1025 uehiculorum
1224 988 1265 1025 et
1297 997 1520 1037 corporum
1551 984 1637 1039 agi-

190 1040 310 1082 litate
353 1040 540 1082 instandi
587 1040 864 1096 fugiendique
908 1042 1243 1096 expertissimam
1287 1042 1481 1083 obtinent
1521 1046 1639 1097 pote-

192 1102 358 1140 statem.
421 1098 693 1140 Credendum
725 1104 810 1153 est,
844 1106 944 1141 tunc
977 1099 1225 1154 Regnerum
1258 1099 1428 1141 fortune
1459 1114 1533 1142 sue
1563 1100 1638 1141 im·
1666 1112 1669 1114 ’

192 1156 462 1199 becillitatem
495 1158 768 1199 ammiranter
799 1158 959 1210 tulisse,
993 1172 1086 1199 cum
1119 1172 1176 1211 se,
1211 1158 1307 1199 olim
1340 1158 1522 1200 Romani
1555 1158 1638 1199 cul-

191 1215 312 1256 minis
343 1215 719 1271 triumphatorem,
763 1216 816 1257 ab
857 1216 1007 1257 inermi
1047 1215 1347 1270 inconditoque
1387 1216 1551 1270 agmine
1583 1215 1636 1257 ad

191 1273 386 1315 ultimum
428 1288 563 1329 usque
609 1274 834 1315 discrimen
874 1274 1010 1328 abripi
1055 1274 1309 1329 peruideret.
1371 1273 1523 1329 Itaque
1567 1274 1633 1330 qui

191 1331 578 1386 splendidissimum
610 1332 806 1374 Romane
846 1332 996 1374 milicie
1034 1332 1163 1373 decus
1194 1329 1464 1388 malximique
1494 1345 1542 1373 ac
1574 1345 1636 1373 se-

191 1390 402 1432 renissimi
420 1390 538 1432 ducis
556 1391 740 1446 insignes
759 1391 903 1446 copias
921 1390 1180 1433 excellenter
1199 1390 1444 1443 obtriuerat,
1460 1389 1636 1444 agrestis

193 1452 234 1489 et
266 1447 463 1502 ignobilis
496 1449 610 1503 uulgi
644 1448 932 1490 sordidissimo
966 1453 1095 1504 atque
1133 1449 1380 1490 tenuissimo
1413 1448 1637 1503 apparatui

193 1507 340 1559 cessit,
387 1507 521 1561 isque,
570 1508 688 1549 cuius
721 1507 914 1548 bellicam
961 1512 1086 1548 antea
1132 1507 1365 1548 claritatem
1410 1506 1636 1548 fortissime

190 1565 329 1619 gentis
353 1566 417 1607 uis
434 1564 642 1608 hebetare
664 1565 927 1621 nequiuerat,
960 1564 1227 1620 despicabilis
1249 1563 1394 1620 populi
1414 1564 1636 1619 paruulam

191 1637 365 1664 manum
405 1624 617 1665 sustinere
657 1637 742 1664 non
783 1624 931 1665 ualuit.
996 1622 1090 1671 Quo
1125 1623 1288 1673 euenit,
1335 1626 1382 1663 ut
1413 1635 1462 1663 ea
1494 1636 1635 1674 manu,

191 1695 275 1736 qua
318 1681 594 1723 clarissimam
637 1682 750 1723 orbis
794 1695 993 1737 pompam
1026 1695 1075 1722 ac
1107 1680 1402 1736 grauissimum
1447 1680 1637 1720 militaris

190 1739 353 1782 roboris
378 1740 706 1781 instrumentum
727 1740 954 1782 fortissime
989 1738 1190 1791 contudit,
1225 1753 1307 1794 qua
1337 1741 1401 1780 tot
1431 1737 1636 1793 peditum,

191 1801 253 1838 tot
286 1802 536 1851 castrorum,
569 1799 679 1839 tanti
701 1799 914 1852 equitatus
936 1797 1150 1851 fragorem
1173 1796 1437 1852 apertissime
1459 1795 1638 1846 subruit,

192 1855 318 1898 uilem
353 1855 662 1911 obscuramque
704 1856 970 1911 plebeculam
1002 1855 1148 1897 furtim
1183 1859 1224 1896 et
1257 1854 1375 1910 quasi
1406 1867 1482 1908 per
1513 1854 1637 1895 latro-

191 1914 346 1956 cinium
391 1914 603 1956 incessere
650 1915 900 1968 sustineret,
947 1913 1239 1968 illustremque
1282 1911 1456 1965 gloriam
1505 1925 1638 1963 suam,

191 1972 330 2028 palam
373 1976 502 2027 atque
544 1972 730 2014 interdiu
761 1977 954 2028 partam,
993 1975 1201 2012 nocturna
1232 1970 1398 2011 fallacia
1428 1968 1638 2010 maculare

190 2044 274 2072 non
320 2030 614 2076 erubesceret,
658 2030 883 2072 manifeste
923 2029 1185 2071 fortitudinis
1225 2028 1318 2070 loco
1360 2027 1638 2069 clandestinas

192 2090 461 2144 amplexatus
486 2088 670 2131 insidias.
715 2089 810 2137 Que
842 2102 909 2130 res
942 2092 989 2129 ut
1023 2101 1150 2142 opere
1184 2086 1397 2139 deformis,
1431 2086 1490 2127 ita
1522 2084 1638 2126 exitu

193 2147 305 2189 utilis
336 2146 428 2188 fuit.
466 2146 562 2188 ‘Nec
583 2147 817 2189 Finnorum
840 2160 963 2202 quam
989 2145 1130 2187 Caroli
1162 2144 1266 2196 fuga
1297 2143 1464 2201 parcius
1496 2148 1639 2197 gratu-

193 2205 303 2246 latus
336 2209 413 2256 est,
445 2204 539 2259 plus
573 2219 617 2246 se
650 2205 803 2247 uirium
835 2205 877 2246 in
908 2203 1139 2246 nudissima
1171 2203 1314 2258 plebe,
1349 2215 1474 2257 quam
1505 2201 1544 2242 in
1576 2201 1637 2242 in-

193 2263 473 2318 structissimo
505 2263 637 2309 milite
670 2263 909 2319 repperisse
941 2262 1181 2315 confessus3
1214 2259 1423 2317 siquidem
1445 2258 1640 2314 grauissi-

193 2335 305 2363 mam
337 2321 627 2363 Romanorum
659 2326 947 2369 armaturam,
980 2334 1105 2375 quam
1138 2320 1248 2361 leuia
1280 2330 1470 2373 pannose
1498 2316 1637 2371 gentis

175 2376 357 2435 *spicula
402 2379 666 2420 tolerabilius
714 2379 823 2421 ferre
874 2378 1027 2434 potuit.
1089 2377 1175 2418 Vbi
1221 2376 1490 2418 Biarmorum
1538 2388 1639 2428 rege

192 2437 443 2490 interfecto,
476 2437 707 2479 Finnorum
750 2451 853 2478 uero
899 2436 1067 2490 fugato,
1099 2435 1322 2490 Regnerus
1354 2433 1466 2474 saxis
1497 2445 1638 2473 rerum

192 2500 408 2549 gestarum
432 2495 575 2550 apices
593 2509 667 2551 pre
686 2509 732 2536 se
747 2494 980 2536 ferentibus
1003 2493 1250 2547 hisdemque
1273 2503 1456 2546 superne
1477 2488 1638 2543 locatis,

193 2557 384 2595 eternum
418 2553 595 2595 uictorie
626 2567 700 2593 sue
732 2553 1035 2593 monimentum
1069 2550 1219 2592 affixit.

322 2611 491 2655 Interea
502 2610 640 2664 Vbbo,
660 2625 735 2670 per
753 2624 884 2652 auum
900 2623 1023 2653 suum
1033 2609 1123 2653 Hes
1132 2610 1228 2651 bern
1238 2621 1305 2649 um
1322 2605 1374 2650 ad
1392 2604 1638 2662 sacrilegam

1690 1354 1718 1379 p.
1740 1346 1791 1373 454
