1884 3126
260 612 276 638 5

239 902 276 927 10

243 1196 277 1223 15

240 2064 276 2090 30

239 2355 275 2382 35

311 238 391 279 188
881 263 935 269 —
996 239 1063 282 VI
1123 265 1176 271 -—

309 367 502 409 existere.
563 366 700 421 Igitur
731 364 936 421 Safffxones
966 368 1163 422 Hamam,
1197 370 1266 424 qui
1298 369 1411 425 apud
1443 383 1512 411 eos
1544 370 1750 425 gymnicis

309 425 460 480 palmis
492 424 745 467 clarissimus
777 425 1025 479 habebatur,
1057 428 1199 469 multis
1220 427 1409 482 aggressi
1439 427 1750 483 pollicitacioni-

310 483 409 535 bus,
450 482 483 523 si
515 480 654 523 duello
687 498 858 538 operam
889 485 1204 537 commodaret,
1244 485 1395 526 molem
1437 485 1620 540 corporis
1661 486 1749 527 eius

312 555 413 582 auro
445 554 488 581 se
531 554 777 594 repensuros
820 555 909 583 esse
947 543 1218 596 promittunt,
1260 543 1530 597 illectumque
1574 543 1751 597 pecunia

307 595 506 653 pulgilem
539 598 591 639 ad
623 612 816 654 campum
849 600 1060 641 conflictui
1096 600 1343 656 deputatum
1375 600 1565 642 militaris
1596 615 1747 656 pompe

308 655 493 711 tripudio
526 661 848 711 prosequuntur.
901 657 1013 699 Hinc
1043 658 1152 700 Dani
1187 658 1516 711 Starcatherum,
1547 658 1657 713 regis
1688 659 1751 700 sui

308 718 449 769 partes
481 719 803 769 exequuturum,
836 715 889 756 ad
921 716 1159 757 certaminis
1179 716 1317 757 locum
1344 716 1497 757 milicie
1518 717 1750 770 insignibus

310 772 447 813 ornati
479 771 723 826 perducunt.
787 775 923 821 Quem
953 773 1116 826 Hama,
1149 778 1261 815 etate
1292 774 1548 824 marcidum,
1581 774 1750 815 iuuentc

308 830 461 871 fiducia
504 830 760 885 despicatus,
808 830 1050 872 defunctum
1091 832 1251 873 uiribus
1289 846 1431 873 senem
1472 832 1585 872 lucta
1626 846 1748 886 quam

307 889 434 929 armis
475 888 670 943 excipere
713 889 968 944 preoptauit.
1030 889 1223 931 Eundem
1264 890 1433 931 adortus
1478 893 1589 931 terre
1632 894 1751 930 nuta-

310 946 499 987 bundum
530 946 744 1000 adegerat,
776 947 817 987 ni
850 946 1031 999 fortuna,
1064 961 1143 1002 que
1175 948 1286 989 uinci
1306 948 1497 989 uetulum
1528 961 1615 988 non
1645 948 1751 989 sine-

310 1004 406 1056 bat,
438 1004 588 1045 iniurie
617 1004 848 1046 restitisset.
911 1004 976 1045 Ita
1009 1005 1120 1046 enim
1151 1006 1406 1060 impellentis
1437 1004 1577 1046 Hamc
1610 1018 1751 1059 pugno

310 1062 483 1103 obrutus
517 1066 792 1114 memoratur,
832 1066 879 1102 ut
896 1063 1086 1116 0genibus
1116 1063 1240 1104 nixus
1282 1063 1455 1104 humum
1487 1069 1627 1104 mento
1658 1077 1752 1104 con-

309 1120 505 1174 tingeret.
568 1119 702 1168 Quam
735 1120 917 1175 corporis
947 1121 1212 1162 nutacionem
1254 1121 1425 1175 egregia
1455 1121 1622 1162 ulcione
1652 1135 1752 1176 pcn-

309 1178 433 1219 sauit.
480 1177 592 1218 Nam
617 1177 690 1218 ubi
712 1178 955 1219 resuscitato
977 1179 1136 1233 poplite
1160 1193 1330 1220 manum
1353 1178 1554 1233 expedire
1575 1178 1752 1220 ferrum-

309 1249 388 1290 que
436 1235 686 1290 distringere
732 1236 874 1289 licuit,
927 1236 1112 1277 medium
1156 1237 1296 1278 Hame
1342 1250 1490 1291 corpus
1541 1236 1750 1278 dissecuit.

308 1293 552 1347 Complures
598 1294 690 1347 agri
744 1307 1039 1348 sexagenaque
1081 1295 1291 1350 mancipia
1328 1294 1502 1336 uictorie
1546 1294 1750 1350 premium

308 1352 501 1393 extitere.
547 1351 598 1392 In
630 1351 822 1392 Saxones
852 1365 954 1393 uero
987 1356 1083 1406 post
1114 1352 1252 1394 Hame
1294 1351 1436 1394 cedem
1470 1351 1576 1394 adeo
1610 1351 1753 1394 Dano-

308 1424 401 1450 rum
441 1409 636 1450 insoleuit
677 1409 921 1464 imperium,
967 1414 1014 1450 ut
1061 1424 1137 1465 pro
1185 1410 1429 1452 cubitalium
1470 1410 1752 1451 membrorum

240 1486 256 1501 ·›
309 1467 495 1522 quolibet
525 1467 707 1508 indicem
737 1467 951 1508 seruitutis
982 1468 1133 1522 stipem
1156 1468 1380 1523 quotannis
1411 1468 1595 1522 pendere
1627 1481 1751 1522 coge-

308 1530 466 1566 rentur.
530 1524 651 1573 Quod
685 1538 784 1579 egre
826 1525 967 1567 ferens
998 1525 1164 1578 Hanef,
1208 1526 1366 1567 bellum
1398 1525 1603 1567 demende
1650 1539 1750 1580 pcn-

308 1583 433 1624 sionis
473 1582 668 1638 cupidine
711 1597 806 1624 cum
848 1582 987 1624 animo
1030 1583 1264 1626 uolutabat.
1326 1583 1516 1638 Cumque
1559 1584 1752 1638 pertinax

308 1655 426 1682 amor
456 1641 592 1695 patrie
625 1644 806 1682 mentem
838 1640 881 1681 in
913 1640 1000 1682 di'es
1032 1655 1324 1696 oppressorum
1355 1642 1628 1683 miseracione
1658 1655 1751 1696 per-

308 1698 528 1749 funderet,
572 1698 765 1753 spiritum
804 1712 879 1753 pro
920 1698 1115 1741 libertate
1155 1700 1307 1740 ciuium
1352 1713 1526 1753 erogare
1568 1700 1750 1754 cupiens,

241 1775 274 1802 ς·
309 1756 553 1798 rebellionis
584 1756 768 1797 studium
799 1756 1012 1810 patefecit.
1075 1756 1209 1805 Quem
1241 1757 1419 1807 Frotho,
1464 1757 1647 1799 traiectis
1678 1771 1752 1811 per

308 1814 480 1855 Albiam
524 1814 674 1868 copiis,
717 1813 830 1869 apud
870 1815 1007 1856 uicum
1040 1814 1255 1867 Hanofra,
1298 1815 1439 1856 taliter
1475 1815 1528 1856 ab
1569 1829 1617 1856 eo
1647 1829 1752 1856 nun-

309 1876 530 1927 cupatum,
573 1871 735 1913 occidit.
798 1871 1045 1926 Suertingus
1075 1886 1199 1925 uero,
1232 1886 1471 1927 quanquam
1501 1887 1584 1914 non
1615 1872 1752 1913 minus

309 1930 463 1971 ciuium
510 1930 790 1971 afflictacione
836 1934 1099 1981 moueretur,
1145 1930 1404 1972 dissimulato
1445 1931 1581 1985 patrie
1627 1930 1751 1984 malo,

308 1988 582 2042 peruicaciori
613 2001 738 2042 quam
760 1987 908 2029 Hanef
935 1988 1104 2041 ingenio
1136 1988 1343 2029 libertatis
1374 1989 1632 2043 propositum
1663 1988 1751 2042 agi-

308 2046 439 2087 tabat.
503 2045 626 2094 Quod
670 2045 837 2099 quidem
878 2045 1084 2095 studium,
1126 2045 1310 2087 dubitari
1349 2046 1474 2098 solet,
1519 2046 1666 2087 uirtuti
1697 2060 1750 2086 an

308 2104 415 2145 uicio
452 2104 625 2159 propius
666 2103 807 2145 fuerit.
877 2103 970 2157 Ego
1010 2117 1110 2144 uero
1149 2104 1275 2158 plane
1317 2104 1359 2145 id
1399 2104 1566 2145 sceleris
1605 2117 1749 2158 arguo,

308 2161 421 2216 quod
453 2161 650 2203 insidiosa
679 2161 929 2202 defeccionis
969 2161 1174 2215 cupiditas
1211 2161 1354 2204 edidit.
1414 2161 1526 2203 Nam
1557 2161 1635 2203 etsi
1679 2175 1750 2216 pa-

307 2220 387 2261 trie
418 2219 659 2261 libertatem
691 2232 865 2274 querere
896 2219 1076 2274 perutile
1118 2219 1355 2268 uidebatur,
1386 2219 1440 2260 ad
1470 2219 1579 2260 hanc
1609 2222 1750 2260 tamen

308 2277 405 2318 dolo
451 2291 499 2318 ac
546 2277 788 2332 prodicione
836 2276 1090 2318 contendere
1132 2291 1218 2318 non
1262 2277 1427 2319 licebat.
1500 2276 1607 2318 Cum
1646 2290 1747 2331 ergo

307 2335 521 2389 Suertingi
563 2334 724 2376 facinus
766 2334 892 2389 plane
931 2334 985 2375 ab
1028 2334 1199 2376 honesto
1241 2334 1525 2389 de<s>ciuerit,
1564 2348 1616 2375 ne
1646 2334 1749 2375 utile

307 2392 349 2433 id
381 2392 548 2447 quidem
580 2393 768 2434 extitisse
801 2392 1019 2434 constabit.
1071 2391 1208 2433 Nam*
1239 2393 1462 2447 speciosius
1494 2397 1557 2434 est
1586 2395 1744 2446 aperte,

308 2464 432 2505 quem
473 2451 605 2503 uelis,
658 2451 861 2491 incessere
915 2447 1153 2505 odiumlque
1194 2450 1236 2491 in
1272 2450 1494 2506 propatulo
1538 2463 1748 2502 exercere,

308 2521 434 2562 quam
481 2507 717 2549 adulterina
763 2507 1051 2548 familiaritate
1095 2521 1241 2549 ueram
1286 2508 1468 2549 nocendi
1510 2507 1748 2562 cupidinem

309 2566 543 2610 obscurare.
618 2565 702 2607 Sed
735 2564 931 2620 quicquid
977 2565 1132 2607 scelere
1172 2566 1348 2620 paritur,
1388 2566 1524 2620 gloria
1570 2578 1748 2606 uacuum

240 2630 278 2657 40
310 2627 385 2677 est,
416 2624 648 2682 breuesque
679 2627 721 2665 et
751 2622 943 2669 occiduos
972 2622 1132 2668 fructus
1162 2622 1302 2665 habet.
1344 2622 1455 2666 Nam
1486 2623 1591 2665 sicut
1621 2621 1750 2663 lubri-

1810 378 1884 413 (10⁶

1799 2391 1857 2420 LV

1803 2470 1828 2495 p.
1848 2462 1855 2487 5
