1884 3126
180 929 216 956 10

178 1218 214 1244 15

176 1505 213 1532 20

177 2083 212 2108 30

177 2371 212 2398 35

256 275 339 316 420
827 291 882 298 —-
942 265 1058 309 XIII
1119 290 1170 296 —-

255 400 328 443 dos
359 400 551 440 minatur.
599 397 830 437 Presentes
853 394 1005 435 deinde
1033 393 1224 449 'fraterne
1259 406 1507 447 coarguens,
1530 394 1696 436 curiosa

254 458 378 499 animi
410 454 674 509 inspeccione
708 452 974 507 equissimam
1003 454 1008 503 Ι
1036 452 1146 492 inter
1179 465 1252 492 eos
1293 451 1536 505 patrimonii
1568 453 1697 506 parti·
1750 476 1779 500 ρ.
1800 467 1851 495 628

257 515 511 569 cipacionem
544 510 720 566 peregit,
751 509 962 564 Ericoque
993 523 1041 551 ac
1072 509 1266 550 Haraldo
1299 509 1340 549 in
1373 513 1551 563 paterna
1585 510 1696 551 bona

253 571 436 612 eundum
466 569 680 610 iudicauit.

386 627 547 668 Eodem
591 631 779 680 tempore
834 624 1034 677 Henrici,
1090 623 1300 665 Suenonis
1351 624 1446 675 filii,
1497 626 1694 677 coniunx,

251 685 386 725 mariti
434 685 672 725 conuictum
726 683 887 737 ingenti
938 696 1088 737 perosa
1138 681 1329 728 fastidio,
1381 683 1519 723 aliena
1572 690 1694 724 ueste

250 747 438 797 sumpta,
489 742 573 782 suis
622 756 665 782 se
716 741 944 796 penatibus
996 740 1248 794 intempesta
1299 746 1423 781 nocte
1476 740 1694 783 subduxit.

249 799 375 854 Apud
408 814 534 854 quam
565 800 766 839 iuuenum
801 798 971 851 quidam
1005 797 1069 850 (ut
1101 797 1214 838 fama
1248 798 1332 850 est)
1366 798 1590 854 plurimam
1622 799 1694 840 ob-

249 858 393 912 sequio
425 856 751 897 familiaritatem
784 857 984 910 adeptus,
1018 854 1169 897 callide
1204 855 1362 907 effecit,
1407 861 1450 897 ut
1486 856 1538 897 ad
1571 871 1693 898 suum

249 929 340 957 eam
372 929 557 955 amorem
589 914 854 969 perduceret.
917 913 1106 966 Deinde,
1150 928 1202 954 ne
1235 927 1300 954 res
1333 914 1554 955 amborum
1585 915 1694 970 peri-

248 974 342 1014 culo
395 972 670 1027 proderetur,
722 971 987 1013 muliebriter
1039 972 1259 1023 allectam,
1312 973 1487 1013 uiriliter
1539 974 1693 1014 cultam

247 1030 404 1072 furtiue
445 1030 631 1071 deuexit.
704 1030 840 1077 Quam
883 1029 948 1069 uir
991 1028 1079 1069 eius
1118 1029 1299 1070 fortuitis
1341 1030 1591 1072 subsecutus
1633 1030 1693 1071 in-

248 1088 376 1140 diciis,
424 1088 534 1143 apud
567 1087 843 1139 Alaburgiam
892 1087 932 1127 in
978 1087 1094 1128 cultu
1131 1087 1324 1128 familiari
1369 1087 1691 1142 deprehensam,

247 1150 432 1187 amatore
454 1146 641 1200 delapso,
667 1145 838 1185 domum
862 1145 1044 1185 reduxit.
1095 1143 1258 1187 Verum
1281 1146 1389 1186 hanc
1422 1146 1692 1199 ignominiam

247 1218 271 1244 a
304 1203 564 1245 clandestino
599 1202 759 1243 Kanuti
794 1203 966 1244 consilio
1000 1202 1236 1257 profectam
1271 1208 1402 1256 ratus,
1434 1204 1691 1258 integerrimi

246 1261 323 1302 uiri
366 1261 654 1302 innocenciam
695 1261 831 1302 tacitis
865 1260 1114 1316 suspicionis
1146 1261 1331 1303 motibus
1363 1261 1600 1314 insecutus,
1632 1263 1692 1303 in-

246 1323 408 1361 sontem
440 1319 630 1360 notabat.

383 1376 555 1418 Interea
597 1375 860 1417 Sueticarum
905 1377 1094 1431 parcium
1132 1390 1232 1432 rege
1273 1377 1520 1432 absumpto,
1564 1378 1692 1419 Gothi

248 1448 467 1487 summam,
501 1436 619 1475 cuius
653 1448 776 1474 omne
799 1448 930 1489 penes
955 1435 1141 1476 Sueones
1165 1435 1381 1476 arbitrium
1407 1439 1509 1488 erat,
1534 1435 1689 1490 Magno

245 1491 410 1533 deferre
444 1493 547 1541 ausi,
581 1492 701 1532 alieni
734 1492 944 1547 priuilegii
978 1492 1230 1534 detrimento
1264 1492 1480 1547 dignitatis
1523 1494 1599 1534 sibi
1632 1494 1691 1534 in-

245 1554 458 1591 crementa
497 1550 743 1605 querebant.
818 1550 1008 1597 Quorum
1053 1550 1244 1592 Sueones
1291 1552 1545 1592 auctoritate
1593 1565 1690 1592 con-

245 1611 424 1662 tempta,
472 1613 661 1649 ueterem
707 1608 844 1661 gentis
891 1623 967 1649 sue
1019 1608 1333 1664 prerogatiuam
1386 1609 1426 1649 in
1473 1610 1689 1664 aliquanto

246 1664 496 1707 obscurioris
529 1666 674 1720 populi
708 1666 868 1706 inuidia
899 1666 1112 1720 deponere
1144 1667 1257 1722 passi
1279 1680 1362 1707 non
1396 1671 1508 1708 sunt.
1555 1667 1691 1721 Igitur

245 1723 416 1778 antique
459 1723 673 1778 dignitatis
715 1724 898 1778 speciem
940 1725 1175 1775 intuentes,
1219 1724 1385 1765 titulum
1420 1726 1572 1766 iniusta
1606 1726 1692 1766 col-

199 1794 209 1808 =
245 1781 408 1822 lacione
442 1787 686 1836 prereptum
720 1783 821 1823 noui
861 1783 974 1836 regis
1009 1783 1146 1824 electu
1179 1787 1408 1824 cassarunt.
1475 1783 1555 1829 Qui
1589 1797 1687 1823 mox

244 1851 269 1879 a
308 1839 458 1880 Gothis
501 1839 747 1893 trucidatus,
799 1845 929 1881 morte
970 1839 1126 1895 Magno
1165 1841 1387 1896 imperium
1430 1841 1566 1881 cessit.
1629 1841 1688 1881 At

246 1896 428 1948 Magnus
460 1898 710 1938 incidentem
744 1898 820 1938 sibi
861 1899 1109 1952 nupciarum
1153 1898 1390 1954 cupidinem
1426 1898 1687 1940 l'olanorum

244 1955 420 2009 presidis
453 1956 699 1997 Bokisclaui
732 1956 857 1996 filiani
886 1956 1144 2010 postulando
1178 1956 1420 2011 compleuit.
1485 1956 1579 2004 Qua
1611 1957 1687 1997 sibi

244 2026 319 2066 per
349 2013 648 2062 inlternuncios
690 2014 925 2068 desponsa,
958 2027 1056 2055 mox
1091 2014 1256 2055 Sclauie
1287 2014 1464 2055 excitam
1509 2021 1688 2069 paterno

244 2070 419 2125 imperio
453 2071 625 2112 classem
659 2071 858 2113 admouit.
923 2072 1020 2112 Rex
1063 2073 1147 2113 eius
1179 2071 1472 2113 Vartisclauus
1506 2073 1689 2113 diutinas

245 2142 339 2168 cum
371 2128 503 2170 Danis
537 2129 789 2184 Polanisque
823 2130 1066 2171 inimicicias
1110 2135 1315 2184 gesserat.
1379 2129 1460 2170 l-Iio
1486 2129 1687 2172 Nicolaus

245 2186 394 2227 urbem
436 2186 597 2228 Oznam
645 2201 893 2242 oppugnare
933 2187 1133 2242 adorsus,
1176 2188 1440 2229 obsidionem
1486 2188 1688 2243 paccione

245 2243 450 2285 redimere
497 2247 645 2299 coegit.
721 2246 827 2286 Inde
873 2246 1059 2287 Iulinum
1104 2247 1331 2300 nauigans,
1386 2244 1687 2287 Bokisclauum

246 2315 400 2355 magna
447 2317 574 2344 manu
619 2304 867 2344 instructum
919 2304 1090 2345 obuium
1140 2304 1299 2345 habuit.
1381 2302 1509 2344 Cuius
1560 2305 1688 2358 copiis

244 2364 402 2412 auctus,
445 2361 621 2402 celerem
663 2362 809 2416 oppidi
841 2360 1230 2417 expugnacionem*
1266 2362 1442 2416 peregit.
1505 2361 1683 2413 Deinde,

245 2417 389 2458 relicto
421 2419 594 2459 uictorie
626 2421 751 2471 socio,
785 2420 959 2460 allatam
990 2419 1075 2460 filio
1107 2433 1303 2473 sponsam
1334 2419 1517 2460 abducit.
1581 2418 1688 2459 Var-

246 2474 465 2528 tisclauus,
522 2491 610 2517 rem
663 2476 896 2519 Sclauicam
948 2477 1202 2518 intolerabili
1252 2477 1507 2517 uastacionis
1563 2491 1687 2518 onere

245 2531 399 2573 fessam
446 2535 726 2589 conspiciens,
770 2549 917 2589 pacem
965 2535 1170 2589 colloquio
1216 2535 1334 2589 petit.
1405 2534 1495 2581 Quo
1539 2548 1687 2588 parum

246 2602 445 2645 prospere
467 2591 624 2643 habito,
645 2593 735 2646 pari
758 2593 1066 2647 supplicacione
1088 2592 1201 2646 apud
1223 2592 1405 2633 Strelam
1427 2591 1687 2633 discedentes

177 2658 213 2685 40
243 2648 498 2701 aggreditur.
570 2648 655 2691 Vbi
686 2664 780 2691 cuin
822 2651 934 2705 pacis
977 2650 1220 2704 pignoribus
1266 2649 1418 2703 fretus,
1467 2649 1685 2704 nauigium
