1884 3126
57 888 89 916 10

56 1179 91 1207 15

51 1468 89 1495 20

51 1758 87 1785 25

49 2047 86 2075 30

47 2335 84 2362 35

46 2625 83 2653 40

659 251 712 260 ·—
772 228 912 273 XIIII
972 253 1027 262 --
1481 231 1562 276 625

120 354 201 398 His
227 354 232 410 Ι
260 354 392 407 dictis,
419 356 596 411 genibus
620 358 731 412 regis
752 359 939 414 supplice
962 360 1084 401 uultu
1105 359 1394 414 gemebundus
1415 360 1563 402 aduol-

120 415 246 456 uitur.
307 413 444 462 Quem
479 428 569 468 rex,
600 416 802 470 preterite
823 417 1010 459 amicicie
1031 418 1285 459 uerecundia
1308 432 1561 473 consurgere

119 472 299 522 iussum,
331 472 496 526 ingrate
539 473 692 514 mentis
735 474 1070 528 exprobracione
1102 476 1315 530 coarguit,
1346 475 1459 517 illius
1489 489 1564 531 per

119 529 292 571 insidias
323 529 587 584 opprimendi
626 531 856 586 eupiditate
897 532 1136 587 perfusum,
1172 533 1288 574 cuius
1319 547 1344 574 a
1374 534 1564 588 primeua

121 591 233 629 etate
280 591 531 642 perpetuam
577 589 794 630 caritatem
841 594 1040 644 expertus
1085 590 1233 643 fuerit,
1275 604 1300 631 a
1339 605 1421 646 quo
1463 591 1564 633 belli

122 644 313 687 Grathici
344 645 607 700 temporibus
638 660 720 687 non
751 651 917 687 tantum
962 647 1156 702 spiritum
1186 647 1265 689 sibi
1296 648 1454 702 datum,
1487 649 1562 690 sed

121 703 255 744 eciam
299 702 463 744 adiecta
503 704 722 758 potestatis
759 704 1018 746 incrementa
1055 706 1303 747 meminerit.
1365 705 1419 747 Se
1451 707 1563 747 enim

120 775 207 802 non
247 761 383 802 solum
425 761 733 816 propinquitati
777 762 1028 817 supplicium
1057 763 1287 817 remisisse,
1327 763 1400 805 sed
1431 764 1564 805 eciam

122 818 457 861 munificenciam
488 818 754 873 impendisse,
787 834 883 860 eum
913 834 1035 873 uero,
1078 834 1173 861 eum
1202 821 1329 862 fidem
1359 821 1561 863 beneficio

119 876 344 927 debuisset,
376 876 597 932 perfidiam
627 877 883 932 rependisse.
944 877 1095 932 Itaque
1118 878 1360 919 meritorum
1391 893 1564 920 suorum

122 934 377 976 obliuionem
408 935 461 976 ab
493 948 541 975 eo
565 938 652 975 tam
672 936 865 990 nequiter
887 940 1025 976 actam
1046 935 1270 988 admirans,
1293 950 1369 977 nec
1390 937 1563 990 pristine

121 991 390 1034 confessionis
421 992 657 1034 assercione
690 997 919 1043 contentus,
952 1007 1006 1034 an
1037 1007 1081 1034 se
1111 1006 1187 1047 per
1218 993 1387 1035 insidias
1426 995 1564 1049 oppri-

121 1064 235 1092 mere
267 1050 503 1105 cogitasset,
536 1051 745 1105 inquirere
776 1051 1076 1106 perseuerauit.
1138 1050 1238 1104 Ille,
1271 1065 1347 1092 nec
1377 1052 1562 1092 animum

121 1108 201 1150 sibi
230 1122 307 1149 nec
337 1122 455 1149 arma
486 1107 697 1163 nihilque,
731 1108 842 1163 quod
864 1107 878 1162 ἸΙ
902 1113 1018 1149 tanto
1050 1108 1224 1149 facinori
1254 1109 1448 1161 attinuit,
1491 1124 1563 1151 ex-

122 1170 241 1222 cepto
282 1166 350 1207 dei
390 1170 519 1218 nutu,
561 1166 744 1208 defuisse
790 1166 1020 1208 subiunxit.
1082 1165 1327 1207 Delectatus
1368 1181 1445 1207 rex
1478 1172 1565 1208 tam

122 1224 271 1265 audaci
308 1224 489 1265 hominis
530 1238 751 1278 responso,
792 1225 961 1265 ueniam
1001 1238 1043 1265 se
1076 1224 1328 1265 confessioni
1369 1224 1563 1276 tribuere,

121 1296 204 1323 non
248 1281 579 1323 familiaritatem
626 1282 845 1323 restituere
892 1282 1023 1334 dixit,
1069 1296 1122 1322 ne
1165 1296 1330 1322 rursum
1371 1283 1563 1332 ¹amicicie

122 1339 245 1395 copia
275 1339 522 1381 insidiarum
552 1340 862 1381 irritamentum
893 1339 1106 1381 existeret.
1167 1338 1360 1380 Eundem
1398 1353 1561 1395 quoque

122 1399 249 1439 tacita
279 1398 334 1439 ad
365 1397 584 1439 Kanutum
615 1397 876 1439 Karolumue
909 1397 1107 1438 mandata
1138 1397 1293 1438 habere
1332 1397 1561 1452 prohibuit,

118 1456 340 1509 monitum,
372 1469 424 1497 ne
452 1455 619 1510 culpam
651 1460 841 1511 repetere
872 1455 988 1505 uelit,
1023 1455 1089 1496 cui
1112 1454 1299 1495 diuinam
1323 1455 1562 1510 potenciam

121 1517 211 1555 tam
241 1518 479 1555 constanter
502 1513 636 1554 obniti
668 1513 933 1568 persenserit.
977 1512 1056 1553 Ille
1088 1526 1148 1565 se,
1179 1512 1315 1567 siquid
1348 1513 1431 1554 tale
1453 1527 1562 1554 com-

120 1571 319 1624 mitteret,
350 1571 560 1613 ulterioris
583 1572 705 1613 uenie
725 1571 921 1613 remediis
952 1570 1170 1625 indignum
1200 1584 1364 1624 uocare,
1396 1584 1448 1612 ne
1469 1584 1561 1625 pre-

120 1629 235 1671 cibus
275 1629 461 1684 quidem,
488 1630 667 1677 salutem
709 1629 905 1684 deinceps
943 1630 1050 1669 tueri
1089 1642 1301 1669 ausurum.
1363 1627 1453 1676 Quo
1484 1642 1560 1670 rex

119 1687 292 1729 sedendi
336 1687 476 1729 locum
522 1691 713 1742 repetere
759 1687 890 1738 iusso,
940 1686 1128 1741 protinus
1179 1685 1382 1727 Suenonis
1427 1686 1560 1727 filium

118 1744 437 1799 Christiernum,
470 1759 608 1800 quem,
640 1750 810 1800 peracta
832 1744 976 1799 Magni
999 1757 1136 1796 causa,
1168 1757 1242 1798 per
1273 1743 1559 1796 ignoraneiam

118 1816 237 1845 casus
279 1803 511 1856 obtulerat,
553 1803 755 1844 iracunda
796 1802 850 1843 ad
891 1802 1065 1843 modum
1105 1801 1374 1842 accusacione
1419 1815 1558 1855 perse-

118 1861 272 1916 quitur.
335 1861 417 1910 Qui
449 1875 542 1903 cum
573 1875 616 1902 se
648 1860 847 1902 consortis
877 1859 1030 1900 indicio
1064 1858 1275 1914 proditum
1317 1859 1557 1913 accepisset,

117 1919 368 1960 defensionis
398 1920 520 1974 inops
550 1919 807 1960 confessione
838 1918 1007 1959 ueniam
1034 1916 1289 1971 impetrauit,
1321 1930 1398 1956 nec
1422 1917 1558 1957 solum

118 1977 332 2032 spiritum,
372 1991 523 2019 uerum
563 1977 697 2018 eciam
742 1977 946 2018 bonorum
993 1975 1178 2016 omnium
1224 1973 1557 2015 incolumitatem

116 2039 329 2076 assecutus
360 2039 435 2088 est,
467 2035 595 2077 exilio
617 2034 826 2075 duntaxat
856 2047 986 2088 penas
1009 2032 1108 2073 dare
1130 2038 1310 2085 coactus,
1341 2045 1394 2072 ne
1415 2045 1555 2086 prom-

115 2096 211 2147 ptus
241 2092 294 2134 ad
326 2093 482 2134 crimen
512 2106 727 2147 regressus
748 2089 1028 2147 suppe*teret.
1076 2089 1143 2130 Ita
1165 2089 1401 2130 moderaeio
1425 2089 1556 2130 mani-

116 2151 269 2193 festam
298 2151 443 2192 militis
484 2151 675 2206 culpam,
708 2154 1027 2203 extremumque
1068 2147 1319 2202 supplicium
1349 2147 1555 2200 meritam,

115 2209 421 2265 proscripcione
452 2209 616 2263 insequi
647 2212 846 2249 contenta
877 2206 1029 2248 extitit.
1091 2205 1251 2246 Taliter
1282 2208 1430 2245 exacto
1462 2218 1556 2245 con-

116 2267 231 2319 cilio,
277 2267 517 2322 Magnoque
563 2266 756 2307 Fioniam
801 2279 994 2316 reuerso,
1035 2262 1333 2305 Waldemarus
1372 2262 1555 2319 insulam

114 2324 300 2366 ferarum
331 2325 531 2379 gregibus
562 2323 870 2375 abundantem,
903 2336 1016 2363 more
1047 2321 1163 2375 regio
1196 2319 1325 2375 prede
1363 2319 1554 2360 uenatice

115 2387 362 2435 uacaturus,
407 2381 654 2436 ingreditur.
726 2381 817 2429 Quo
863 2380 946 2421 loci
991 2379 1178 2420 Absalon
1224 2383 1265 2419 et
1309 2377 1491 2419 Ascerus
1529 2391 1554 2417 a

115 2440 302 2482 maximo
343 2440 538 2495 pontifice
569 2439 732 2480 Eskillo
775 2439 828 2480 ob
859 2437 1028 2479 ueniam
1070 2436 1157 2478 eius
1197 2435 1417 2490 nepotibus
1458 2448 1551 2475 con-

116 2497 354 2549 ciliandam,
387 2511 467 2553 que
498 2497 644 2551 Magni
675 2496 870 2551 exemplo
903 2492 1102 2550 sponderi
1131 2493 1378 2545 uidebatur,
1420 2497 1553 2533 trans-

116 2556 251 2609 missi,
297 2555 602 2597 inexorabilem
642 2554 752 2608 regis
790 2553 977 2594 animum
1017 2552 1181 2606 experti
1221 2558 1329 2592 sunt.
1389 2550 1430 2591 A
1472 2563 1552 2603 quo

113 2613 282 2654 demum
304 2613 500 2667 Ascerus,
533 2627 588 2654 an
609 2611 913 2653 coniuracionis
935 2610 1145 2651 fautorem
1167 2609 1331 2663 egisset,
1351 2604 1551 2663 rogaltus,

183 2685 262 2714 Saxo
281 2685 514 2714 Grammaticus.
1369 2677 1415 2715 40

1621 382 1649 406 p,
1668 374 1718 400 911

1617 1118 1712 1153 (355)

1577 2103 1815 2134 cnxxxlnlb

1605 2628 1629 2653 p.
1650 2619 1702 2648 912
1728 2644 1731 2647 ⁴
