1884 3126
63 622 80 650 5

45 913 83 941 10

46 1202 82 1230 15

47 1491 85 1520 20

47 1782 85 1810 25

48 2072 86 2100 30

50 2361 86 2389 35

658 267 707 274 —-
769 242 909 286 XIIII
973 269 1023 277 --
1483 244 1562 286 451

115 374 255 428 batur,
287 373 512 429 acciperet
575 372 672 421 Quo
705 373 890 438 cognito,
922 372 1142 428 Romanus
1175 373 1353 415 antistes
1385 372 1567 415 acerbis-

116 433 220 474 sima
251 430 456 473 aduersus
489 445 584 473 eum
618 431 892 474 execracione
920 445 1034 483 usus,
1068 432 1217 473 ceteris
1249 445 1325 487 per
1346 430 1567 487 Europam

115 489 388 546 pontificibus
429 489 620 531 similiter
662 489 703 530 in
743 490 882 544 ipsum
913 489 1225 545 pronunciandi
1266 490 1417 531 detulit
1446 493 1567 545 pote-

116 551 282 591 statem.
343 547 597 589 Mand-atum
637 561 807 603 quoque
850 546 902 588 ad
936 547 1157 589 uniuersos
1189 547 1301 589 Iutie
1342 548 1567 603 pontifices

113 606 244 660 dedit,
275 609 323 647 ut
355 606 596 648 sentencias
629 605 861 647 aduersum
895 605 1147 660 sacrilegam
1181 606 1268 647 eius
1301 605 1567 662 impietatem

115 664 257 707 debita
307 664 675 705 animaduersione
718 663 1042 718 destringendas
1085 668 1307 718 curarent,
1347 664 1566 719 indignum

114 737 192 765 usu
211 735 427 763 sacrorum
449 722 708 774 existimans,
727 721 796 777 qui
814 721 1022 762 celebrem
1046 735 1192 763 eorum
1222 722 1458 763 ministrum
1492 736 1566 778 op-

114 780 328 837 presserit.
409 780 559 822 Ericus
610 794 736 834 uero,
789 784 1007 835 comperto
1057 779 1245 821 Olauum
1291 780 1565 821 Hallandiam

115 845 280 894 petere,
326 838 528 880 festinato
575 843 673 894 post
720 852 815 880 eum
858 838 1121 893 pei-uehitur.
1200 837 1330 879 Cuius
1376 838 1566 880 aduentu

115 897 276 939 Olauus
308 897 421 952 apud
454 896 730 952 Arystadium
761 897 975 948 nunciato,
1009 895 1135 937 uicini
1166 896 1307 951 pontis
1340 894 1564 952 beneficio!

113 956 214 1010 fuge
257 955 491 1007 consuluit,
537 968 672 1010 eoque
712 958 806 1010 post
844 959 1007 1009 tergum
1043 954 1247 1009 abrupto,
1290 954 1331 994 in
1371 955 1567 1010 proxima

114 1014 206 1069 ripa
243 1016 361 1054 tutus
403 1012 608 1055 consedit.
678 1013 810 1054 Pauci
856 1027 908 1054 ex
940 1012 1144 1053 militibus
1178 1012 1293 1066 eius,
1326 1014 1479 1068 quibus
1513 1013 1567 1055 ob

114 1073 316 1113 uirtutem
355 1076 429 1112 aut
469 1075 685 1126 torporem
727 1071 830 1126 fuga
869 1070 1029 1112 tardior
1062 1074 1172 1123 erat,
1204 1083 1229 1110 a
1261 1071 1568 1125 superuenien-

114 1130 226 1171 tibus
260 1129 456 1185 occupati
487 1129 735 1172 funduntur.
798 1128 920 1170 Tunc
950 1128 1190 1183 Ingimarus
1223 1128 1409 1183 quidam,
1441 1133 1567 1171 uetus

113 1188 226 1230 Erici
258 1188 391 1239 miles,
426 1187 614 1229 emulum
645 1188 735 1228 eius
767 1201 852 1239 non
881 1187 1091 1228 bellorum
1112 1186 1342 1241 impendio,
1375 1187 1450 1229 sed
1482 1187 1568 1230 leui

115 1245 361 1287 insidiarum
382 1251 597 1287 momento
617 1245 855 1288 tollendum
879 1249 1009 1299 ratus,
1026 1245 1280 1299 illectusque
1304 1246 1395 1287 siue
1417 1246 1568 1300 premii

118 1319 194 1360 spe
225 1305 315 1346 siue
348 1304 483 1358 glorie
514 1303 723 1359 cupidine,
756 1303 978 1358 transfuge
1018 1303 1141 1344 titulo
1176 1302 1360 1344 Olauum
1403 1303 1568 1358 petiuit,

118 1376 300 1417 eumque
332 1362 597 1404 transicionis
620 1361 893 1403 simulacione
917 1365 1102 1412 secutus,
1126 1361 1293 1402 tandem
1322 1362 1365 1402 in
1395 1361 1566 1417 publico

117 1425 381 1476 pergentem,
415 1419 511 1475 equi
542 1421 794 1475 pernicitate
818 1419 964 1472 fretus,
987 1419 1073 1461 telo
1097 1419 1289 1461 traiicere
1313 1419 1567 1474 destinauit3

117 1479 457 1533 complessetque
501 1484 675 1531 uotum,
715 1479 757 1519 ni
798 1477 960 1520 Olauus
1004 1482 1180 1532 repente
1225 1491 1333 1533 equo
1367 1478 1566 1534 delapsus

116 1537 341 1579 imminens
374 1536 559 1578 iaculum
591 1536 799 1578 industria
831 1536 1020 1592 corporis
1053 1536 1341 1577 declinacione
1375 1536 1565 1578 uitasset.

116 1594 285 1637 Deinde
319 1595 494 1636 citatum
535 1595 671 1636 acrius
716 1609 897 1650 equum,
931 1594 1031 1636 dum
1063 1594 1279 1635 incaucius
1322 1593 1424 1649 fuge
1457 1608 1569 1636 com-

115 1653 317 1709 pendium
351 1652 501 1708 querit,
533 1653 574 1693 in
598 1653 789 1708 palustre
813 1667 964 1694 cenum
986 1652 1232 1707 precipitem
1258 1653 1358 1706 agit,
1392 1653 1568 1708 eiusque

117 1711 394 1765 uoraginibus
415 1711 654 1767 implicatus
679 1711 943 1766 opprimitur,
974 1710 1195 1766 proposito
1220 1724 1371 1765 parum
1397 1724 1569 1766 respon-

117 1769 246 1811 dente
279 1768 464 1811 fortuna.

254 1827 358 1870 Post
388 1828 467 1869 hec
499 1826 649 1868 Ericus
679 1827 931 1882 nupciarum
963 1826 1213 1868 sollicitatus
1252 1826 1431 1881 affectu,
1465 1827 1567 1868 Bre-

116 1898 282 1926 morum
322 1885 520 1927 antistitis
565 1885 752 1926 Harwici
794 1898 1041 1940 germanam
1072 1898 1251 1926 uxorem
1284 1884 1429 1938 duxit,
1462 1889 1566 1926 natu

117 1943 290 1998 quidem
330 1943 539 1997 nobilem,
583 1943 655 1984 sed
695 1957 780 1985 non
824 1947 911 1984 tam
941 1942 1153 1998 pudicicia
1188 1958 1314 1998 quam
1348 1943 1567 1998 parentela

118 2002 401 2057 conspicuam.
464 2001 596 2043 Cuius
638 2002 838 2043 instinctu
880 2006 1027 2042 uetera
1070 2016 1221 2056 regum
1252 2000 1494 2056 latillfundia
1524 2001 1568 2042 in

117 2074 190 2102 eos
230 2061 430 2113 maxime,
471 2074 651 2115 quorum
686 2059 784 2101 forti
828 2073 958 2114 opera
998 2058 1203 2101 aduersus
1247 2059 1433 2101 Olauum
1467 2073 1568 2101 usus

117 2118 279 2170 fuerat,
327 2118 440 2159 dono
486 2118 687 2170 contulit,
730 2132 871 2174 neque
913 2119 1042 2172 regiis
1086 2118 1257 2172 opibus,
1306 2131 1387 2173 quo
1430 2119 1569 2159 minus

118 2180 315 2231 suscepta
355 2190 432 2231 pro
474 2191 518 2218 se
561 2176 751 2231 pericula
790 2180 1058 2231 repensaret,
1100 2176 1312 2231 pepercit,
1356 2176 1476 2231 quasi
1516 2175 1570 2216 ad

119 2234 200 2275 hoc
231 2237 395 2275 tantum
428 2248 498 2276 eas
530 2235 774 2290 recepisset,
807 2239 854 2275 ut
884 2234 923 2274 in
957 2234 1063 2275 alios
1092 2233 1322 2287 largicione
1355 2233 1569 2275 transfun-

120 2292 240 2333 deret
272 2295 470 2348 totasque
503 2293 703 2346 stipendii
724 2292 818 2333 loco
841 2292 1045 2333 militibus
1079 2296 1291 2346 erogaret.
1346 2292 1569 2333 Postremo

117 2350 305 2392 emulum
336 2349 450 2405 apud
480 2349 681 2391 Thiutam
714 2364 883 2391 amnem
905 2364 1000 2391 cum
1023 2350 1185 2391 maiore
1208 2350 1427 2405 copiarum
1448 2354 1571 2405 parte

121 2408 231 2449 bello
273 2407 443 2449 deleuit.
517 2407 680 2449 Verum
726 2422 811 2449 non
856 2408 1006 2449 eadem
1052 2408 1209 2449 uirtute
1257 2409 1482 2463 peregrina
1525 2422 1574 2449 ac

121 2464 361 2519 dolmestica
392 2466 505 2507 bella
537 2465 733 2508 confecit.
779 2465 1094 2520 Expediciones
1128 2466 1252 2519 enim,
1287 2479 1390 2520 quas
1422 2466 1573 2507 aduer-

122 2537 214 2565 sum
246 2523 417 2565 Sclauos
451 2523 664 2577 ductabat,
697 2537 780 2565 non
810 2528 897 2565 tam
939 2524 1082 2565 timori
1122 2524 1180 2565 eis
1221 2537 1348 2578 quam
1391 2524 1573 2565 ludibrio

123 2581 255 2623 fuere.
315 2581 579 2623 Adeoenim
602 2581 716 2637 apud
738 2596 835 2623 eum
856 2582 1013 2623 inercia
1035 2579 1176 2623 omnia
1197 2582 1417 2636 solutaque
1439 2582 1573 2632 fuere,

57 2650 91 2679 40
121 2644 168 2681 ut
198 2654 250 2681 ne
283 2654 308 2681 a
337 2640 430 2681 uiro
464 2639 634 2695 quidem
666 2640 779 2681 edita
810 2644 1075 2695 putarentur.
1128 2639 1269 2680 Infimi
1301 2641 1501 2695 cuiusque
1531 2641 1574 2683 in

1373 2708 1440 2744 29*

1621 963 1719 996 p.671

1625 2007 1719 2042 (253)

1626 2484 1655 2509 p.
1676 2475 1728 2502 672
