<?xml version="1.0" encoding="UTF-8"?>
<!DOCTYPE html PUBLIC "-//W3C//DTD XHTML 1.0 Transitional//EN"
    "http://www.w3.org/TR/xhtml1/DTD/xhtml1-transitional.dtd">
<html xmlns="http://www.w3.org/1999/xhtml" xml:lang="en" lang="en">
 <head>
  <title>
</title>
<meta http-equiv="Content-Type" content="text/html;charset=utf-8" />
  <meta name='ocr-system' content='tesseract 3.04.00' />
  <meta name='ocr-capabilities' content='ocr_page ocr_carea ocr_par ocr_line ocrx_word'/>
</head>
<body>
  <div class='ocr_page' id='page_1' title='image "./saxonisgrammatic00saxouoft_0275.png"; bbox 0 0 1884 3126; ppageno 0'>
   <div class='ocr_carea' id='block_1_1' title="bbox 111 891 147 918">
    <p class='ocr_par' dir='ltr' id='par_1_1' title="bbox 111 891 147 918">
     <span class='ocr_line' id='line_1_1' title="bbox 111 891 147 918; baseline 0.028 -1"><span class='ocrx_word' id='word_1_1' title='bbox 111 891 147 918; x_wconf 85' lang='lat'>10</span> 
     </span>
    </p>
   </div>
   <div class='ocr_carea' id='block_1_2' title="bbox 109 1183 145 1210">
    <p class='ocr_par' dir='ltr' id='par_1_2' title="bbox 109 1183 145 1210">
     <span class='ocr_line' id='line_1_2' title="bbox 109 1183 145 1210; baseline 0 0"><span class='ocrx_word' id='word_1_2' title='bbox 109 1183 145 1210; x_wconf 89' lang='lat'>15</span> 
     </span>
    </p>
   </div>
   <div class='ocr_carea' id='block_1_3' title="bbox 105 2341 142 2368">
    <p class='ocr_par' dir='ltr' id='par_1_3' title="bbox 105 2341 142 2368">
     <span class='ocr_line' id='line_1_3' title="bbox 105 2341 142 2368; baseline 0 0"><span class='ocrx_word' id='word_1_3' title='bbox 105 2341 142 2368; x_wconf 80' lang='lat'>35</span> 
     </span>
    </p>
   </div>
   <div class='ocr_carea' id='block_1_4' title="bbox 108 2631 143 2660">
    <p class='ocr_par' dir='ltr' id='par_1_4' title="bbox 108 2631 143 2660">
     <span class='ocr_line' id='line_1_4' title="bbox 108 2631 143 2660; baseline -0.057 0"><span class='ocrx_word' id='word_1_4' title='bbox 108 2631 143 2660; x_wconf 73' lang='lat'>40</span> 
     </span>
    </p>
   </div>
   <div class='ocr_carea' id='block_1_5' title="bbox 757 220 1623 267">
    <p class='ocr_par' dir='ltr' id='par_1_5' title="bbox 757 220 1623 267">
     <span class='ocr_line' id='line_1_5' title="bbox 757 220 1623 267; baseline 0.002 -2"><span class='ocrx_word' id='word_1_5' title='bbox 757 245 813 252; x_wconf 90' lang='lat'>—</span> <span class='ocrx_word' id='word_1_6' title='bbox 871 220 937 264; x_wconf 91' lang='lat' dir='ltr'>VI</span> <span class='ocrx_word' id='word_1_7' title='bbox 999 247 1053 253; x_wconf 92' lang='lat'><em>-</em></span> <span class='ocrx_word' id='word_1_8' title='bbox 1546 226 1623 267; x_wconf 88' lang='grc'>181</span> 
     </span>
    </p>
   </div>
   <div class='ocr_carea' id='block_1_6' title="bbox 177 347 1627 1452">
    <p class='ocr_par' dir='ltr' id='par_1_6' title="bbox 177 347 1627 1045">
     <span class='ocr_line' id='line_1_6' title="bbox 179 347 1627 405; baseline 0.002 -14"><span class='ocrx_word' id='word_1_9' title='bbox 179 349 258 391; x_wconf 89' lang='lat' dir='ltr'>bus</span> <span class='ocrx_word' id='word_1_10' title='bbox 289 349 502 391; x_wconf 83' lang='lat' dir='ltr'>obiectare</span> <span class='ocrx_word' id='word_1_11' title='bbox 534 347 779 405; x_wconf 87' lang='lat' dir='ltr'>precipitur.</span> <span class='ocrx_word' id='word_1_12' title='bbox 843 347 976 403; x_wconf 81' lang='lat' dir='ltr'><strong>Igitur</strong></span> <span class='ocrx_word' id='word_1_13' title='bbox 1010 351 1266 405; x_wconf 85' lang='lat' dir='ltr'>experiende</span> <span class='ocrx_word' id='word_1_14' title='bbox 1297 351 1470 394; x_wconf 87' lang='lat' dir='ltr'>uisionis</span> <span class='ocrx_word' id='word_1_15' title='bbox 1502 365 1627 394; x_wconf 87' lang='lat' dir='ltr'>causa</span> 
     </span>
     <span class='ocr_line' id='line_1_7' title="bbox 179 407 1626 464; baseline 0.001 -15"><span class='ocrx_word' id='word_1_16' title='bbox 179 421 362 463; x_wconf 82' lang='lat' dir='ltr'>anguem</span> <span class='ocrx_word' id='word_1_17' title='bbox 395 407 517 449; x_wconf 86' lang='lat' dir='ltr'>undis</span> <span class='ocrx_word' id='word_1_18' title='bbox 552 411 838 461; x_wconf 83' lang='lat' dir='ltr'>emergentem</span> <span class='ocrx_word' id='word_1_19' title='bbox 872 407 1061 461; x_wconf 81' lang='lat' dir='ltr'>adortus,</span> <span class='ocrx_word' id='word_1_20' title='bbox 1094 408 1165 449; x_wconf 83' lang='lat' dir='ltr'>diu</span> <span class='ocrx_word' id='word_1_21' title='bbox 1186 409 1227 450; x_wconf 92' lang='lat' dir='ltr'>in</span> <span class='ocrx_word' id='word_1_22' title='bbox 1249 424 1494 464; x_wconf 87' lang='lat' dir='ltr'>squameum</span> <span class='ocrx_word' id='word_1_23' title='bbox 1515 410 1626 452; x_wconf 86' lang='lat' dir='ltr'>latus</span> 
     </span>
     <span class='ocr_line' id='line_1_8' title="bbox 178 464 1627 522; baseline 0.001 -15"><span class='ocrx_word' id='word_1_24' title='bbox 178 466 296 507; x_wconf 88' lang='lat' dir='ltr'>irrita</span> <span class='ocrx_word' id='word_1_25' title='bbox 318 466 402 508; x_wconf 88' lang='lat' dir='ltr'>tela</span> <span class='ocrx_word' id='word_1_26' title='bbox 424 465 626 518; x_wconf 83' lang='lat' dir='ltr'>coniecit;</span> <span class='ocrx_word' id='word_1_27' title='bbox 649 464 806 520; x_wconf 79' lang='lat' dir='ltr'>quippe</span> <span class='ocrx_word' id='word_1_28' title='bbox 831 465 845 517; x_wconf 80' lang='grc' dir='ltr'>Η</span> <span class='ocrx_word' id='word_1_29' title='bbox 869 465 1124 520; x_wconf 90' lang='lat' dir='ltr'>spiculorum</span> <span class='ocrx_word' id='word_1_30' title='bbox 1142 468 1365 522; x_wconf 84' lang='lat' dir='ltr'>impulsum</span> <span class='ocrx_word' id='word_1_31' title='bbox 1384 467 1627 522; x_wconf 87' lang='lat' dir='ltr'>crust[r]ata</span> 
     </span>
     <span class='ocr_line' id='line_1_9' title="bbox 179 523 1626 580; baseline 0.001 -14"><span class='ocrx_word' id='word_1_32' title='bbox 179 525 368 580; x_wconf 86' lang='lat' dir='ltr'>corporis</span> <span class='ocrx_word' id='word_1_33' title='bbox 401 523 584 565; x_wconf 82' lang='lat' dir='ltr'>duricies</span> <span class='ocrx_word' id='word_1_34' title='bbox 615 523 915 565; x_wconf 74' lang='lat' dir='ltr'>frustrabatur.</span> <span class='ocrx_word' id='word_1_35' title='bbox 973 523 1074 579; x_wconf 87' lang='lat' dir='ltr'>Ipse</span> <span class='ocrx_word' id='word_1_36' title='bbox 1104 539 1206 566; x_wconf 87' lang='lat' dir='ltr'>uero</span> <span class='ocrx_word' id='word_1_37' title='bbox 1239 525 1426 578; x_wconf 78' lang='lat' dir='ltr'>coluber,</span> <span class='ocrx_word' id='word_1_38' title='bbox 1459 526 1626 567; x_wconf 85' lang='lat' dir='ltr'>crebras</span> 
     </span>
     <span class='ocr_line' id='line_1_10' title="bbox 177 581 1626 637; baseline 0.001 -14"><span class='ocrx_word' id='word_1_39' title='bbox 177 582 229 623; x_wconf 88' lang='lat' dir='ltr'>ad</span> <span class='ocrx_word' id='word_1_40' title='bbox 263 582 437 624; x_wconf 89' lang='lat' dir='ltr'>modum</span> <span class='ocrx_word' id='word_1_41' title='bbox 479 581 614 637; x_wconf 78' lang='lat' dir='ltr'>spiras</span> <span class='ocrx_word' id='word_1_42' title='bbox 655 581 843 635; x_wconf 81' lang='lat' dir='ltr'>agitans⁷</span> <span class='ocrx_word' id='word_1_43' title='bbox 889 581 1120 625; x_wconf 86' lang='lat' dir='ltr'>orbiculato</span> <span class='ocrx_word' id='word_1_44' title='bbox 1165 583 1297 624; x_wconf 87' lang='lat' dir='ltr'>caude</span> <span class='ocrx_word' id='word_1_45' title='bbox 1338 584 1450 625; x_wconf 86' lang='lat' dir='ltr'>flexu</span> <span class='ocrx_word' id='word_1_46' title='bbox 1493 588 1626 624; x_wconf 87' lang='lat' dir='ltr'>tactas</span> 
     </span>
     <span class='ocr_line' id='line_1_11' title="bbox 180 639 1625 697; baseline 0.001 -16"><span class='ocrx_word' id='word_1_47' title='bbox 180 640 315 682; x_wconf 86' lang='lat' dir='ltr'>obiter</span> <span class='ocrx_word' id='word_1_48' title='bbox 338 640 511 681; x_wconf 87' lang='lat' dir='ltr'>arbores</span> <span class='ocrx_word' id='word_1_49' title='bbox 533 639 725 696; x_wconf 82' lang='lat' dir='ltr'>stirpitus</span> <span class='ocrx_word' id='word_1_50' title='bbox 749 639 981 681; x_wconf 85' lang='lat' dir='ltr'>euertebat.</span> <span class='ocrx_word' id='word_1_51' title='bbox 1035 640 1246 694; x_wconf 85' lang='lat' dir='ltr'>Ceterum,</span> <span class='ocrx_word' id='word_1_52' title='bbox 1273 641 1418 682; x_wconf 86' lang='lat' dir='ltr'>crebro</span> <span class='ocrx_word' id='word_1_53' title='bbox 1442 642 1625 697; x_wconf 87' lang='lat' dir='ltr'>corporis</span> 
     </span>
     <span class='ocr_line' id='line_1_12' title="bbox 179 697 1624 754; baseline 0.001 -15"><span class='ocrx_word' id='word_1_54' title='bbox 179 704 315 740; x_wconf 89' lang='lat' dir='ltr'>tractu</span> <span class='ocrx_word' id='word_1_55' title='bbox 341 703 493 740; x_wconf 88' lang='lat' dir='ltr'>cauata</span> <span class='ocrx_word' id='word_1_56' title='bbox 514 698 566 739; x_wconf 89' lang='lat' dir='ltr'>ad</span> <span class='ocrx_word' id='word_1_57' title='bbox 590 697 774 739; x_wconf 89' lang='lat' dir='ltr'>solidum</span> <span class='ocrx_word' id='word_1_58' title='bbox 808 697 948 749; x_wconf 78' lang='lat' dir='ltr'>humo,</span> <span class='ocrx_word' id='word_1_59' title='bbox 982 703 1229 754; x_wconf 83' lang='lat' dir='ltr'>preruptum</span> <span class='ocrx_word' id='word_1_60' title='bbox 1261 699 1355 740; x_wconf 85' lang='lat' dir='ltr'>hinc</span> <span class='ocrx_word' id='word_1_61' title='bbox 1386 699 1482 741; x_wconf 92' lang='lat' dir='ltr'>inde</span> <span class='ocrx_word' id='word_1_62' title='bbox 1513 700 1624 741; x_wconf 88' lang='lat' dir='ltr'>latus</span> 
     </span>
     <span class='ocr_line' id='line_1_13' title="bbox 178 755 1622 812; baseline 0 -14"><span class='ocrx_word' id='word_1_63' title='bbox 178 757 393 809; x_wconf 86' lang='lat' dir='ltr'>effecerat,</span> <span class='ocrx_word' id='word_1_64' title='bbox 425 760 471 797; x_wconf 89' lang='lat' dir='ltr'>ut</span> <span class='ocrx_word' id='word_1_65' title='bbox 494 755 746 812; x_wconf 89' lang='lat' dir='ltr'>quibusdam</span> <span class='ocrx_word' id='word_1_66' title='bbox 767 756 809 797; x_wconf 92' lang='lat' dir='ltr'>in</span> <span class='ocrx_word' id='word_1_67' title='bbox 831 756 935 797; x_wconf 89' lang='lat' dir='ltr'>locis</span> <span class='ocrx_word' id='word_1_68' title='bbox 958 756 1161 798; x_wconf 79' lang='lat' dir='ltr'>aduersos</span> <span class='ocrx_word' id='word_1_69' title='bbox 1185 757 1312 798; x_wconf 90' lang='lat' dir='ltr'>colles</span> <span class='ocrx_word' id='word_1_70' title='bbox 1344 757 1482 798; x_wconf 87' lang='lat' dir='ltr'>media</span> <span class='ocrx_word' id='word_1_71' title='bbox 1513 757 1622 798; x_wconf 86' lang='lat' dir='ltr'>ualle</span> 
     </span>
     <span class='ocr_line' id='line_1_14' title="bbox 177 812 1624 870; baseline 0 -14"><span class='ocrx_word' id='word_1_72' title='bbox 177 815 436 870; x_wconf 82' lang='lat' dir='ltr'>sequestrari</span> <span class='ocrx_word' id='word_1_73' title='bbox 477 814 774 869; x_wconf 82' lang='lat' dir='ltr'>conspicimus.</span> <span class='ocrx_word' id='word_1_74' title='bbox 836 814 973 868; x_wconf 86' lang='lat' dir='ltr'>Igitur</span> <span class='ocrx_word' id='word_1_75' title='bbox 1006 812 1263 870; x_wconf 65' lang='lat' dir='ltr'>Fridleluus,</span> <span class='ocrx_word' id='word_1_76' title='bbox 1304 815 1462 856; x_wconf 81' lang='lat' dir='ltr'>inuicta</span> <span class='ocrx_word' id='word_1_77' title='bbox 1502 815 1624 856; x_wconf 87' lang='lat' dir='ltr'>belue</span> 
     </span>
     <span class='ocr_line' id='line_1_15' title="bbox 179 872 1624 929; baseline 0 -15"><span class='ocrx_word' id='word_1_78' title='bbox 179 887 375 929; x_wconf 83' lang='lat' dir='ltr'>suprema</span> <span class='ocrx_word' id='word_1_79' title='bbox 400 872 685 923; x_wconf 84' lang='lat' dir='ltr'>considerans,</span> <span class='ocrx_word' id='word_1_80' title='bbox 703 873 788 914; x_wconf 90' lang='lat' dir='ltr'>ima</span> <span class='ocrx_word' id='word_1_81' title='bbox 809 872 950 927; x_wconf 85' lang='lat' dir='ltr'>gladio</span> <span class='ocrx_word' id='word_1_82' title='bbox 975 877 1124 925; x_wconf 84' lang='lat' dir='ltr'>tentat,</span> <span class='ocrx_word' id='word_1_83' title='bbox 1147 873 1422 928; x_wconf 79' lang='lat' dir='ltr'>perfossaque</span> <span class='ocrx_word' id='word_1_84' title='bbox 1444 873 1624 928; x_wconf 84' lang='lat' dir='ltr'>inguinis</span> 
     </span>
     <span class='ocr_line' id='line_1_16' title="bbox 178 931 1623 986; baseline -0.001 -13"><span class='ocrx_word' id='word_1_85' title='bbox 178 936 299 986; x_wconf 90' lang='lat' dir='ltr'>parte</span> <span class='ocrx_word' id='word_1_86' title='bbox 331 931 491 973; x_wconf 86' lang='lat' dir='ltr'>saniem</span> <span class='ocrx_word' id='word_1_87' title='bbox 525 931 772 986; x_wconf 89' lang='lat' dir='ltr'>palpitantis</span> <span class='ocrx_word' id='word_1_88' title='bbox 805 931 959 973; x_wconf 88' lang='lat' dir='ltr'>elicuit.</span> <span class='ocrx_word' id='word_1_89' title='bbox 1022 931 1116 979; x_wconf 82' lang='lat' dir='ltr'>Qua</span> <span class='ocrx_word' id='word_1_90' title='bbox 1147 931 1359 984; x_wconf 74' lang='lat' dir='ltr'>extincta,</span> <span class='ocrx_word' id='word_1_91' title='bbox 1404 931 1623 986; x_wconf 84' lang='lat' dir='ltr'>pecuniam</span> 
     </span>
     <span class='ocr_line' id='line_1_17' title="bbox 177 988 1342 1045; baseline 0 -14"><span class='ocrx_word' id='word_1_92' title='bbox 177 990 379 1045; x_wconf 86' lang='lat' dir='ltr'>hypogeo</span> <span class='ocrx_word' id='word_1_93' title='bbox 415 994 579 1031; x_wconf 85' lang='lat' dir='ltr'>erutam</span> <span class='ocrx_word' id='word_1_94' title='bbox 612 989 792 1043; x_wconf 81' lang='lat' dir='ltr'>nauigiis</span> <span class='ocrx_word' id='word_1_95' title='bbox 824 988 1131 1044; x_wconf 79' lang='lat' dir='ltr'>deportandam</span> <span class='ocrx_word' id='word_1_96' title='bbox 1163 989 1342 1031; x_wconf 88' lang='lat' dir='ltr'>curauit.</span> 
     </span>
    </p>

    <p class='ocr_par' dir='ltr' id='par_1_7' title="bbox 177 1046 1624 1452">
     <span class='ocr_line' id='line_1_18' title="bbox 317 1046 1623 1102; baseline -0.001 -14"><span class='ocrx_word' id='word_1_97' title='bbox 317 1048 505 1090; x_wconf 87' lang='lat' dir='ltr'>Euoluto</span> <span class='ocrx_word' id='word_1_98' title='bbox 539 1062 663 1098; x_wconf 87' lang='lat' dir='ltr'>anno,</span> <span class='ocrx_word' id='word_1_99' title='bbox 693 1047 955 1089; x_wconf 87' lang='lat' dir='ltr'>Biornonem</span> <span class='ocrx_word' id='word_1_100' title='bbox 987 1052 1114 1102; x_wconf 91' lang='lat' dir='ltr'>atque</span> <span class='ocrx_word' id='word_1_101' title='bbox 1147 1046 1368 1100; x_wconf 74' lang='lat' dir='ltr'>Anonem⁷</span> <span class='ocrx_word' id='word_1_102' title='bbox 1400 1047 1538 1102; x_wconf 89' lang='lat' dir='ltr'>sepius</span> <span class='ocrx_word' id='word_1_103' title='bbox 1572 1062 1623 1089; x_wconf 86' lang='lat' dir='ltr'>ex</span> 
     </span>
     <span class='ocr_line' id='line_1_19' title="bbox 178 1104 1624 1162; baseline -0.001 -16"><span class='ocrx_word' id='word_1_104' title='bbox 178 1106 489 1162; x_wconf 85' lang='lat' dir='ltr'>prouocacione</span> <span class='ocrx_word' id='word_1_105' title='bbox 511 1120 780 1162; x_wconf 73' lang='lat' dir='ltr'>congr-eSSOS‚</span> <span class='ocrx_word' id='word_1_106' title='bbox 811 1105 998 1146; x_wconf 88' lang='lat' dir='ltr'>maxima</span> <span class='ocrx_word' id='word_1_107' title='bbox 1030 1119 1130 1146; x_wconf 90' lang='lat' dir='ltr'>cura</span> <span class='ocrx_word' id='word_1_108' title='bbox 1160 1105 1201 1145; x_wconf 88' lang='lat' dir='ltr'>in</span> <span class='ocrx_word' id='word_1_109' title='bbox 1233 1105 1417 1160; x_wconf 83' lang='lat' dir='ltr'>graciam</span> <span class='ocrx_word' id='word_1_110' title='bbox 1455 1104 1624 1146; x_wconf 85' lang='lat' dir='ltr'>reduxit</span> 
     </span>
     <span class='ocr_line' id='line_1_20' title="bbox 177 1163 1623 1219; baseline -0.001 -14"><span class='ocrx_word' id='word_1_111' title='bbox 177 1164 460 1219; x_wconf 89' lang='lat' dir='ltr'>amiciciisque</span> <span class='ocrx_word' id='word_1_112' title='bbox 503 1164 598 1206; x_wconf 86' lang='lat' dir='ltr'>odia</span> <span class='ocrx_word' id='word_1_113' title='bbox 644 1170 810 1205; x_wconf 87' lang='lat' dir='ltr'>mutare</span> <span class='ocrx_word' id='word_1_114' title='bbox 857 1163 1078 1219; x_wconf 79' lang='lat' dir='ltr'>compulit3</span> <span class='ocrx_word' id='word_1_115' title='bbox 1126 1164 1278 1218; x_wconf 85' lang='lat' dir='ltr'>quibus</span> <span class='ocrx_word' id='word_1_116' title='bbox 1319 1163 1449 1204; x_wconf 90' lang='lat' dir='ltr'>eciam</span> <span class='ocrx_word' id='word_1_117' title='bbox 1495 1163 1623 1203; x_wconf 89' lang='lat' dir='ltr'>filium</span> 
     </span>
     <span class='ocr_line' id='line_1_21' title="bbox 179 1220 1624 1276; baseline -0.001 -13"><span class='ocrx_word' id='word_1_118' title='bbox 179 1223 377 1276; x_wconf 85' lang='lat' dir='ltr'>Olauum,</span> <span class='ocrx_word' id='word_1_119' title='bbox 401 1227 485 1264; x_wconf 89' lang='lat' dir='ltr'>tres</span> <span class='ocrx_word' id='word_1_120' title='bbox 508 1236 641 1265; x_wconf 87' lang='lat' dir='ltr'>annos</span> <span class='ocrx_word' id='word_1_121' title='bbox 665 1227 824 1273; x_wconf 84' lang='lat' dir='ltr'>natum,</span> <span class='ocrx_word' id='word_1_122' title='bbox 846 1222 1143 1263; x_wconf 86' lang='lat' dir='ltr'>nutricandum</span> <span class='ocrx_word' id='word_1_123' title='bbox 1167 1220 1384 1263; x_wconf 87' lang='lat' dir='ltr'>concessit.</span> <span class='ocrx_word' id='word_1_124' title='bbox 1423 1221 1624 1262; x_wconf 80' lang='lat' dir='ltr'>Pollicem</span> 
     </span>
     <span class='ocr_line' id='line_1_22' title="bbox 177 1279 1620 1336; baseline -0.001 -15"><span class='ocrx_word' id='word_1_125' title='bbox 177 1294 279 1322; x_wconf 89' lang='lat' dir='ltr'>uero</span> <span class='ocrx_word' id='word_1_126' title='bbox 336 1281 574 1335; x_wconf 78' lang='lat' dir='ltr'>Iuritham,</span> <span class='ocrx_word' id='word_1_127' title='bbox 631 1280 898 1336; x_wconf 87' lang='lat' dir='ltr'>eandemque</span> <span class='ocrx_word' id='word_1_128' title='bbox 950 1280 1075 1322; x_wconf 82' lang='lat' dir='ltr'>Olaui</span> <span class='ocrx_word' id='word_1_129' title='bbox 1123 1284 1320 1331; x_wconf 85' lang='lat' dir='ltr'>matrem,</span> <span class='ocrx_word' id='word_1_130' title='bbox 1367 1283 1537 1333; x_wconf 87' lang='lat' dir='ltr'>recepto</span> <span class='ocrx_word' id='word_1_131' title='bbox 1580 1279 1620 1320; x_wconf 91' lang='lat' dir='ltr'>in</span> 
     </span>
     <span class='ocr_line' id='line_1_23' title="bbox 178 1337 1621 1393; baseline -0.002 -13"><span class='ocrx_word' id='word_1_132' title='bbox 178 1339 471 1380; x_wconf 89' lang='lat' dir='ltr'>commilicium</span> <span class='ocrx_word' id='word_1_133' title='bbox 505 1339 647 1381; x_wconf 74' lang='lat' dir='ltr'>Anoni</span> <span class='ocrx_word' id='word_1_134' title='bbox 687 1338 955 1380; x_wconf 86' lang='lat' dir='ltr'>matrimonio</span> <span class='ocrx_word' id='word_1_135' title='bbox 1000 1338 1236 1393; x_wconf 78' lang='lat' dir='ltr'>copulauit,</span> <span class='ocrx_word' id='word_1_136' title='bbox 1285 1337 1445 1392; x_wconf 88' lang='lat' dir='ltr'>equiori</span> <span class='ocrx_word' id='word_1_137' title='bbox 1485 1337 1621 1378; x_wconf 88' lang='lat' dir='ltr'>animo</span> 
     </span>
     <span class='ocr_line' id='line_1_24' title="bbox 177 1396 1621 1452; baseline -0.001 -14"><span class='ocrx_word' id='word_1_138' title='bbox 177 1396 404 1452; x_wconf 86' lang='lat' dir='ltr'>repudium</span> <span class='ocrx_word' id='word_1_139' title='bbox 436 1398 612 1439; x_wconf 84' lang='lat' dir='ltr'>laturam</span> <span class='ocrx_word' id='word_1_140' title='bbox 647 1397 906 1450; x_wconf 84' lang='lat' dir='ltr'>existimans,</span> <span class='ocrx_word' id='word_1_141' title='bbox 939 1397 974 1438; x_wconf 87' lang='lat' dir='ltr'>si</span> <span class='ocrx_word' id='word_1_142' title='bbox 996 1400 1114 1437; x_wconf 88' lang='lat' dir='ltr'>tanto</span> <span class='ocrx_word' id='word_1_143' title='bbox 1137 1396 1279 1451; x_wconf 84' lang='lat' dir='ltr'>pugile</span> <span class='ocrx_word' id='word_1_144' title='bbox 1307 1396 1513 1447; x_wconf 81' lang='lat' dir='ltr'>maritata,</span> <span class='ocrx_word' id='word_1_145' title='bbox 1545 1408 1621 1449; x_wconf 89' lang='lat' dir='ltr'>pro</span> 
     </span>
    </p>
   </div>
   <div class='ocr_carea' id='block_1_7' title="bbox 107 1455 1122 1510">
    <p class='ocr_par' dir='ltr' id='par_1_8' title="bbox 107 1455 1122 1510">
     <span class='ocr_line' id='line_1_25' title="bbox 107 1455 1122 1510; baseline -0.003 -13"><span class='ocrx_word' id='word_1_146' title='bbox 107 1472 123 1485; x_wconf 69' lang='lat'>⁰</span> <span class='ocrx_word' id='word_1_147' title='bbox 175 1456 293 1510; x_wconf 86' lang='lat' dir='ltr'>regio</span> <span class='ocrx_word' id='word_1_148' title='bbox 327 1461 577 1498; x_wconf 85' lang='lat' dir='ltr'>strennuum</span> <span class='ocrx_word' id='word_1_149' title='bbox 610 1456 832 1497; x_wconf 84' lang='lat' dir='ltr'>sortiretur</span> <span class='ocrx_word' id='word_1_150' title='bbox 864 1455 1122 1510; x_wconf 81' lang='lat' dir='ltr'>amplexum.</span> 
     </span>
    </p>
   </div>
   <div class='ocr_carea' id='block_1_8' title="bbox 176 1510 1621 1744">
    <p class='ocr_par' dir='ltr' id='par_1_9' title="bbox 176 1510 1621 1744">
     <span class='ocr_line' id='line_1_26' title="bbox 316 1510 1621 1569; baseline -0.002 -14"><span class='ocrx_word' id='word_1_151' title='bbox 316 1515 409 1555; x_wconf 84' lang='lat' dir='ltr'>Mos</span> <span class='ocrx_word' id='word_1_152' title='bbox 444 1518 533 1556; x_wconf 88' lang='lat' dir='ltr'>erat</span> <span class='ocrx_word' id='word_1_153' title='bbox 564 1514 745 1569; x_wconf 81' lang='lat' dir='ltr'>antiquis</span> <span class='ocrx_word' id='word_1_154' title='bbox 786 1527 914 1568; x_wconf 90' lang='lat' dir='ltr'>super</span> <span class='ocrx_word' id='word_1_155' title='bbox 953 1513 1104 1554; x_wconf 88' lang='lat' dir='ltr'>futuris</span> <span class='ocrx_word' id='word_1_156' title='bbox 1135 1512 1363 1553; x_wconf 88' lang='lat' dir='ltr'>liberorum</span> <span class='ocrx_word' id='word_1_157' title='bbox 1397 1510 1621 1553; x_wconf 90' lang='lat' dir='ltr'>euentibus</span> 
     </span>
     <span class='ocr_line' id='line_1_27' title="bbox 176 1568 1621 1618; baseline -0.001 -6"><span class='ocrx_word' id='word_1_158' title='bbox 176 1571 408 1613; x_wconf 81' lang='lat' dir='ltr'>Parcarum</span> <span class='ocrx_word' id='word_1_159' title='bbox 434 1568 624 1614; x_wconf 66' lang='lat' dir='ltr'>&#39;oracula</span> <span class='ocrx_word' id='word_1_160' title='bbox 665 1572 920 1613; x_wconf 83' lang='lat' dir='ltr'>consultare.</span> <span class='ocrx_word' id='word_1_161' title='bbox 984 1571 1078 1618; x_wconf 80' lang='lat' dir='ltr'>Quo</span> <span class='ocrx_word' id='word_1_162' title='bbox 1126 1570 1208 1611; x_wconf 87' lang='lat' dir='ltr'>ritu</span> <span class='ocrx_word' id='word_1_163' title='bbox 1238 1569 1462 1610; x_wconf 84' lang='lat' dir='ltr'>Fridleuus</span> <span class='ocrx_word' id='word_1_164' title='bbox 1495 1569 1621 1610; x_wconf 86' lang='lat' dir='ltr'>Olaui</span> 
     </span>
     <span class='ocr_line' id='line_1_28' title="bbox 176 1627 1620 1685; baseline -0.002 -15"><span class='ocrx_word' id='word_1_165' title='bbox 176 1630 248 1671; x_wconf 90' lang='lat' dir='ltr'>filii</span> <span class='ocrx_word' id='word_1_166' title='bbox 290 1630 503 1672; x_wconf 88' lang='lat' dir='ltr'>fortunam</span> <span class='ocrx_word' id='word_1_167' title='bbox 550 1630 871 1685; x_wconf 76' lang='lat' dir='ltr'>exploraturus,</span> <span class='ocrx_word' id='word_1_168' title='bbox 917 1629 1168 1683; x_wconf 89' lang='lat' dir='ltr'>nuncupatis</span> <span class='ocrx_word' id='word_1_169' title='bbox 1225 1627 1456 1670; x_wconf 88' lang='lat' dir='ltr'>solenniter</span> <span class='ocrx_word' id='word_1_170' title='bbox 1496 1627 1620 1679; x_wconf 82' lang='lat' dir='ltr'>uotis,</span> 
     </span>
     <span class='ocr_line' id='line_1_29' title="bbox 176 1685 1619 1744; baseline -0.002 -16"><span class='ocrx_word' id='word_1_171' title='bbox 176 1689 352 1730; x_wconf 89' lang='lat' dir='ltr'>deorum</span> <span class='ocrx_word' id='word_1_172' title='bbox 385 1688 484 1730; x_wconf 90' lang='lat' dir='ltr'>edes</span> <span class='ocrx_word' id='word_1_173' title='bbox 516 1687 814 1744; x_wconf 86' lang='lat' dir='ltr'>precabundus</span> <span class='ocrx_word' id='word_1_174' title='bbox 847 1687 1020 1738; x_wconf 84' lang='lat' dir='ltr'>accedit,</span> <span class='ocrx_word' id='word_1_175' title='bbox 1044 1687 1128 1735; x_wconf 88' lang='lat' dir='ltr'>ubi,</span> <span class='ocrx_word' id='word_1_176' title='bbox 1161 1686 1419 1740; x_wconf 82' lang='lat' dir='ltr'>introspecto</span> <span class='ocrx_word' id='word_1_177' title='bbox 1452 1685 1619 1738; x_wconf 83' lang='lat' dir='ltr'>sacello,</span> 
     </span>
    </p>
   </div>
   <div class='ocr_carea' id='block_1_9' title="bbox 105 1742 1620 1803">
    <p class='ocr_par' dir='ltr' id='par_1_10' title="bbox 105 1742 1620 1803">
     <span class='ocr_line' id='line_1_30' title="bbox 105 1742 1620 1803; baseline -0.003 -15"><span class='ocrx_word' id='word_1_178' title='bbox 105 1762 140 1788; x_wconf 62' lang='grc' dir='ltr'>ι’</span> <span class='ocrx_word' id='word_1_179' title='bbox 174 1751 315 1788; x_wconf 88' lang='lat' dir='ltr'>ternas</span> <span class='ocrx_word' id='word_1_180' title='bbox 347 1747 471 1788; x_wconf 88' lang='lat' dir='ltr'>sedes</span> <span class='ocrx_word' id='word_1_181' title='bbox 504 1746 678 1789; x_wconf 88' lang='lat' dir='ltr'>totidem</span> <span class='ocrx_word' id='word_1_182' title='bbox 710 1746 906 1803; x_wconf 88' lang='lat' dir='ltr'>nymphis</span> <span class='ocrx_word' id='word_1_183' title='bbox 940 1745 1136 1799; x_wconf 83' lang='lat' dir='ltr'>occupari</span> <span class='ocrx_word' id='word_1_184' title='bbox 1161 1743 1387 1799; x_wconf 84' lang='lat' dir='ltr'>cognoscit.</span> <span class='ocrx_word' id='word_1_185' title='bbox 1432 1742 1620 1790; x_wconf 79' lang='lat' dir='ltr'>Quarum</span> 
     </span>
    </p>
   </div>
   <div class='ocr_carea' id='block_1_10' title="bbox 175 1800 1620 2325">
    <p class='ocr_par' dir='ltr' id='par_1_11' title="bbox 175 1800 1620 2325">
     <span class='ocr_line' id='line_1_31' title="bbox 175 1800 1620 1860; baseline -0.003 -14"><span class='ocrx_word' id='word_1_186' title='bbox 175 1805 335 1859; x_wconf 75' lang='lat' dir='ltr'>prima,</span> <span class='ocrx_word' id='word_1_187' title='bbox 386 1804 715 1860; x_wconf 89' lang='lat' dir='ltr'>indulgencioris</span> <span class='ocrx_word' id='word_1_188' title='bbox 767 1804 921 1851; x_wconf 77' lang='lat' dir='ltr'>animi,</span> <span class='ocrx_word' id='word_1_189' title='bbox 972 1803 1189 1844; x_wconf 87' lang='lat' dir='ltr'>liberalem</span> <span class='ocrx_word' id='word_1_190' title='bbox 1260 1814 1392 1856; x_wconf 83' lang='lat' dir='ltr'>puero</span> <span class='ocrx_word' id='word_1_191' title='bbox 1442 1800 1620 1841; x_wconf 89' lang='lat' dir='ltr'>formam</span> 
     </span>
     <span class='ocr_line' id='line_1_32' title="bbox 176 1857 1620 1918; baseline -0.003 -15"><span class='ocrx_word' id='word_1_192' title='bbox 176 1862 434 1918; x_wconf 89' lang='lat' dir='ltr'>uberemque</span> <span class='ocrx_word' id='word_1_193' title='bbox 459 1863 632 1904; x_wconf 91' lang='lat' dir='ltr'>humani</span> <span class='ocrx_word' id='word_1_194' title='bbox 652 1862 811 1904; x_wconf 91' lang='lat' dir='ltr'>fauoris</span> <span class='ocrx_word' id='word_1_195' title='bbox 835 1861 998 1916; x_wconf 91' lang='lat' dir='ltr'>copiam</span> <span class='ocrx_word' id='word_1_196' title='bbox 1022 1860 1238 1915; x_wconf 83' lang='lat' dir='ltr'>erogabat.</span> <span class='ocrx_word' id='word_1_197' title='bbox 1272 1858 1418 1900; x_wconf 88' lang='lat' dir='ltr'>Eidem</span> <span class='ocrx_word' id='word_1_198' title='bbox 1436 1857 1620 1899; x_wconf 88' lang='lat' dir='ltr'>secunda</span> 
     </span>
     <span class='ocr_line' id='line_1_33' title="bbox 176 1916 1619 1963; baseline -0.003 -2"><span class='ocrx_word' id='word_1_199' title='bbox 176 1921 370 1962; x_wconf 88' lang='lat' dir='ltr'>beneficii</span> <span class='ocrx_word' id='word_1_200' title='bbox 401 1922 494 1963; x_wconf 91' lang='lat' dir='ltr'>loco</span> <span class='ocrx_word' id='word_1_201' title='bbox 528 1921 790 1963; x_wconf 84' lang='lat' dir='ltr'>liberalitatis</span> <span class='ocrx_word' id='word_1_202' title='bbox 823 1919 1123 1962; x_wconf 78' lang='lat' dir='ltr'>excellenciam</span> <span class='ocrx_word' id='word_1_203' title='bbox 1155 1916 1425 1960; x_wconf 89' lang='lat' dir='ltr'>condonauit.</span> <span class='ocrx_word' id='word_1_204' title='bbox 1469 1916 1619 1958; x_wconf 86' lang='lat' dir='ltr'>Tereia</span> 
     </span>
     <span class='ocr_line' id='line_1_34' title="bbox 176 1974 1617 2034; baseline -0.004 -14"><span class='ocrx_word' id='word_1_205' title='bbox 176 1993 302 2029; x_wconf 69' lang='lat' dir='ltr'>uero,</span> <span class='ocrx_word' id='word_1_206' title='bbox 343 1979 619 2034; x_wconf 89' lang='lat' dir='ltr'>proteruioris</span> <span class='ocrx_word' id='word_1_207' title='bbox 665 1979 825 2034; x_wconf 89' lang='lat' dir='ltr'>ingenii</span> <span class='ocrx_word' id='word_1_208' title='bbox 857 1976 1264 2032; x_wconf 81' lang='lat' dir='ltr'>*inuidenciorisque</span> <span class='ocrx_word' id='word_1_209' title='bbox 1294 1974 1421 2016; x_wconf 90' lang='lat' dir='ltr'>studii</span> <span class='ocrx_word' id='word_1_210' title='bbox 1451 1974 1617 2026; x_wconf 84' lang='lat' dir='ltr'>femina,</span> 
     </span>
     <span class='ocr_line' id='line_1_35' title="bbox 175 2032 1617 2093; baseline -0.004 -15"><span class='ocrx_word' id='word_1_211' title='bbox 175 2051 365 2078; x_wconf 84' lang='lat' dir='ltr'>sororum</span> <span class='ocrx_word' id='word_1_212' title='bbox 416 2037 780 2093; x_wconf 88' lang='lat' dir='ltr'>indulgenciorem</span> <span class='ocrx_word' id='word_1_213' title='bbox 831 2039 1056 2091; x_wconf 86' lang='lat' dir='ltr'>aspernata</span> <span class='ocrx_word' id='word_1_214' title='bbox 1123 2048 1374 2077; x_wconf 88' lang='lat' dir='ltr'>consensum</span> <span class='ocrx_word' id='word_1_215' title='bbox 1436 2032 1617 2087; x_wconf 89' lang='lat' dir='ltr'>ideoque</span> 
     </span>
     <span class='ocr_line' id='line_1_36' title="bbox 179 2091 1618 2150; baseline -0.004 -14"><span class='ocrx_word' id='word_1_216' title='bbox 179 2109 321 2136; x_wconf 88' lang='lat' dir='ltr'>carum</span> <span class='ocrx_word' id='word_1_217' title='bbox 356 2095 477 2137; x_wconf 79' lang='lat' dir='ltr'>donis</span> <span class='ocrx_word' id='word_1_218' title='bbox 510 2096 679 2138; x_wconf 84' lang='lat' dir='ltr'>officere</span> <span class='ocrx_word' id='word_1_219' title='bbox 712 2095 904 2150; x_wconf 82' lang='lat' dir='ltr'>cupiens,</span> <span class='ocrx_word' id='word_1_220' title='bbox 941 2093 1092 2134; x_wconf 84' lang='lat' dir='ltr'>futuris</span> <span class='ocrx_word' id='word_1_221' title='bbox 1126 2092 1243 2147; x_wconf 87' lang='lat' dir='ltr'>pueri</span> <span class='ocrx_word' id='word_1_222' title='bbox 1273 2091 1458 2132; x_wconf 87' lang='lat' dir='ltr'>moribus</span> <span class='ocrx_word' id='word_1_223' title='bbox 1489 2091 1618 2144; x_wconf 88' lang='lat' dir='ltr'>parsi-</span> 
     </span>
     <span class='ocr_line' id='line_1_37' title="bbox 175 2148 1616 2196; baseline -0.003 -3"><span class='ocrx_word' id='word_1_224' title='bbox 175 2153 315 2194; x_wconf 90' lang='lat' dir='ltr'>monie</span> <span class='ocrx_word' id='word_1_225' title='bbox 347 2148 504 2195; x_wconf 85' lang='lat' dir='ltr'>crimen</span> <span class='ocrx_word' id='word_1_226' title='bbox 537 2154 686 2196; x_wconf 83' lang='lat' dir='ltr'>affixit.</span> <span class='ocrx_word' id='word_1_227' title='bbox 748 2153 813 2194; x_wconf 89' lang='lat' dir='ltr'>Ita</span> <span class='ocrx_word' id='word_1_228' title='bbox 857 2153 1031 2193; x_wconf 86' lang='lat' dir='ltr'>aliarum</span> <span class='ocrx_word' id='word_1_229' title='bbox 1066 2150 1279 2193; x_wconf 89' lang='lat' dir='ltr'>beneficiis</span> <span class='ocrx_word' id='word_1_230' title='bbox 1310 2148 1502 2190; x_wconf 88' lang='lat' dir='ltr'>tristioris</span> <span class='ocrx_word' id='word_1_231' title='bbox 1532 2148 1616 2189; x_wconf 89' lang='lat' dir='ltr'>for-</span> 
     </span>
     <span class='ocr_line' id='line_1_38' title="bbox 177 2206 1617 2267; baseline -0.003 -16"><span class='ocrx_word' id='word_1_232' title='bbox 177 2215 279 2252; x_wconf 88' lang='lat' dir='ltr'>tune</span> <span class='ocrx_word' id='word_1_233' title='bbox 323 2225 486 2253; x_wconf 90' lang='lat' dir='ltr'>ueneno</span> <span class='ocrx_word' id='word_1_234' title='bbox 531 2211 767 2267; x_wconf 87' lang='lat' dir='ltr'>corruptis,</span> <span class='ocrx_word' id='word_1_235' title='bbox 814 2210 987 2260; x_wconf 81' lang='lat' dir='ltr'>accidit,</span> <span class='ocrx_word' id='word_1_236' title='bbox 1039 2213 1085 2250; x_wconf 86' lang='lat' dir='ltr'>ut</span> <span class='ocrx_word' id='word_1_237' title='bbox 1134 2209 1271 2250; x_wconf 89' lang='lat' dir='ltr'>Olauo</span> <span class='ocrx_word' id='word_1_238' title='bbox 1325 2221 1401 2262; x_wconf 89' lang='lat' dir='ltr'>pro</span> <span class='ocrx_word' id='word_1_239' title='bbox 1452 2206 1617 2260; x_wconf 89' lang='lat' dir='ltr'>gemina</span> 
     </span>
     <span class='ocr_line' id='line_1_39' title="bbox 176 2265 1618 2325; baseline -0.004 -16"><span class='ocrx_word' id='word_1_240' title='bbox 176 2283 398 2310; x_wconf 86' lang='lat' dir='ltr'>munerum</span> <span class='ocrx_word' id='word_1_241' title='bbox 439 2270 609 2312; x_wconf 84' lang='lat' dir='ltr'>racione</span> <span class='ocrx_word' id='word_1_242' title='bbox 655 2269 868 2325; x_wconf 85' lang='lat' dir='ltr'>permixta</span> <span class='ocrx_word' id='word_1_243' title='bbox 907 2267 1149 2309; x_wconf 85' lang='lat' dir='ltr'>liberalitati</span> <span class='ocrx_word' id='word_1_244' title='bbox 1191 2266 1373 2321; x_wconf 85' lang='lat' dir='ltr'>parcitas</span> <span class='ocrx_word' id='word_1_245' title='bbox 1415 2265 1618 2305; x_wconf 87' lang='lat' dir='ltr'>tribueret</span> 
     </span>
    </p>
   </div>
   <div class='ocr_carea' id='block_1_11' title="bbox 164 2322 1617 2382">
    <p class='ocr_par' dir='ltr' id='par_1_12' title="bbox 164 2322 1617 2382">
     <span class='ocr_line' id='line_1_40' title="bbox 164 2322 1617 2382; baseline -0.005 -14"><span class='ocrx_word' id='word_1_246' title='bbox 164 2331 518 2382; x_wconf 78' lang='lat' dir='ltr'>cognomentum.</span> <span class='ocrx_word' id='word_1_247' title='bbox 581 2328 676 2376; x_wconf 86' lang='lat' dir='ltr'>Quo</span> <span class='ocrx_word' id='word_1_248' title='bbox 710 2327 874 2380; x_wconf 87' lang='lat' dir='ltr'>euenit,</span> <span class='ocrx_word' id='word_1_249' title='bbox 916 2330 961 2367; x_wconf 92' lang='lat' dir='ltr'>ut</span> <span class='ocrx_word' id='word_1_250' title='bbox 1001 2326 1150 2380; x_wconf 88' lang='lat' dir='ltr'>prioris</span> <span class='ocrx_word' id='word_1_251' title='bbox 1181 2322 1447 2377; x_wconf 86' lang='lat' dir='ltr'>indulgencie</span> <span class='ocrx_word' id='word_1_252' title='bbox 1478 2322 1617 2362; x_wconf 88' lang='lat' dir='ltr'>suaui-</span> 
     </span>
    </p>
   </div>
   <div class='ocr_carea' id='block_1_12' title="bbox 174 2383 1617 2675">
    <p class='ocr_par' dir='ltr' id='par_1_13' title="bbox 176 2383 1186 2428">
     <span class='ocr_line' id='line_1_41' title="bbox 176 2383 1186 2428; baseline -0.002 -2"><span class='ocrx_word' id='word_1_253' title='bbox 176 2390 308 2428; x_wconf 86' lang='lat' dir='ltr'>tatem</span> <span class='ocrx_word' id='word_1_254' title='bbox 340 2386 501 2428; x_wconf 84' lang='lat' dir='ltr'>inserta</span> <span class='ocrx_word' id='word_1_255' title='bbox 533 2385 736 2427; x_wconf 86' lang='lat' dir='ltr'>beneficio</span> <span class='ocrx_word' id='word_1_256' title='bbox 768 2389 867 2427; x_wconf 87' lang='lat' dir='ltr'>nota</span> <span class='ocrx_word' id='word_1_257' title='bbox 899 2383 1186 2425; x_wconf 87' lang='lat' dir='ltr'>confunderet.</span> 
     </span>
    </p>

    <p class='ocr_par' dir='ltr' id='par_1_14' title="bbox 174 2436 1617 2675">
     <span class='ocr_line' id='line_1_42' title="bbox 314 2436 1615 2499; baseline -0.007 -14"><span class='ocrx_word' id='word_1_258' title='bbox 314 2443 503 2499; x_wconf 85' lang='lat' dir='ltr'>Cumque</span> <span class='ocrx_word' id='word_1_259' title='bbox 544 2457 762 2499; x_wconf 85' lang='lat' dir='ltr'>regressus</span> <span class='ocrx_word' id='word_1_260' title='bbox 794 2442 1010 2496; x_wconf 86' lang='lat' dir='ltr'>Noruagia</span> <span class='ocrx_word' id='word_1_261' title='bbox 1042 2440 1261 2491; x_wconf 82' lang='lat' dir='ltr'>Fridleuus</span> <span class='ocrx_word' id='word_1_262' title='bbox 1297 2439 1374 2478; x_wconf 85' lang='lat' dir='ltr'>iter</span> <span class='ocrx_word' id='word_1_263' title='bbox 1406 2450 1481 2491; x_wconf 88' lang='lat' dir='ltr'>per</span> <span class='ocrx_word' id='word_1_264' title='bbox 1512 2436 1615 2477; x_wconf 84' lang='lat' dir='ltr'>Sue·</span> 
     </span>
     <span class='ocr_line' id='line_1_43' title="bbox 176 2492 1616 2555; baseline -0.006 -14"><span class='ocrx_word' id='word_1_265' title='bbox 176 2501 278 2541; x_wconf 89' lang='lat' dir='ltr'>tiam</span> <span class='ocrx_word' id='word_1_266' title='bbox 308 2501 501 2555; x_wconf 86' lang='lat' dir='ltr'>haberet,</span> <span class='ocrx_word' id='word_1_267' title='bbox 534 2502 646 2543; x_wconf 85' lang='lat' dir='ltr'>ultro</span> <span class='ocrx_word' id='word_1_268' title='bbox 679 2500 808 2555; x_wconf 88' lang='lat' dir='ltr'>legati</span> <span class='ocrx_word' id='word_1_269' title='bbox 839 2500 1028 2555; x_wconf 87' lang='lat' dir='ltr'>partibus</span> <span class='ocrx_word' id='word_1_270' title='bbox 1059 2496 1297 2552; x_wconf 83' lang='lat' dir='ltr'>assumptis.</span> <span class='ocrx_word' id='word_1_271' title='bbox 1330 2494 1454 2536; x_wconf 85' lang='lat' dir='ltr'>celibi</span> <span class='ocrx_word' id='word_1_272' title='bbox 1478 2492 1616 2535; x_wconf 89' lang='lat' dir='ltr'>adhuc</span> 
     </span>
     <span class='ocr_line' id='line_1_44' title="bbox 176 2553 1617 2615; baseline -0.006 -17"><span class='ocrx_word' id='word_1_273' title='bbox 176 2557 377 2601; x_wconf 89' lang='lat' dir='ltr'>Haldano</span> <span class='ocrx_word' id='word_1_274' title='bbox 400 2559 579 2615; x_wconf 84' lang='lat' dir='ltr'>Hythini</span> <span class='ocrx_word' id='word_1_275' title='bbox 601 2559 745 2611; x_wconf 81' lang='lat' dir='ltr'>filiam,</span> <span class='ocrx_word' id='word_1_276' title='bbox 778 2571 902 2613; x_wconf 87' lang='lat' dir='ltr'>quam</span> <span class='ocrx_word' id='word_1_277' title='bbox 935 2560 1122 2598; x_wconf 89' lang='lat' dir='ltr'>monstro</span> <span class='ocrx_word' id='word_1_278' title='bbox 1155 2553 1365 2610; x_wconf 87' lang='lat' dir='ltr'>quondam</span> <span class='ocrx_word' id='word_1_279' title='bbox 1389 2555 1617 2604; x_wconf 81' lang='lat' dir='ltr'>exemerat,</span> 
     </span>
     <span class='ocr_line' id='line_1_45' title="bbox 174 2609 1617 2675; baseline -0.004 -19"><span class='ocrx_word' id='word_1_280' title='bbox 174 2616 431 2675; x_wconf 86' lang='lat' dir='ltr'>impetrauit.</span> <span class='ocrx_word' id='word_1_281' title='bbox 492 2617 664 2662; x_wconf 87' lang='lat' dir='ltr'>Interea</span> <span class='ocrx_word' id='word_1_282' title='bbox 710 2617 893 2660; x_wconf 87' lang='lat' dir='ltr'>coniunx</span> <span class='ocrx_word' id='word_1_283' title='bbox 941 2616 1030 2658; x_wconf 85' lang='lat' dir='ltr'>eius</span> <span class='ocrx_word' id='word_1_284' title='bbox 1078 2611 1313 2667; x_wconf 83' lang='lat' dir='ltr'>Fregertha</span> <span class='ocrx_word' id='word_1_285' title='bbox 1359 2609 1617 2652; x_wconf 84' lang='lat' dir='ltr'>Frothonem</span> 
     </span>
    </p>
   </div>
   <div class='ocr_carea' id='block_1_13' title="bbox 221 2792 248 2818">
    <p class='ocr_par' dir='ltr' id='par_1_15' title="bbox 221 2792 248 2818">
     <span class='ocr_line' id='line_1_46' title="bbox 221 2792 248 2818; baseline 0 0"><span class='ocrx_word' id='word_1_286' title='bbox 221 2792 248 2818; x_wconf 64' lang='grc' dir='ltr'><em>Ο</em></span> 
     </span>
    </p>
   </div>
   <div class='ocr_carea' id='block_1_14' title="bbox 1680 479 1772 514">
    <p class='ocr_par' dir='ltr' id='par_1_16' title="bbox 1680 479 1772 514">
     <span class='ocr_line' id='line_1_47' title="bbox 1680 479 1772 514; baseline 0 -7"><span class='ocrx_word' id='word_1_287' title='bbox 1680 479 1772 514; x_wconf 83' lang='grc'>(102)</span> 
     </span>
    </p>
   </div>
   <div class='ocr_carea' id='block_1_15' title="bbox 1680 827 1776 860">
    <p class='ocr_par' dir='ltr' id='par_1_17' title="bbox 1680 827 1776 860">
     <span class='ocr_line' id='line_1_48' title="bbox 1680 827 1776 860; baseline 0 -6"><span class='ocrx_word' id='word_1_288' title='bbox 1680 836 1706 860; x_wconf 84' lang='lat' dir='ltr'>p.</span> <span class='ocrx_word' id='word_1_289' title='bbox 1725 827 1776 854; x_wconf 74' lang='lat'>272</span> 
     </span>
    </p>
   </div>
   <div class='ocr_carea' id='block_1_16' title="bbox 1681 1987 1755 2015">
    <p class='ocr_par' dir='ltr' id='par_1_18' title="bbox 1681 1987 1755 2015">
     <span class='ocr_line' id='line_1_49' title="bbox 1681 1987 1755 2015; baseline 0 0"><span class='ocrx_word' id='word_1_290' title='bbox 1681 1987 1755 2015; x_wconf 69' lang='lat' dir='ltr'>hva</span> 
     </span>
    </p>
   </div>
  </div>
 </body>
</html>
