1884 3126
321 235 403 275 506
855 251 903 258 —-
966 194 1103 268 XHH
1165 250 1214 255 —-

319 358 479 413 ingenti
502 354 671 396 meroris
696 351 883 408 pondere
907 352 1092 404 obrutas,
1124 352 1246 408 quasi
1266 352 1389 394 fauce
1411 351 1595 406 obclusa,
1617 353 1755 396 latens

320 417 445 457 animi
496 411 730 465 strangulat
778 409 1004 465 egritudo?
1078 410 1309 452 Enimuero
1357 410 1492 451 uicem
1539 414 1656 451 tuam
1703 411 1755 453 ad

318 471 589 527 ignominiam
622 482 800 520 uergere
823 468 1129 523 conspicientes
1153 469 1317 509 interno
1341 468 1491 509 mentis
1512 468 1630 509 luctu
1662 483 1756 523 per-

317 529 540 571 fundimur.
603 526 769 581 Quippe
800 526 963 580 imperii
994 527 1059 567 ius
1094 526 1294 581 obsequio
1326 531 1489 578 mutas,
1534 540 1755 582 paresque,

269 599 285 625 5
316 587 465 642 quibus
487 597 657 641 preesse
689 583 908 636 debueras,
940 583 1171 625 utilissimis
1203 583 1387 625 consiliis
1409 584 1574 639 spretis,
1609 598 1756 626 eorum

315 645 470 686 monita
501 641 805 692 consectando,
838 642 905 696 qui
939 642 980 682 in
1011 655 1117 696 equo
1150 646 1326 697 ponunt,
1359 641 1587 696 pulcherne
1617 656 1755 683 rerum

313 708 482 743 tuarum
524 713 668 741 cursus
709 713 762 740 an
807 699 1005 740 deformis
1048 700 1215 741 existat.
1289 700 1368 753 At,
1407 703 1631 755 postquam
1666 700 1755 741 sine

313 759 480 813 collega
521 762 594 798 aut
638 757 776 798 emulo
816 771 995 811 regnare
1026 757 1198 812 cepisti,
1229 757 1359 798 altera
1391 771 1502 798 nunc
1534 758 1754 813 expedicio

311 817 496 870 geritur,
543 829 620 857 nec
667 814 775 856 illius
822 815 1011 856 remissio
1060 829 1185 870 quam
1234 816 1359 856 huius
1400 815 1536 857 fedior
1566 819 1756 871 apparet.

252 886 284 913 ιο
314 874 540 929 Siquidem,
572 885 735 914 summa
764 887 907 913 rerum
928 873 1242 927 opportunitate
1271 876 1524 928 contempta,
1557 874 1755 929 paruulas

315 936 624 973 commeatuum
665 931 866 984 reliquias
907 930 1112 972 habentes
1157 931 1308 972 ociosis
1353 931 1641 984 nauigacionis
1686 945 1756 972 ex-

315 989 502 1031 cessibus
538 988 825 1030 excusabilem
847 988 1101 1030 reuersionis
1123 989 1293 1030 titulum
1324 989 1549 1044 querimus,
1583 993 1638 1042 et,
1662 1003 1754 1030 cum

316 1048 441 1088 nullis
474 1061 701 1100 urgeamur
741 1045 990 1095 obstaculis,
1023 1047 1237 1099 ignauiam
1269 1052 1456 1089 nostram
1493 1047 1756 1089 necessitatis

318 1106 485 1146 nomine
517 1104 678 1146 censeri
711 1104 915 1158 cupimus.
968 1104 1143 1145 Hiscine
1174 1106 1353 1160 patriam
1388 1106 1588 1159 operibus
1620 1104 1754 1146 uindi-

252 1174 284 1200 15
316 1163 491 1205 eandam
533 1162 743 1204 talibusne
787 1176 964 1217 regnum
1006 1162 1183 1216 ingeniis
1226 1163 1531 1219 auspicandum
1563 1162 1753 1205 duxisti?

315 1221 359 1262 Si
393 1234 493 1261 uero
526 1221 650 1260 maris
681 1219 837 1261 seuicia
869 1221 1193 1274 nauigacionem
1226 1221 1487 1275 interpellari
1519 1221 1756 1275 contigerit,

316 1278 416 1334 quid
448 1283 657 1333 superest,
690 1278 768 1318 nisi
805 1283 864 1330 ut,
896 1278 1161 1319 necessitatis
1182 1278 1357 1334 imperio
1391 1284 1584 1333 cogente,
1608 1278 1756 1320 domos

314 1336 479 1390 inglorii
526 1341 744 1391 petamus,
790 1336 1013 1377 teterrimis
1056 1335 1297 1379 effeminate
1335 1326 1488 1378 mentis
1522 1336 1757 1392 opprobriis

313 1394 575 1435 insectandi?
638 1393 733 1435 Hec
774 1398 815 1434 et
860 1394 1032 1443 similia,
1079 1399 1169 1435 tum
1202 1395 1393 1436 molestie
1426 1395 1627 1448 stimulis,
1668 1398 1757 1435 tum

246 1463 282 1489 ευ
312 1452 464 1493 fiducia
494 1452 791 1492 familiaritatis
825 1455 1011 1504 euectus,
1044 1466 1120 1505 per
1141 1467 1349 1494 summam
1381 1453 1609 1494 uerborum
1641 1466 1753 1493 acer-

317 1510 492 1551 bitatem
525 1509 638 1564 apud
670 1509 808 1564 regias
851 1523 974 1551 aures
1012 1510 1155 1565 eloqui
1195 1524 1286 1551 non»
1318 1510 1552 1552 dubitabat.
1616 1510 1755 1558 Quan-

316 1581 439 1622 quam
473 1571 617 1609 autem
650 1582 724 1609 rex
745 1567 969 1608 aduersum
1002 1567 1211 1608 dictorum
1235 1569 1324 1610 eius
1356 1568 1598 1610 libertatem
1619 1569 1757 1610 acrius

316 1626 558 1678 exarsisset,
576 1629 729 1678 tamen,
751 1639 804 1666 ne
826 1626 1076 1666 monitorem
1099 1625 1391 1680 impudencius
1415 1630 1611 1668 auertere
1644 1625 1758 1667 uide-

314 1688 441 1735 retur,
473 1683 810 1737 magnitudinem
842 1684 915 1734 ire,
948 1697 1072 1738 quam
1095 1683 1216 1724 uultu
1249 1688 1356 1726 teste
1378 1687 1639 1739 conceperat,
1670 1697 1758 1725 mo-

246 1751 282 1778 25
314 1741 537 1783 deracione
578 1756 654 1782 sua
693 1742 746 1783 ad
791 1742 886 1783 leue
928 1746 968 1782 et
1008 1741 1229 1783 tolerabile
1275 1756 1523 1797 responsum
1567 1741 1754 1795 deflexit,

315 1799 507 1850 dicendo,
532 1799 769 1854 complures
793 1812 970 1854 operum
998 1813 1168 1841 suorum
1189 1803 1321 1841 testes
1353 1805 1538 1852 exstare,
1571 1799 1756 1854 nihilque

314 1863 399 1899 tam
432 1857 595 1899 fortiter
627 1857 679 1897 ab
696 1857 914 1898 Absalone
945 1862 1124 1911 gestum,
1158 1857 1284 1912 quod,
1318 1857 1350 1899 si
1379 1857 1569 1898 nondum
1600 1857 1758 1898 uirtute

315 1916 553 1970 equauerit,
598 1915 736 1956 adhuc
778 1915 901 1956 factis
944 1915 1122 1956 emulari
1153 1930 1236 1956 non
1284 1916 1431 1970 possit.
1501 1915 1592 1956 Nec
1636 1915 1758 1970 plura

315 1974 452 2028 eloqui
478 1987 640 2028 passuS,
665 1972 817 2028 cymba
837 1973 1055 2027 nauigium
1078 1973 1288 2028 repetiuit,
1320 1973 1604 2027 subiungente
1622 1973 1757 2014 Absa-

246 2041 282 2068 30
312 2032 425 2085 lone,
458 2031 570 2073 haud
593 2045 807 2086 quaquam
830 2045 928 2072 eum
950 2030 1070 2072 utilia
1091 2030 1285 2072 suadenti
1318 2044 1564 2072 succensere
1588 2030 1757 2083 debere,

316 2104 412 2131 cum
443 2090 663 2144 aliquanto
696 2089 832 2130 sacius
864 2089 917 2130 sit
948 2088 1104 2143 apertis
1126 2089 1356 2130 amicorum
1388 2088 1554 2131 monitis
1593 2088 1758 2141 instrui,

315 2161 441 2202 quam
493 2147 667 2188 occultis
719 2160 862 2189 amare
913 2146 1199 2201 sugillacionis
1249 2146 1456 2188 morsibus
1515 2146 1754 2187 obtrectari.

315 2205 496 2246 Postera
527 2209 652 2247 nocte
685 2202 954 2257 concitaltum
987 2204 1124 2245 acrius
1155 2218 1271 2245 mare
1303 2218 1352 2245 eo
1389 2204 1652 2259 tempestatis
1685 2218 1755 2245 ex·
1809 2223 1837 2247 p.

316 2263 455 2315 cessit,
488 2267 535 2304 ut
565 2262 683 2316 regia
716 2263 860 2304 classis
881 2276 965 2303 non
999 2266 1138 2316 portu,
1169 2276 1252 2304 non
1277 2262 1483 2316 anchoris,
1516 2276 1596 2317 quo
1619 2262 1754 2302 minus

247 2329 283 2357 35
313 2319 486 2375 spa1·*sa
517 2320 670 2376 pelago
703 2320 977 2367 disiicemtur,
1017 2320 1216 2361 retentari
1245 2321 1444 2375 potuerit.
1505 2319 1634 2361 Nulla
1677 2333 1730 2360 ex
1747 2316 1759 2373 ll

315 2383 434 2433 parte
466 2378 678 2419 remissior
709 2378 863 2419 eodem
893 2379 999 2420 aeris
1031 2377 1176 2418 habitu
1200 2377 1422 2432 quatriduo
1449 2377 1752 2432 perseuerauit.
1807 2386 1818 2419 <

317 2436 410 2483 Que
440 2451 505 2477 res
536 2436 640 2477 iram
673 2436 784 2489 regis
808 2435 1034 2477 aduersum
1057 2435 1319 2476 Absalonem
1340 2449 1556 2477 accensam
1584 2448 1754 2489 magno-

315 2507 414 2548 pere
446 2493 652 2536 deliniuit.
698 2493 781 2534 Sed
807 2493 920 2548 quod
947 2494 1031 2534 iam
1063 2492 1190 2535 corde
1212 2493 1382 2534 salubre
1404 2491 1753 2547 deprehenderat,

315 2565 434 2592 uoce·
465 2551 590 2593 fateri
634 2550 926 2603 erubescebat,
953 2549 1131 2605 'pudore
1173 2564 1311 2592 serum
1350 2551 1476 2592 animi
1515 2551 1604 2591 eius
1634 2549 1754 2590 intel-

247 2621 285 2649 40
315 2608 471 2651 lectum
503 2610 682 2652 celante.
737 2607 847 2650 Nam
868 2609 1036 2651 interim
1056 2608 1174 2650 nulla
1204 2608 1258 2650 ad
1280 2609 1437 2651 amicos
1459 2607 1755 2650 communione
