1884 3126
548 772 814 827 SAXONIS
853 772 1243 826 GRAMMATICI

507 915 922 957 HISTORIE
974 915 1295 956 DANIOE

690 1043 834 1076 LIBER
868 1042 1105 1078 OCTAVVS.

312 1159 564 1234 Historiam
597 1189 697 1232 belli
732 1189 891 1231 Smtici
913 1189 1222 1261 Starcatherus,
1257 1193 1349 1248 qui
1348 1198 1400 1235 et
1432 1195 1618 1237 eiusdem

125 1257 293 1313 .-,prelii
323 1255 574 1320 precipuum
597 1255 792 1295 columen
821 1258 922 1307 elat,
956 1255 1114 1309 primus
1136 1255 1299 1297 Danico
1332 1258 1504 1312 digessit
1538 1260 1619 1301 elo-

177 1316 291 1380 quio,
324 1312 527 1356 memorie
559 1313 694 1366 magis
719 1326 844 1376 quam
877 1312 1008 1353 literis
1041 1313 1255 1356 traditam.
1309 1314 1438 1357 Cuius
1469 1318 1617 1358 seriem

174 1374 225 1414 ab
271 1374 362 1428 ipso
405 1385 479 1427 pro
526 1383 644 1411 more
684 1369 820 1425 patrio
867 1370 1102 1435 uulgaiiter
1142 1372 1295 1413 editam
1329 1373 1620 1429 digestamque

172 1431 402 1472 Latialiter
446 1429 669 1483 complecti
722 1432 938 1481 statuens,
986 1430 1024 1469 in
1078 1430 1220 1484 primis
1265 1433 1620 1486 prestantissimos

176 1490 394 1545 utriusque
425 1487 556 1542 partis
599 1500 796 1541 ploceres
829 1487 1072 1528 resensebo.
1150 1487 1299 1543 Neque
1344 1490 1451 1531 enim
1497 1492 1619 1532 michi

107 1571 141 1599 10
171 1546 482 1588 multitudinem
505 1544 813 1600 complectendi
837 1544 988 1610 cupido
1021 1545 1200 1599 incessit,
1236 1561 1359 1601 quam
1385 1562 1436 1589 ne
1457 1548 1619 1604 precise

1646 773 1802 803 LXXVIb

1674 819 1696 841 p.
1719 810 1768 836 37ss

175 1606 345 1660 quidem
383 1617 583 1645 numerus
625 1603 751 1657 capit.
825 1602 881 1643 Et
924 1602 1039 1656 prius
1083 1617 1177 1647 eos
1216 1605 1399 1659 (1011011
1440 1606 1619 1648 Haraldi
1694 1631 1699 1637 ·
1736 1611 1767 1637 ⁶7

174 1663 365 1720 partibus
388 1665 606 1714 steterant,
633 1675 746 1713 mox,
770 1660 837 1715 qui
861 1660 937 1701 sub
959 1660 1166 1715 Ringonis
1189 1663 1406 1718 stipendiis
1431 1670 1618 1718 egeiant‚

175 1721 269 1763 stilo
299 1725 506 1762 retexam.

311 1778 449 1834 Igitur
466 1791 519 1819 ex
537 1776 728 1828 ducibus,
750 1776 820 1831 qui
844 1775 896 1817 ad
920 1776 1158 1818 Haraldum
1181 1779 1378 1829 coierant,
1402 1780 1618 1821 clarissimi

109 1861 141 1888 15
173 1838 436 1880 noscitantur
457 1836 571 1878 Suen
605 1849 653 1876 ac
676 1835 1372 1890 80011101,Α1111101·01Ε111,Βο11
1406 1837 1617 1903 Fionicus,

177 1895 426 1951 Salgarthus
458 1898 500 1936 et
532 1894 639 1945 Roe,
674 1907 799 1947 quem
832 1892 962 1934 barbe
995 1893 1213 1947 prolixitas
1246 1903 1526 1949 cognomento
1560 1898 1618 1937 in-

175 1957 336 2009 signem
370 1953 523 1994 effecit.
586 1927 666 1993 His
697 1950 904 1991 accedunt
935 1951 1060 1991 Skalc
1092 1951 1290 1993 Scanicus
1333 1958 1374 1993 et
1408 1953 1480 1994 Alf
1505 1955 1617 2009 Aggi

175 2014 298 2054 filius.
361 2011 526 2059 Quibus
564 2009 796 2063 iunguntur
838 2007 957 2049 Oluir
1000 2009 1110 2050 latus
1156 2014 1196 2051 et
1232 2009 1400 2065 Gnepia
1437 2012 1617 2053 uetulus.

178 2071 256 2112 His
289 2066 967 2120 011001110101111·(3101(111,8101111,1
1007 2067 1147 2122 oppidi
1191 2068 1339 2111 cultor.
1402 2069 1477 2110 Cui
1517 2069 1617 2110 adii-

106 2146 144 2173 20
176 2129 340 2170 ciuntur
371 2125 597 2168 necessarii
630 2099 819 2176 Haralcii,
852 2124 1001 2174 Blend,
1045 2125 1190 2165 ultime
1227 2125 1351 2180 Tyles
1383 2127 1529 2178 incola,
1569 2141 1617 2167 ac

174 2185 331 2237 Bxffand
365 2184 473 2226 Mice
506 2195 743 2238 cognomen
776 2182 950 2223 habens.
1004 2182 1180 2223 Hisdem
1213 2185 1425 2225 sociantur
1449 2184 1616 2251 Thorny

177 2259 272 2286 cum
294 2219 558 2296 T’horuingo,
590 2239 718 2281 Tatar
738 2245 867 2305 atque
900 2239 1060 2282 Hialto.
1114 2240 1195 2288 Qui
1226 2242 1230 2294 Ι
1256 2241 1423 2296 quidem
1446 2243 1615 2307 nauigio⁸

176 2302 380 2344 Lethram
425 2299 593 2341 aduecti
643 2298 855 2339 instructis
902 2297 954 2338 ad
996 2298 1104 2339 bella
1147 2300 1416 2353 corporibus,
1461 2299 1616 2353 ingenii

177 2373 355 2426 quoque
375 2359 534 2399 uirtute
571 2349 812 2411 pollebant,
843 2356 1109 2410 p1oceritatis
1154 2357 1340 2397 habitum
1383 2357 1615 2398 animorum

109 2435 145 2462 25
178 2417 393 2460 exerciciis
425 2415 673 2457 emulantes.
736 2412 902 2468 Quippe
935 2413 1095 2468 spicula
1126 2428 1296 2455 arcuum
1338 2415 1617 2456 ballistarum-

177 2490 259 2532 que
291 2473 509 2518 tormentis
548 2476 770 2522 excutere,
809 2485 857 2511 ac
888 2471 1122 2526 plerunque
1165 2472 1317 2513 uiritim
1357 2486 1449 2513 cum
1493 2472 1616 2514 hoste

178 2535 416 2583 decernere,
447 2544 599 2586 poeses
622 2541 790 2584 quoque
821 2529 957 2583 patrio
991 2543 1183 2570 sermone
1201 2535 1427 2571 contexere
1431 2543 1616 2595 ‘promp-

178 2592 336 2634 tissime
367 2590 621 2632 calluerunt.
681 2586 804 2628 Adeo
850 2586 1034 2628 animum
1076 2602 1169 2628 cum
1212 2601 1387 2643 corpore
1427 2588 1618 2643 impensa·

247 2662 577 2692 SaxoGrnummtihus
1440 2657 1478 2690 Π

1672 2263 1696 2288 p.
1720 2254 1771 2282 573
