1884 3126
644 295 697 302 —-
757 271 896 314 XIIII
955 295 1010 302 —-
1467 271 1550 313 519

102 401 215 445 cedis
262 405 462 458 captura,
504 404 593 442 tum
638 401 770 442 eciam
814 400 1121 456 pociendorum
1161 400 1435 442 finitimorum
1477 413 1552 455 spe

100 460 319 513 inuitatus,
353 459 641 515 expedicionis
665 459 913 500 societatem
939 459 1178 514 spopondit.
1241 459 1321 501 Sed
1357 459 1550 514 superius

103 518 423 560 Waldemarum
466 532 542 560 rex
576 517 757 558 Noricus
804 531 880 572 per
925 531 1138 558 summum
1168 517 1357 559 amicicie
1390 517 1548 558 cultum

106 577 277 632 nauigio
320 576 546 618 draconem
589 576 816 617 simulante
858 575 1108 617 donauerat.
1181 575 1301 624 Quod
1347 575 1551 622 Absalon‚

56 648 73 675 5
102 635 208 676 mira
239 639 330 676 arte
363 635 626 689 effigiatum,
658 632 950 689 Roskyldensi
981 635 1142 689 remige
1175 647 1384 675 exornare
1423 638 1465 675 et
1497 633 1551 675 ad

103 699 362 735 conuentum
395 707 527 749 usque
557 692 778 734 Danorum
812 692 994 747 dirigere
1027 693 1186 741 iussus,
1228 707 1326 734 cum
1355 692 1396 733 in
1428 698 1552 747 portu

104 751 310 800 Iswrcnsi‚
342 765 491 806 parum
522 750 853 793 secundantibus
885 750 1046 801 uentis,
1082 756 1185 791 uoto
1219 750 1383 792 diucius
1417 764 1552 791 mora-

100 815 231 862 retur,
264 810 368 851 nihil
402 810 545 863 egrius
577 809 687 863 tulit,
720 822 846 864 quam
869 809 995 863 quod.
1029 810 1121 850 aliis
1151 809 1192 849 in
1228 808 1549 863 expedicionem

102 867 480 923 proficiscentibus,
512 868 674 909 tardior
703 867 796 921 ipse
827 872 1165 922 superuenturus
1208 867 1448 917 uideretur,
1481 868 1549 922 qui

37 940 70 966 10
100 931 264 967 ceteros
305 930 347 967 et
390 926 619 968 uelocitate
659 930 891 981 apparatus
924 930 967 967 et
997 926 1221 980 procinctu
1262 925 1550 980 nauigacionis

101 984 205 1026 alias
237 998 486 1040 precurrere
519 989 813 1025 consueuerat..
860 983 1010 1039 Itaque
1041 998 1152 1038 cum,
1185 988 1326 1026 mente
1358 983 1474 1025 tedio
1507 988 1552 1025 et

101 1042 261 1098 pudore
295 1043 448 1098 sopita,
480 1043 521 1083 in
553 1042 684 1098 puppi
715 1042 901 1094 iaceret,
932 1042 1119 1083 futuram
1151 1042 1278 1083 maris
1319 1041 1551 1098 tranquilli-

101 1103 232 1142 tatem
275 1101 492 1142 nocturnis
535 1100 791 1155 imaginibus
832 1101 1075 1155 speculatus
1123 1104 1200 1143 est.
1277 1100 1552 1142 Existimauit

104 1159 228 1207 enim,
261 1159 314 1200 ab
346 1158 516 1201 homine
549 1173 594 1200 se
626 1159 796 1211 accersi,
830 1172 1085 1214 accessoque
1117 1159 1273 1211 littore,
1308 1173 1400 1200 cum
1444 1159 1550 1200 Bur-

38 1229 70 1256 15
101 1217 320 1272 galanensi
352 1218 553 1272 pontifice
586 1217 766 1259 Tokone
797 1217 1044 1272 aliquandiu
1075 1218 1331 1272 spaciatum,
1368 1217 1551 1259 iussum-

102 1290 183 1331 que
216 1276 270 1317 ab
304 1290 368 1325 eo,
401 1289 482 1330 quc
514 1275 703 1326 audiret,
746 1276 889 1328 sagaci
930 1280 1070 1317 mente
1111 1276 1476 1331 comprehendere
1509 1279 1551 1317 et

101 1333 239 1375 tenaci
272 1333 472 1375 mandare
506 1334 720 1375 memorie.
781 1333 1007 1375 Tokonem
1046 1333 1198 1376 deinde
1240 1334 1400 1384 melos,
1435 1333 1551 1389 quod

100 1393 142 1433 in
165 1391 295 1433 diuini
317 1393 469 1434 natalis
494 1392 716 1447 peruigilio
739 1392 818 1432 rite
842 1392 968 1434 recini
990 1393 1160 1443 assolet,
1182 1393 1314 1435 semel
1341 1392 1346 1444 Ι
1375 1393 1545 1433 iterum-

101 1463 182 1505 que
217 1453 259 1491 et
289 1450 421 1491 tercio
452 1450 715 1505 replicuisse,
746 1450 969 1506 ipsumque
1001 1450 1051 1491 ad
1078 1464 1141 1504 ea,
1175 1464 1258 1506 que
1285 1455 1549 1502 canerentur,

31 1520 69 1547 20
98 1508 286 1550 sollicitis
331 1508 503 1549 auribus
548 1523 642 1550 esse
684 1508 868 1551 iussisse.
931 1508 1271 1564 Expergefactus
1315 1509 1421 1551 adeo
1454 1523 1548 1564 pre-

102 1575 245 1609 sentes
268 1567 460 1608 uisorum
476 1567 682 1622 imagines
704 1566 842 1607 animo
860 1568 1195 1622 representabat,
1218 1575 1263 1609 ut
1279 1582 1371 1610 rem
1388 1581 1548 1618 ueram,

101 1638 183 1666 non
216 1625 428 1666 somnium
452 1624 588 1666 ‘fuisse
622 1624 913 1667 arbitraretur.
976 1625 1032 1666 Et
1063 1626 1159 1681 quia
1193 1626 1381 1667 crastine·
1407 1639 1548 1681 egres-

101 1683 231 1724 sionis
264 1697 386 1737 opem
430 1696 506 1738 per
547 1683 730 1738 quietem
773 1683 850 1724 sibi
882 1684 1131 1750 promissam
1167 1685 1430 1737 meminerat,
1462 1688 1549 1725 tam

102 1745 260 1782 certam
294 1740 516 1782 commode
547 1740 839 1796 nauigacicnis
861 1756 979 1797 spem
1012 1742 1153 1783 animo
1186 1743 1456 1808 presumpsit,
1488 1747 1548 1793 ut,

32 1809 68 1837 ¹25
99 1813 327 1840 conscensa
362 1799 525 1854 cymba
559 1813 811 1865 quanquam
833 1800 936 1841 nihil
967 1799 1106 1841 adhuc
1137 1800 1378 1856 tempestati
1411 1800 1548 1841 detra-

100 1862 214 1898 ctum
248 1862 352 1909 crat,
385 1857 543 1898 malum
575 1858 692 1912 regie
714 1858 850 1911 nauis,
883 1858 950 1899 cui
984 1858 1193 1900 Astradus
1226 1864 1408 1914 pr·,ee1at
1432 1858 1547 1899 ocius

98 1915 236 1956 attolli
286 1915 453 1957 iuberet
515 1915 740 1971 cibumque
800 1929 951 1972 capere
1006 1922 1268 1982 properaret.
1345 1916 1549 1972 Epulanti

99 1974 346 2027 superuenit
377 1973 589 2015 Astradus
622 1974 810 2016 indicans
833 1975 1100 2030 tempestatis
1125 1989 1324 2017 occasum
1354 1980 1407 2026 et,
1431 1974 1549 2030 quid-

98 2045 195 2073 nam
227 2032 315 2073 fieri
350 2031 585 2087 expediret,
617 2031 898 2086 interrogans.
960 2033 1107 2075 Iussus
1140 2038 1202 2075 est
1234 2034 1367 2085 illico,
1406 2036 1547 2075 erecto

32 2100 67 2128 30
99 2089 258 2144 nauigii
290 2090 428 2143 malo,
460 2089 606 2131 fauces
651 2090 830 2132 Isuricas
862 2096 1110 2146 penetrare,
1144 2092 1289 2147 eisque
1319 2091 1546 2147 preteritis,

100 2147 302 2200 insulam,
348 2162 430 2203 qua
470 2152 624 2190 uentus
656 2149 846 2195 iuberet„
890 2149 1060 2191 ambire.
1134 2149 1260 2198 Quod
1305 2164 1356 2192 eo
1395 2150 1549 2205 exequi

99 2210 329 2261 pergente,
385 2205 728 2260 expedicionaria
775 2207 935 2261 classis,
993 2222 1073 2262 que
1120 2209 1163 2249 in
1208 2207 1391 2250 eundem
1440 2208 1548 2249 forte

100 2271 271 2319 portum
317 2264 560 2319 appulerat,
617 2265 758 2306 subito
804 2266 1117 2320 tranquillitatis
1175 2266 1340 2308 incessu
1386 2266 1547 2319 gauisa,

100 2322 292 2363 uelorum
348 2336 466 2362 usum
518 2323 807 2377 nauigacionis
858 2323 986 2364 auida
1036 2325 1308 2379 preparabat.
1386 2323 1549 2366 Verum

31 2390 67 2418 35
100 2380 276 2431 effectus
324 2379 457 2421 minor
503 2380 664 2435 impetu
713 2380 805 2422 fuit.
880 2381 1099 2438 Siquidem
1146 2382 1275 2424 modo
1323 2383 1547 2435 orientem,

1599 1413 1627 1438 p.
1646 1404 1697 1431 758

101 2438 227 2479 modo
260 2452 454 2479 occasum
497 2438 659 2480 incerto
692 2443 915 2480 uentorum
956 2441 1060 2481 flatu
1102 2441 1319 2482 ludificata
1363 2440 1548 2482 uicissim

99 2496 298 2551 petebat,
341 2496 751 2552 nauigacionemque
796 2497 1009 2539 mutabilis
1043 2513 1145 2553 aure
1181 2499 1365 2539 uarietas
1399 2502 1547 2552 Optato

101 2567 224 2595 cursu
264 2553 502 2595 fraudabat.
574 2553 789 2595 Diuinitus
833 2556 1076 2597 consultum
1121 2556 1339 2608 crederes,
1380 2571 1434 2597 ne
1475 2561 1548 2597 aut

101 2611 290 2653 solitaria
325 2611 554 2653 Absalonis
588 2612 809 2667 nauigacio
843 2618 918 2654 aut
958 2614 1048 2655 aliis
1080 2615 1246 2655 incessu
1284 2613 1445 2654 tardior
1476 2614 1549 2655 ha-

33 2683 69 2711 40
101 2669 283 2713 bei-etur.
327 2668 451 2719 Quod
486 2669 617 2711 eciam
649 2670 783 2727 ipsius
816 2670 974 2729 liquido
1009 2671 1304 2731 comprobauit
1326 2671 1548 2717 aduentus.
