1884 3126
114 897 146 923 10

111 1189 144 1215 15

108 1478 144 1504 ‘20

107 2061 144 2087 30

107 2349 143 2376 35

107 2642 143 2669 40

763 258 815 263 ,-
878 231 921 276 X
983 256 1034 264 -.
1541 233 1625 276 353

178 365 320 404 tamen
352 362 443 417 regi
476 362 549 403 tali
581 362 705 417 culpa
734 362 903 405 affectis
925 363 1222 405 necessitatem
1246 376 1356 419 pene
1387 361 1628 406 remittendi

178 420 244 461 fas
279 426 392 471 erat3
425 435 502 462 nec
533 421 667 474 aliter,
700 434 829 476 quam
861 425 908 462 ut
952 425 1017 462 tot
1049 420 1252 474 gradibus
1293 422 1385 476 quis
1417 420 1629 463 discubitu

178 477 392 533 indignior
414 479 548 530 fieret,
580 484 684 534 quot
706 478 868 520 uicibus
892 478 1083 520 sodalem
1115 479 1241 533 digne
1263 479 1373 521 sedis
1396 479 1629 534 negacione

178 537 420 591 spreuisset.
481 537 549 578 Ita
581 538 691 578 enim
723 537 830 591 legis
863 541 1251 593 temperamentum
1283 537 1391 579 inter
1424 537 1629 580 seuerita-

177 600 263 636 tem
314 608 363 636 ac
416 595 785 636 mansuetudinem
837 595 1021 636 medium
1072 595 1198 650 rigori
1241 596 1513 637 clemenciam
1564 610 1629 637 so-

180 653 328 707 ciauit,
382 658 429 694 ut
478 667 556 694 nec
598 654 879 709 penitenciam
929 653 1158 708 repelleret
1205 668 1282 695 nec
1333 654 1629 709 impunitatem

179 710 372 753 excessui
422 711 555 753 daret.
630 711 755 760 Quod
803 712 836 754 si
883 716 1034 767 quarto
1080 726 1125 753 se
1158 712 1250 767 quis
1294 711 1446 753 eodem
1486 717 1629 754 reatus

177 783 336 824 genere
368 769 643 824 maculasset,
686 770 867 812 discreto
911 784 934 810 a
967 770 1097 810 milite
1129 771 1245 822 loco,
1279 784 1422 812 mense
1466 770 1630 814 alienus

177 828 332 880 fiebat,
376 828 706 870 commilitonum
748 828 901 869 nemini
945 829 1084 869 catino
1129 833 1201 870 aut
1240 829 1370 871 calice
1402 829 1631 870 communi-

178 886 316 928 cabat.
379 885 532 940 Neque
566 887 678 928 enim
709 891 773 928 ter
807 886 974 928 ueniam
1001 890 1178 941 experto
1204 887 1381 928 ulterius
1412 887 1631 941 ignoscen-

178 944 279 985 dum
312 943 505 999 putabat,
539 945 637 999 quia
670 959 747 986 sua
778 945 860 985 iam
893 958 1006 986 noxa
1028 958 1181 999 penam
1214 945 1378 996 meruit,
1410 946 1479 1000 qui
1512 960 1557 987 se
1580 959 1631 987 ea

177 1002 309 1044 tocies
362 1001 515 1043 affecit.
600 1001 723 1044 Adeo
777 1003 1087 1045 contumaciam
1134 977 1379 1058 contemptii
1434 1003 1627 1045 mulctari

176 1061 347 1115 placuit.
409 1058 558 1101 Valuit
579 1060 691 1102 enim
713 1060 827 1116 apud
848 1075 992 1113 regem
1015 1065 1156 1116 sprete
1187 1061 1376 1102 militaris
1411 1060 1628 1116 dignitatis

175 1117 439 1173 indignacio,
473 1132 678 1174 eumque,
721 1119 791 1174 qui
832 1133 981 1185 parem
1012 1120 1207 1160 uenerari
1238 1119 1445 1172 nesciret,
1477 1134 1628 1175 parum

177 1176 384 1231 superiori
408 1177 422 1228 Η
446 1176 686 1218 delaturum
719 1191 826 1235 esse,
859 1177 1147 1218 existimatum
1183 1183 1260 1219 est.
1322 1176 1487 1219 Eodem
1519 1192 1628 1233 pene

175 1249 335 1289 genere
367 1235 407 1275 in
440 1235 623 1276 minutos
655 1249 845 1290 quosque
882 1235 1300 1276 animaduertebatur
1333 1250 1550 1289 excessus,
1584 1240 1630 1277 ut

176 1293 303 1348 siquis
345 1293 473 1333 alium
514 1294 703 1335 conuicio
751 1294 966 1335 insecutus
1014 1293 1163 1336 fuisset
1211 1299 1285 1335 aut
1328 1294 1508 1348 pocione
1552 1309 1627 1349 per

177 1350 473 1392 contumeliam
506 1352 791 1406 respersisset.

317 1408 518 1450 Ceterum
569 1423 643 1450 rex
697 1410 948 1451 maritimam
1001 1410 1142 1465 sepius
1195 1424 1321 1464 quam
1384 1415 1626 1451 terrestrem

178 1467 372 1508 miliciam
404 1480 530 1521 agere
563 1473 858 1510 consueuerat.
921 1468 1072 1522 Igitur,
1108 1468 1281 1523 quocies
1304 1468 1495 1522 equitatu
1520 1482 1627 1522 opus

178 1530 288 1578 erat,
330 1525 483 1566 milites
528 1526 648 1580 equis
680 1526 873 1567 omnibus
916 1527 1038 1567 uacui
1080 1540 1155 1581 pro
1197 1525 1464 1567 asseruandis
1508 1526 1626 1581 equis

177 1584 350 1624 alternis
383 1583 546 1624 uicibus
579 1584 862 1625 excubabant.
918 1584 1001 1632 Qui
1034 1599 1136 1626 uero
1159 1583 1400 1639 adaquandi
1434 1588 1626 1639 tempore

177 1642 234 1682 ita
265 1641 421 1683 sodalis
453 1655 562 1696 equo
584 1656 695 1683 -usus
727 1643 891 1695 fuisset,
924 1647 970 1683 ut
997 1643 1137 1697 ipsum
1158 1644 1375 1695 continue,
1402 1656 1478 1683 nec
1502 1642 1626 1683 modo

176 1714 313 1753 suum,
346 1698 474 1740 modo
505 1699 616 1740 illius
648 1699 831 1742 uicissim
858 1700 863 1754 Ι
891 1700 1111 1742 insidendo
1134 1706 1358 1755 premeret,
1390 1699 1626 1755 predictum

128 1769 140 1784 f
174 1771 283 1812 pene
323 1758 496 1799 modum
538 1758 738 1812 expleuit.
808 1758 945 1800 Tanto
977 1759 1086 1800 enim
1128 1758 1268 1800 studio
1312 1773 1389 1799 rex
1422 1772 1625 1800 uerecun-

177 1816 289 1856 diam
322 1829 345 1856 a
376 1816 462 1856 suis
495 1816 655 1857 seruari
687 1816 843 1870 uoluit,
886 1821 933 1858 ut
967 1817 1096 1858 eciam
1139 1816 1322 1871 paruulo
1355 1815 1624 1872 impudencie

179 1888 356 1915 excessu
391 1874 536 1915 deuios
577 1874 872 1928 castigacionis
915 1875 1101 1917 remedio
1139 1874 1402 1916 coercendos
1437 1878 1623 1929 putaret.

178 1931 259 1980 Qui
292 1946 407 1983 uero,
440 1931 572 1973 tribus
603 1931 812 1974 fasciculis
843 1933 883 1973 in
918 1933 1131 1975 stabulum
1158 1933 1369 1977 coniectis.
1405 1946 1513 1987 equo
1546 1947 1623 1974 suo

177 1991 411 2031 communis
466 1991 612 2045 pabuli
667 1991 846 2045 spicam,
902 1991 1039 2033 alieno
1096 1991 1293 2046 stipulam
1351 1990 1624 2042 admouisset,

175 2048 296 2089 iuxta
334 2049 517 2103 priorem
557 2047 783 2090 formulam
822 2049 975 2090 milicia
1016 2053 1090 2090 aut
1122 2049 1300 2103 turpiter
1339 2049 1401 2089 uti
1447 2054 1521 2090 aut
1553 2048 1624 2089 de-

175 2105 363 2147 formiter
414 2105 620 2147 excedere
671 2107 917 2161 cogebatur.
994 2108 1057 2148 Ac
1109 2107 1256 2162 nequis
1303 2107 1417 2148 socio
1465 2107 1620 2148 flumen

175 2164 500 2219 transequitanti
543 2164 600 2206 ita
641 2178 748 2220 equo
791 2171 1082 2217 concurreret,
1125 2170 1172 2205 ut
1213 2164 1265 2205 ad
1297 2165 1434 2220 ipsum
1477 2165 1624 2206 turbu-

175 2221 331 2263 lencior
362 2220 728 2275 undavdeflueret,
760 2223 849 2277 pari
881 2223 1089 2264 industria
1120 2227 1305 2264 cautum.
1352 2222 1476 2264 Adeo
1509 2237 1624 2264 scru-

175 2280 327 2334 pulosa
359 2293 460 2320 cura
490 2280 670 2334 paruula
702 2295 874 2337 quoque
907 2282 1121 2322 societatis
1155 2280 1293 2321 officia
1322 2280 1621 2335 pensabantur.

174 2337 226 2379 Ei
257 2352 373 2390 uero,
405 2337 474 2392 qui
506 2338 682 2379 stacioni
714 2337 906 2380 addictus
947 2340 1006 2380 ita
1048 2353 1092 2380 se
1124 2352 1271 2380 somno
1304 2343 1543 2389 onerasset,
1576 2343 1623 2379 ut

177 2401 317 2437 uestes
349 2402 421 2436 aut
453 2409 569 2437 arma
600 2395 821 2438 dormienti
853 2396 1017 2438 detrahi
1051 2401 1237 2451 possent,
1270 2396 1487 2438 consimile
1532 2397 1621 2437 uin-

175 2453 286 2495 dicte
319 2468 452 2507 genus
483 2453 637 2494 mulcte
658 2455 828 2496 nomine
849 2454 1130 2509 irrogabatur.
1193 2453 1342 2509 Neque
1367 2454 1476 2494 enim
1502 2454 1621 2508 regio

176 2510 422 2566 profuturus
445 2511 621 2566 imperio
644 2512 889 2567 putabat-ur,
921 2526 1047 2567 quem
1069 2513 1261 2568 priuatus
1283 2517 1429 2567 torpor
1450 2512 1621 2568 publico

176 2569 453 2611 excubiarum
486 2569 624 2611 officio
651 2570 949 2612 submouisset.
1013 2569 1172 2612 Verum
1195 2570 1400 2611 aduersus
1423 2570 1621 2624 grauiora

175 2627 428 2683 prefraccior
460 2627 574 2669 aceio
607 2628 833 2670 constituta
864 2627 1016 2670 fuerat.
1063 2628 1203 2683 Siquis
1226 2628 1336 2669 enim
1370 2627 1620 2670 commilito-

244 2701 323 2739 βιαιο
343 2701 575 2729 Grammaticus.
1440 2695 1485 2732 ‘23

1683 1186 1777 1220 (198)

1682 1717 1708 1742 p.
1729 1710 1780 1736 528
