1884 3126
233 225 314 266 326
818 221 1093 263 —X—

236 350 527 402 Sturbiornus,
560 349 865 392 contumeliosa
895 350 1076 392 militum
1097 349 1399 392 adhortacione
1421 349 1679 404 compulsus,

235 410 447 451 fortunam
479 420 598 449 suam
630 412 789 449 temere
821 409 1030 450 sociorum
1061 408 1298 450 fortitudini
1331 406 1519 458 credidit,
1554 406 1680 462 inque

235 466 456 531 proprium
490 465 672 506 exicium
705 480 844 519 ruens,
876 466 1087 521 regiarum
1118 466 1304 521 parcium
1327 464 1508 506 reditum
1528 463 1680 507 stolida

236 523 442 580 precessit
473 522 665 564 audacia.
726 523 894 566 Bellum
929 524 1037 566 enim
1068 537 1328 580 prepropere
1368 537 1510 576 ausus,
1552 522 1679 564 rebus

185 595 201 622 5
234 583 451 624 Sueonum
485 595 558 636 per
583 581 784 623 incuriam
817 574 1035 638 lacessitis,
1068 581 1284 623 occiditur
1335 580 1392 622 Et
1422 594 1522 622 sane
1550 580 1678 621 hosti-

234 639 345 681 libus
376 638 527 694 gladiis
567 639 679 680 ultro
726 639 917 694 iugulum
959 640 1139 693 subiicit,
1192 639 1381 694 quisquis
1423 640 1463 679 in
1512 638 1679 693 urgenti

234 697 376 752 aliquo
422 696 662 738 discrimine
710 698 843 752 magis
886 698 1021 740 aliene
1075 698 1302 739 temeritati
1344 711 1468 752 quam
1511 697 1679 752 proprie

236 754 484 810 obsequitur
515 754 801 809 prouidencie.

372 812 479 854 Post
500 811 577 854 hec
594 811 752 868 Thyra,
785 828 869 869 quo
899 813 1078 869 patriam
1100 828 1123 854 a
1145 812 1411 855 clandestinis
1434 816 1677 854 exterorum

165 882 201 910 10
231 870 543 926 irrupcionibus
582 871 785 913 tuciorem
825 876 1047 927 prestaret,
1088 875 1291 927 quantum
1336 885 1359 911 a
1392 869 1580 912 Slesuico
1625 869 1679 912 ad

234 928 541 972 occidentalem
584 927 800 971 Oceanum
836 935 970 985 patet,
1013 930 1126 972 uallo
1168 928 1367 984 fossaque
1407 928 1680 984 proscindere

232 1000 434 1043 aggressa
462 990 539 1040 est,
578 1001 790 1043 superque
825 988 933 1030 iacto
966 1002 1120 1043 aggere
1151 986 1404 1029 tenacissimi
1436 987 1575 1043 operis
1597 993 1679 1030 ter-

231 1059 379 1088 renum
411 1044 560 1086 molita
593 1049 658 1086 est
689 1045 1010 1087 munimentum.
1071 1045 1148 1087 Cui
1180 1045 1468 1100 postmodum
1502 1044 1676 1088 Walde-

232 1103 336 1145 mari
368 1102 479 1157 regis
512 1101 848 1159 Absalonisque,
873 1103 887 1158 ΙΙ
911 1100 1085 1158 Dalnice
1125 1103 1263 1158 gentis
1296 1102 1510 1156 antistitis,
1542 1104 1676 1145 consi·
1735 1093 1833 1162 {¹⁵3}ss

163 1172 198 1199 15
229 1161 337 1203 milis
383 1174 484 1215 erga
522 1162 703 1215 patriam
745 1162 880 1217 pietas
916 1176 1082 1202 murum
1125 1161 1234 1203 cocti
1263 1160 1405 1202 lateris
1437 1161 1676 1216 superiecit,

234 1219 296 1261 uti
328 1218 471 1274 pocius
504 1220 659 1260 ueteris
691 1220 793 1261 ualli
825 1218 1024 1261 occiduos
1056 1220 1200 1275 lapsus
1232 1218 1404 1260 solidior
1425 1233 1537 1260 noue
1559 1220 1679 1262 molis

234 1280 444 1319 structura
475 1276 755 1331 refic[ic]eret,
788 1291 914 1333 quam
945 1277 1127 1319 debilem
1150 1277 1237 1318 eius
1271 1276 1396 1326 situm
1430 1277 1614 1319 crebrior
1635 1279 1677 1319 in

234 1339 455 1391 posterum
498 1335 618 1375 ruina
661 1335 941 1386 submitteret,
1011 1334 1228 1390 Siquidem
1271 1334 1401 1389 priori
1440 1335 1680 1377 municione

233 1392 499 1435 fundamenti
528 1392 622 1435 loco
655 1394 745 1447 usi,
788 1393 1083 1449 imperfectum
1113 1393 1293 1434 feminee
1324 1393 1492 1434 uirtutis
1524 1407 1679 1449 propo-

161 1460 199 1489 20
231 1451 359 1493 situm
405 1449 516 1491 uirili
559 1451 789 1506 prudencia
836 1451 1183 1506 compleuerunt,
1233 1454 1350 1492 tanto
1398 1451 1678 1494 excellencius

234 1523 341 1565 opus
394 1508 594 1561 edentes,
614 1538 620 1544 ·
660 1514 817 1564 quanto
870 1524 914 1551 se
966 1509 1162 1550 muliebri
1212 1513 1423 1550 nouerant
1471 1508 1678 1551 industria

233 1566 445 1608 clariores.
505 1542 667 1608 Eadem
703 1581 885 1623 quoque,
920 1581 1011 1607 cum
1044 1566 1123 1608 sub
1154 1566 1296 1621 specie
1325 1565 1483 1607 femine
1514 1567 1677 1609 uirilem

232 1625 420 1666 animum
449 1627 631 1679 gereret,
666 1625 866 1667 Scaniam
883 1624 1050 1666 Suetica
1075 1624 1369 1665 dominacione
1392 1638 1678 1680 compressam

231 1680 450 1738 prestandi
480 1682 627 1724 tributi
659 1697 786 1725 onere
817 1683 1029 1724 liberauit.
1091 1678 1244 1737 Itaque
1276 1681 1372 1723 hinc
1402 1696 1539 1737 muro,
1580 1683 1677 1725 inde

162 1752 199 1779 25
232 1741 357 1782 armis
388 1739 554 1782 hostem
584 1741 806 1796 repellens,
851 1740 1029 1782 diuersis
1067 1739 1201 1795 patrie
1244 1739 1398 1782 finibus
1437 1755 1513 1796 par
1545 1741 1676 1783 tutele

231 1798 485 1841 beneficium
516 1799 693 1854 peperit.
721 1809 724 1814 ·

367 1856 563 1908 Interea,
602 1856 803 1899 defuncto
847 1856 961 1912 apud
1003 1855 1267 1910 Noruagiam
1307 1855 1520 1910 H'araldo,
1568 1856 1676 1898 filius

230 1915 319 1957 eius
366 1913 604 1968 Haquinus,
650 1915 832 1970 patriam
881 1913 1134 1955 hereditarie
1188 1914 1405 1968 pensionis
1446 1914 1678 1969 ignominia

232 1985 390 2014 exuere
422 1972 607 2027 cupiens,
639 1987 734 2013 cum
768 1971 1018 2025 Haraldum,
1059 1971 1229 2024 auditis,
1270 1985 1351 2026 que
1391 1971 1522 2014 Cesar
1562 1972 1674 2028 apud

160 2040 197 2068 3ο
229 2030 387 2072 Iutiam
438 2034 642 2084 gesserat,
690 2030 953 2072 Germanicis
1007 2029 1156 2071 diutile
1211 2029 1332 2071 bellis
1377 2029 1676 2084 implicandum

229 2091 444 2144 speraret,
476 2088 619 2143 palam
650 2087 926 2130 detractande
961 2087 1080 2143 stipis
1112 2088 1332 2129 audaciam
1362 2088 1553 2143 prebuit,
1584 2088 1676 2144 plus

229 2147 319 2202 spei
360 2160 410 2188 ac
455 2145 607 2187 fiducie
662 2161 714 2188 ex
768 2146 988 2188 Saxonicis
1039 2146 1164 2187 armis
1216 2159 1342 2200 quam
1390 2147 1475 2188 suis
1516 2146 1676 2188 uiribus

229 2204 414 2258 capiens.
474 2202 636 2245 Verum
667 2203 896 2254 Haraldus,
928 2204 1054 2245 rebus
1086 2218 1181 2245 cum
1212 2203 1470 2258 imperatore
1506 2218 1673 2260 compo-

229 2262 345 2314 sitis,
393 2263 655 2303 consorcium
698 2261 905 2304 catholice
947 2261 1163 2316 religionis
1207 2261 1442 2316 amplexus,
1486 2261 1672 2303 diuinam

159 2331 196 2358 35
227 2320 541 2375 humanamque
602 2334 750 2376 pacem
819 2317 976 2374 regno*
1049 2334 1124 2361 suo
1191 2319 1457 2373 conciliauit3
1526 2321 1669 2376 sicque
1697 2329 1855 2359 xcvln

230 2375 491 2433 Haquilnum
542 2382 747 2434 concepte
796 2376 976 2419 inaniter
1022 2377 1112 2431 spei
1156 2377 1319 2418 irritum
1365 2377 1569 2432 reddens,
1628 2391 1672 2419 se
1726 2400 1753 2425 p
1774 2392 1825 2417 483

229 2435 369 2489 ipsum
414 2449 572 2488 errore,
622 2437 803 2491 patriam
853 2434 994 2502 preliis
1037 2435 1247 2477 liberauit.
1309 2434 1537 2491 Comperta
1568 2449 1669 2477 uero

232 2491 419 2547 Haquini
451 2492 722 2547 defeccione,
762 2497 884 2535 tanto
916 2488 957 2535 in
987 2491 1230 2547 Noruagice
1262 2493 1492 2535 iuuentutis
1525 2497 1670 2535 contu-

230 2551 411 2592 maciam
453 2552 646 2606 asperius
686 2526 1112 2593 animaduertendum
1151 2550 1335 2606 putauit,
1378 2554 1536 2606 quanto
1576 2565 1670 2592 eam

164 2620 200 2649 4ο
230 2607 458 2651 aduersum
510 2623 557 2652 se
617 2610 825 2652 ceruicem
880 2607 1137 2651 insolencius
1201 2607 1404 2652 extulisse
1454 2608 1671 2665 cognouit.
