1884 3126
146 1311 162 1337 5

134 1603 164 1630 10

129 2186 165 2213 ‘20

562 786 831 842 SAXONIS
872 787 1264 843 GRAMMATICI

520 931 939 975 HISTORIE
992 933 1312 977 DANICE

726 1078 874 1114 LIBER
901 1079 1118 1115 TEROIVS.

333 1193 594 1277 Hotherus,
638 1224 796 1267 Athisli
827 1226 972 1274 frater,
1004 1226 1200 1282 idemque
1230 1228 1387 1270 Geuari
1418 1229 1528 1283 legis
1559 1229 1647 1270 alu-

196 1307 330 1346 mnus,
363 1294 480 1335 cuius
503 1295 767 1337 mencionem
799 1296 983 1351 premisi‚
1016 1301 1108 1351 post
1131 1296 1237 1337 H1a1
1242 1301 1408 1338 tuarum
1430 1297 1646 1364 utriusque

194 1351 313 1406 regni
345 1352 570 1407 imperium
601 1354 741 1395 sumit.
805 1354 944 1395 Huius
976 1359 1192 1409 tempora,
1234 1355 1267 1396 si
1309 1355 1361 1396 ab
1403 1355 1527 1396 etatis
1558 1356 1645 1397 eius

194 1410 357 1465 origine
379 1424 544 1466 cepero
566 1412 711 1466 apcius
740 1412 1079 1467 explicabuntur.
1123 1412 1315 1454 Pulcrius
1337 1413 1446 1454 enim
1465 1413 1646 1468 plenius-

196 1482 278 1523 que
309 1472 502 1511 extrema
533 1483 743 1511 annorum
786 1471 898 1512 illius
929 1471 1136 1512 curricula
1168 1471 1532 1526 perstringuntur,
1574 1471 1646 1513 ubi

194 1526 332 1580 prima
363 1527 537 1570 silencio
559 1542 641 1570 non
665 1528 933 1571 damnawntur
982 1529 1212 1571 Interfecto
1236 1529 1289 1571 ab
1311 1529 1507 1584 Helyone
1528 1529 1646 1570 Hod-

196 1584 375 1634 broddo,
414 1579 526 1627 filius
568 1579 790 1629 Hotheius
831 1587 907 1628 sub
948 1587 1081 1628 tutela
1114 1587 1271 1628 Geuari
1311 1587 1423 1641 regis
1462 1587 1645 1642 puericie

195 1657 442 1698 procuisum
474 1645 631 1699 exegit
693 1645 955 1687 Adolescens
986 1646 1197 1686 collaeteis
1231 1660 1279 1686 ac
1312 1645 1452 1686 coeuis
1483 1659 1646 1686 summa

194 1701 378 1756 corporis
400 1701 600 1744 firmitate
622 1704 853 1758 prestabat.
903 1702 1101 1745 Ceterum
1134 1704 1350 1758 ingenium
1383 1703 1471 1744 eius
1502 1703 1646 1744 crebre

194 1758 446 1801 dotauerant
489 1766 614 1803 artes.
677 1761 844 1817 Quippe
890 1761 1146 1813 natacionis,
1189 1775 1310 1802 arcus
1363 1758 1648 1816 celstuumque

194 1818 375 1871 pericia,
416 1832 493 1860 nec
521 1834 618 1873 non,
661 1825 1031 1875 quantamcunque
1073 1834 1122 1860 ea
1164 1823 1253 1861 etas
1285 1833 1436 1873 capere
1468 1823 1646 1874 poterat,

148 1894 164 1920 5
195 1875 388 1930 agilitate
410 1876 609 1932 pollebat,
632 1877 746 1919 haud
766 1879 902 1919 minus
920 1878 1139 1930 exercicio,
1163 1891 1289 1932 quam
1307 1876 1467 1918 uiribus
1485 1881 1646 1931 potens.

195 1933 470 1975 Immaturam
503 1935 642 1977 adhuc
673 1940 830 1978 etatem
862 1936 1085 1977 uberrimis
1122 1936 1250 1976 animi
1293 1934 1505 1977 beneficiis
1536 1938 1648 1975 tran-

194 1992 436 2034 scendebat.
507 1992 644 2036 Nemo
690 1994 763 2035 illo
812 1994 941 2036 chelis
992 1998 1065 2035 aut
1109 1993 1200 2049 lyre
1245 1993 1448 2034 sciencior
1494 1992 1644 2034 fuerat.

197 2050 399 2092 Preterea
440 2051 563 2093 sistro
605 2066 654 2094 ac
694 2052 876 2108 barbyto
930 2051 1125 2106 omnique
1166 2051 1310 2092 fidium
1358 2050 1647 2092 modulacione

195 2109 390 2150 callebat.
455 2109 523 2151 Ad
557 2124 829 2166 quoscunque
861 2109 1032 2152 uolebat
1064 2115 1222 2155 motus
1265 2109 1394 2151 uariis
1430 2107 1646 2150 modorum

197 2168 424 2222 generibus
465 2167 668 2210 humanos
710 2168 958 2224 impellebat
998 2167 1197 2220 affectus3
1230 2167 1407 2222 gaudio,
1445 2165 1643 2218 mesticia,

196 2225 480 2279 miseracione,
511 2226 582 2268 uel
613 2226 709 2268 odio
739 2227 941 2268 mortales
973 2226 1140 2267 afficere
1173 2229 1360 2267 nouerat
1395 2224 1461 2265 Ita
1483 2223 1645 2264 aurium

197 2283 415 2350 uoluptate
479 2288 552 2325 aut
595 2284 774 2326 horrore
820 2285 982 2326 animos
1028 2284 1244 2339 implicare
1287 2282 1461 2324 solebat.
1539 2279 1646 2321 a”Tot

190 2341 360 2383 iuuenis
401 2341 562 2383 artibus
594 2342 754 2384 Geuari
795 2343 881 2384 filia
913 2342 1066 2383 Nauna
1109 2341 1161 2383 ad
1207 2341 1376 2382 modum
1422 2339 1644 2391 delectata,

1664 801 1688 825 p
1710 794 1758 820 110

1680 827 1751 861 (39)

1669 1773 1697 1798 p.
1715 1764 1763 1790 111

1666 2286 1782 2316 XXH⁵

196 2400 441 2466 amplexum
474 2400 562 2441 eius
594 2406 795 2456 expetere
818 2401 942 2456 cepit.
995 2399 1064 2441 Fit
1092 2400 1097 2453 Ι
1125 2400 1248 2465 enim,
1282 2403 1327 2440 ut
1348 2397 1504 2439 uirtute
1531 2396 1646 2437 iuue-
1688 2424 1693 2432 .
1748 2405 1763 2423 ⁹

150 2477 165 2503 5
196 2471 295 2498 num
318 2458 505 2512 uirgines
526 2457 783 2500 incalescant
809 2464 863 2510 et,
886 2473 988 2514 qum
993 2472 1061 2499 um
1084 2458 1219 2498 minus
1241 2456 1475 2510 complacet
1495 2454 1643 2506 forma,

199 2515 384 2570 probitas
424 2520 678 2570 acceptetur.
740 2516 996 2571 Multiplices
1039 2516 1148 2557 enim
1181 2529 1297 2556 amor
1335 2513 1471 2554 aditus
1501 2510 1643 2552 habet.

198 2572 307 2615 Aliis
351 2571 504 2627 [amor]
549 2573 686 2627 decor,
718 2574 811 2615 aliis
842 2574 971 2615 animi
1002 2574 1158 2628 uirtus,
1201 2570 1448 2627 quibusdam
1485 2568 1642 2610 arcium

198 2645 298 2703 usus
342 2631 572 2688 uoluptatis
619 2631 698 2674 iter
745 2632 903 2688 aperit;
951 2640 1037 2673 non
1082 2630 1207 2673 nullis
1252 2628 1423 2671 comitas
1464 2625 1643 2668 Veneris
