1884 3126
76 844 112 871 10

73 1134 109 1161 15

75 1424 112 1451 20

74 1716 110 1742 25

73 2004 110 2032 30

71 2295 108 2323 35

723 201 769 206 -
836 177 900 218 IX
964 203 1012 208 -
1511 183 1593 223 313

148 305 256 359 filiis,
289 305 538 349 Hiberniam
570 307 691 362 petit,
725 307 950 363 occisoque
984 308 1071 350 eius
1094 322 1194 364 rege
1216 309 1435 363 Melbrico,
1459 311 1591 353 Dufli-

147 378 246 405 nam
290 364 479 406 barbaris
520 366 670 420 opibus
717 364 1035 408 refertissimam
1080 367 1266 419 obsedit,
1315 370 1592 423 oppugnauit,

146 422 332 477 accepit:
358 422 498 479 ibique
521 437 661 465 annuo
685 423 847 464 statiuis
871 424 1036 473 habitis,
1059 424 1412 467 mediterraneum
1435 426 1592 469 fretum

146 481 431 546 pernauigans
463 480 516 522 ad
548 481 918 536 Hellesponticum
962 484 1228 548 penetrauit,
1269 483 1488 526 interiecta
1528 499 1592 526 re-

144 539 318 594 gionum
350 539 493 594 spacia
525 538 763 580 clarissimis
795 553 991 582 emensus
1023 540 1234 592 uictoriis,
1274 543 1472 584 continue
1501 542 1592 585 feli-

146 596 290 638 citatis
316 611 587 652 progressum
622 611 828 652 nusquam
862 597 1162 651 interpellante
1193 598 1375 641 fortuna.

283 654 400 697 Inter
419 655 496 697 hec
514 655 730 697 Haraldus
750 655 1014 710 quorundam
1036 657 1341 712 astipulacione
1358 658 1590 711 Danorum,

144 713 336 768 Regneri
358 714 554 755 miliciam
578 714 840 768 languidiore
871 713 1010 755 studio
1044 715 1352 764 comitancium,
1383 716 1590 758 recidiuos

143 770 280 826 patrie
302 772 510 813 tumultus
539 772 768 822 incuciens,
800 773 903 826 regii
937 772 1116 814 nominis
1148 779 1375 828 usurpator
1407 775 1590 816 emersit.

147 829 229 878 Qui
253 829 436 884 Regneri
458 830 511 872 ab
534 830 821 886 Hellesponto
845 830 1060 871 redeuntis
1083 831 1207 872 armis
1235 837 1450 898 exceptus,
1484 847 1589 885 cum,

144 887 271 929 rebus
302 887 526 930 infeliciter
566 888 720 943 gestis,
766 889 974 930 exhausta
1022 888 1253 931 domestice
1286 891 1376 945 opis
1407 891 1591 946 presidia

144 945 518 996 animaduerteret,
549 946 830 995 Lodouicum,
862 947 1083 1001 Maguntie
1109 948 1400 1002 constitutum,
1433 949 1590 990 auxilia

143 1005 356 1058 petiturus
402 992 593 1047 accessit.
657 1005 714 1046 At
760 1005 1031 1056 Lodouicus,
1083 1020 1246 1046 summo
1299 1007 1591 1061 amplificande

144 1062 357 1117 religionis
398 1062 549 1104 ardore
592 1063 835 1116 confertus,
880 1063 1169 1105 condicionem
1212 1064 1392 1105 barbaro
1436 1065 1590 1119 intulit,

145 1135 270 1176 opem
311 1121 586 1176 spondendo,
629 1122 661 1163 si
696 1120 852 1162 Christi
892 1122 1050 1163 cultum
1084 1122 1259 1178 exsequi
1292 1123 1589 1165 consensisset.

142 1178 316 1220 Nullam
339 1179 450 1220 enim
473 1193 596 1234 posse
619 1180 759 1220 aiebat
781 1180 1017 1221 animorum
1039 1180 1297 1222 interuenire
1321 1180 1590 1222 concordiam

143 1236 315 1278 dissona
344 1251 463 1279 sacra
496 1238 744 1293 complexis.
808 1237 1095 1286 Quamobrem
1127 1239 1353 1294 petitorem
1386 1239 1477 1294 opis
1510 1241 1591 1294 pri-

143 1309 258 1336 mum
280 1295 497 1350 religionis
521 1296 797 1337 contubernio
829 1309 934 1351 opus
965 1296 1137 1348 habere,
1168 1310 1304 1350 neque
1339 1311 1588 1351 magnorum

144 1367 322 1408 operum
345 1358 564 1396 consortes
588 1355 771 1396 existere
798 1368 934 1409 posse,
962 1368 1074 1410 ,quos
1095 1368 1276 1410 superne
1298 1355 1589 1396 ueneracionis

143 1411 326 1453 formula
358 1411 626 1479 disparasset.
690 1412 784 1461 Qua
825 1413 1041 1454 sentencia
1074 1418 1117 1454 et
1148 1413 1325 1454 salutem
1358 1413 1514 1468 hospiti
1547 1420 1589 1455 et

144 1469 223 1511 sibi
254 1470 422 1524 pietatis
454 1471 698 1526 preconium
733 1471 914 1526 peperit.
978 1471 1212 1512 Haraldum
1247 1471 1379 1522 enim,
1426 1471 1587 1512 solenni

144 1525 326 1583 laualcro
359 1542 504 1581 usum,
546 1533 855 1595 consequenter
887 1529 1108 1570 Saxonicis
1148 1529 1367 1571 roborauit
1406 1529 1587 1570 auxiliis.

145 1585 310 1634 Quibus
349 1587 385 1627 is
414 1586 583 1637 fretus,
626 1588 665 1628 in
709 1587 921 1628 territorio
955 1586 1211 1629 Slesuicensi
1254 1586 1474 1627 dicandam
1506 1587 1586 1628 deo

147 1643 266 1686 edem
298 1644 473 1687 sollicita
505 1646 764 1687 moliebatur
795 1645 999 1700 impensa.
1049 1645 1131 1686 Hic
1162 1645 1307 1699 itaque
1339 1645 1588 1686 sanctissimi

141 1702 300 1744 tenoris
324 1701 338 1756 ΙΙ
361 1703 574 1758 specimen
606 1718 630 1744 a
665 1704 867 1745 Romanis
900 1703 1048 1744 ritibus
1080 1706 1319 1756 mutuatus,
1364 1702 1586 1756 profanato

142 1760 397 1816 perfidorum
437 1775 604 1812 errore,
647 1761 825 1803 delubra
858 1761 1005 1809 diruit,
1045 1761 1301 1802 uictimarios
1332 1761 1585 1815 proscripsit,

141 1818 372 1860 flaminium
412 1819 658 1874 abrogauit,
701 1824 828 1875 atque
867 1819 1081 1860 incondite
1112 1819 1246 1874 patrie
1279 1818 1586 1859 Christianismi

142 1891 262 1918 sacra
293 1876 453 1931 primus
485 1878 645 1923 intulit
687 1879 931 1932 reiectoque
964 1876 1187 1919 demonum
1220 1876 1358 1929 cultu,
1399 1876 1586 1917 diuinum

145 1934 355 1976 emulatus
387 1939 464 1978 est.
526 1935 756 1991 Supremo,
790 1934 987 1992 quicquid
1021 1934 1073 1975 ad
1105 1934 1340 1976 custodiam
1372 1934 1585 1988 religionis

142 1992 326 2043 attinuit,
359 1993 722 2049 scrupulosissima
755 2008 857 2036 cura
889 1993 1089 2036 seruauit
1151 1992 1232 2034 Sed
1265 2006 1347 2033 non
1381 1996 1464 2033 tam
1499 1991 1585 2032 effi-

142 2051 298 2093 caciter
330 2064 458 2106 quam
490 2052 558 2107 pie
590 2066 678 2094 rem
710 2052 954 2108 auspicatus
989 2056 1064 2093 est.
1127 2050 1440 2107 Super-ueniens
1474 2053 1585 2095 enim

139 2108 364 2163 Regnerus
385 2109 642 2165 inductaque
659 2125 736 2166 per
755 2126 849 2154 eum
873 2124 992 2152 sacra
1013 2115 1239 2162 temerans,
1257 2123 1359 2152 uera
1379 2111 1584 2165 religione

139 2167 389 2223 proscripta,
419 2166 596 2223 pristino
630 2169 909 2211 adulterinam
941 2169 1036 2210 loco
1066 2169 1261 2219 restituit,
1293 2183 1342 2209 ac
1373 2183 1448 2210 suo
1484 2169 1585 2210 ceri-

140 2226 304 2267 monias
336 2226 498 2268 honore
529 2226 718 2269 donauit.
761 2226 980 2269 Haraldus
1012 2242 1110 2269 uero
1142 2226 1347 2282 profugus
1372 2227 1584 2268 fortunam

140 2283 193 2324 ad
237 2283 503 2338 sacrilegium
553 2285 781 2327 transtulit.
822 2282 953 2327 'Nam
1002 2290 1048 2327 ut
1092 2285 1341 2340 precipuum
1386 2284 1584 2326 inchoate

139 2341 357 2395 religionis
389 2342 615 2397 specimen,
647 2343 705 2384 ita
736 2344 916 2399 primum
949 2344 1143 2398 neglecte
1174 2343 1461 2398 spectaculum
1490 2342 1583 2394 fuit,

139 2403 268 2454 atque
311 2414 364 2441 ex
406 2399 625 2455 splendido
667 2402 901 2443 sanctitatis
956 2408 1130 2443 auctore
1184 2399 1349 2442 infamis
1394 2400 1583 2443 eiusdem

140 2457 332 2499 desertor
365 2459 513 2500 euasit.
1077 2506 1079 2508 ,

219 2513 222 2515 ’
281 2515 452 2558 Interea
483 2516 613 2558 Hella
644 2516 695 2558 ad
730 2516 945 2558 Hibernos
989 2517 1188 2565 collatus,
1229 2529 1397 2568 omnes,
1439 2514 1509 2570 qui
1539 2529 1585 2556 se

72 2586 111 2613 40
148 2573 347 2629 Regnero
398 2574 597 2630 propiore
642 2574 725 2616 fide
772 2574 1077 2630 deuinxerant,
1128 2573 1239 2616 ferro
1286 2572 1585 2631 suppliciisque

1643 1539 1672 1563 p.
1692 1530 1743 1555 460

1659 1703 1741 1736 (176)
