1884 3126
56 904 94 932 10

59 1484 98 1512 20

59 1774 97 1802 25

59 2063 97 2091 30

59 2353 96 2380 35

60 2641 97 2669 40

666 260 716 267 -
778 235 918 279 XIIII
978 260 1029 266 ——
1384 256 1387 259 ·
1492 238 1574 281 593

124 362 407 417 despiciendis
458 362 655 404 laudibus
707 363 857 417 gessit,
911 367 1117 419 quantum
1163 363 1205 405 in
1253 364 1574 405 contemnendis

125 421 345 476 uituperiis
380 426 537 476 egerat.
600 420 785 463 Tantulo
818 423 997 476 negocio
1041 429 1124 462 tam
1156 422 1303 476 ingens
1344 423 1575 478 periculum

124 479 362 535 dispulsum
395 484 469 521 est.
530 478 639 520 Bina
671 478 866 521 Sclauica
907 479 1076 534 nauigia
1107 481 1313 535 remigum
1355 485 1472 522 metu
1505 480 1575 523 de-

124 545 238 579 serta
285 536 399 593 apud
449 536 661 579 Criztoam
703 551 726 578 a
757 539 921 587 ,nostris
970 542 1148 593 excepta
1194 542 1303 580 sunt.
1376 538 1574 580 Tercium

124 595 417 637 substantibus
449 609 560 651 aque
590 595 697 651 palis
729 595 922 650 affixum,
956 596 1166 637 sociorum
1200 610 1400 638 succursu
1433 611 1574 639 serua-

125 659 214 695 tum
247 659 323 695 est.
386 652 582 709 Cumque
613 668 690 695 rex
722 654 860 695 citatis
893 654 1012 709 equis
1042 653 1228 695 Iulinum
1263 656 1458 710 petisset,
1490 655 1574 696 Bu-

124 712 363 767 giszlauus,
407 712 517 753 circa
556 712 698 766 pontis
742 711 1023 754 refeecionem
1062 712 1244 754 ineunde
1286 712 1402 754 urbis
1434 713 1572 755 studio

126 775 377 824 occupatus,
411 771 647 825 conspectis
680 769 827 822 Danis,
858 783 1033 826 operam
1063 769 1165 825 fuga
1198 771 1388 812 mutauit.
1449 772 1572 814 Adeo

125 828 242 869 illum
291 828 430 870 subita
472 828 601 869 animi
647 827 881 883 trepidacio
927 828 1104 884 pristine
1151 828 1360 870 dictorum
1402 844 1572 871 suorum

126 886 357 928 insolencie
400 885 592 928 obliuisci
632 891 845 940 coegerat.
919 890 978 928 At
1020 901 1120 938 rex,
1153 887 1371 928 confestim
1416 888 1573 929 refecto

125 948 270 1000 ponte,
301 948 502 999 tanquam
535 944 719 986 hostium
754 958 884 999 opera
916 949 1308 996 consummaturus,
1339 945 1377 985 in
1413 950 1574 987 austra—

130 1007 211 1043 lem
255 1003 389 1058 ripam
433 1003 598 1058 equites
640 1003 824 1055 traiecit,
866 1017 949 1057 quo
981 1001 1142 1044 facilior
1182 1008 1413 1045 exonerate
1450 1004 1575 1045 classi

127 1061 237 1102 inter
268 1060 402 1101 amnis
435 1066 640 1115 consepta
682 1075 936 1116 progressus
981 1066 1158 1116 pateret.
1223 1061 1318 1109 Quo
1350 1067 1574 1116 postquam

127 1118 320 1160 Absalon
344 1118 656 1174 subsequenter
678 1119 850 1173 nauigia
872 1119 1084 1160 ductando
1108 1119 1317 1174 peruenit,
1350 1133 1403 1160 ne
1427 1120 1574 1161 eadem

126 1176 375 1229 Inlinenses,
410 1182 456 1218 ut
485 1177 596 1218 soliti
629 1182 762 1230 erant,
785 1178 1058 1227 incesserent,
1078 1177 1325 1218 instructam
1348 1178 1574 1232 sagittariis

128 1235 327 1289 scapham
351 1235 610 1286 conscendit,
645 1249 822 1290 eamque
845 1235 986 1276 medio
1010 1236 1121 1277 inter
1153 1234 1300 1276 urbem
1334 1241 1375 1276 et
1399 1236 1574 1277 classem

127 1306 249 1334 amne
283 1293 451 1334 direxit.
512 1292 674 1334 Verum
699 1292 913 1348 oppidani,
945 1293 1077 1334 nimio
1100 1293 1261 1334 timoris
1294 1291 1449 1335 haustu
1483 1308 1575 1349 per-

129 1351 255 1403 culsi,
303 1351 432 1392 anxia
480 1365 577 1392 cum
623 1351 953 1406 desperacione,
1003 1351 1138 1392 tocius
1189 1351 1378 1393 militaris
1425 1352 1576 1393 fiducie

129 1410 268 1462 uacui,
301 1408 493 1450 menibus
525 1410 611 1451 suis
644 1409 792 1451 inclusi
825 1409 1027 1450 latebant.
1090 1409 1360 1450 I'ertransitis
1400 1409 1574 1465 impedi-

129 1467 295 1520 mentis,
328 1467 510 1522 nauigiis
544 1467 639 1523 equi
661 1467 909 1519 redduntur,
942 1466 1192 1522 defessaque
1221 1467 1397 1522 remigio
1431 1468 1575 1509 classis

127 1526 168 1567 in
200 1529 366 1580 portum
402 1525 623 1580 colligitur.
687 1524 879 1581 Cumque
911 1525 1103 1567 Absalon
1136 1540 1184 1566 ac
1220 1524 1336 1566 Suno
1371 1531 1572 1567 consueto

129 1583 368 1624 excubandi
402 1583 540 1640 officio
573 1588 835 1639 postremum
880 1583 975 1624 fixis
1002 1593 1006 1634 ι
1037 1582 1229 1624 anchoris
1273 1583 1411 1624 locum
1445 1584 1575 1639 cepis-

129 1646 237 1694 sent,
270 1641 406 1692 ueriti,
439 1656 492 1684 ne
515 1655 662 1683 eorum
684 1642 868 1697 nauigia,
891 1646 1020 1683 uento
1045 1641 1365 1691 circunferente,
1399 1640 1571 1696 sol[id]o

128 1699 302 1756 propius
335 1699 486 1741 adacta
515 1704 725 1742 nocturne
761 1700 952 1755 equitum
975 1699 1202 1754 irrupcioni
1235 1703 1443 1754 paterent,
1478 1714 1573 1742 con-

131 1757 289 1800 scensis
320 1758 543 1811 nauiculis‚
568 1763 770 1814 quantum
805 1758 894 1814 ripa
916 1772 940 1798 a
961 1757 1172 1813 profundo
1196 1757 1386 1811 distaret,
1409 1759 1574 1800 curiosa

128 1816 261 1857 amnis
295 1816 621 1858 collustracione
654 1817 879 1871 explorare
924 1819 1140 1871 ceperunt.
1204 1814 1371 1856 Interea
1405 1816 1573 1870 quidam

130 1890 152 1917 e
185 1873 472 1916 Iulinensibus
504 1888 620 1915 mero
654 1875 833 1927 solutus,
865 1874 938 1915 sed
961 1879 1143 1916 uenusta
1176 1873 1228 1914 ad
1253 1872 1421 1914 modum
1448 1874 1573 1916 elien-

128 1932 213 1974 tela
245 1931 444 1987 stipatus,
476 1932 612 1986 ripam
645 1932 901 1974 insolencius
935 1931 1221 1987 obequitando
1252 1932 1419 1986 petiuit,
1459 1933 1573 1973 beni-

128 2003 299 2045 gneque
345 1990 428 2043 eis,
463 1990 721 2032 Guthscalco
754 1991 1008 2045 interprete,
1043 1990 1209 2031 locutus
1246 1994 1372 2044 atque
1404 1990 1572 2031 obsides

128 2047 243 2104 pacis
275 2052 448 2102 postero
482 2048 550 2090 die
585 2048 749 2090 dandos
781 2048 1019 2104 pollicitus,
1065 2047 1250 2102 reliquiis
1282 2061 1418 2088 rerum
1461 2049 1572 2103 parci

130 2105 348 2161 predaque
399 2107 604 2148 abstineri
656 2108 867 2163 poposcit.
949 2106 1043 2154 Quo
1106 2105 1323 2146 discedere
1386 2106 1573 2160 uolente,

130 2177 277 2219 equus,
310 2163 566 2219 insolencius
598 2165 651 2205 ab
684 2179 732 2207 eo
767 2179 839 2219 per
871 2165 1119 2206 iactanciam
1153 2164 1399 2215 concitatus,
1431 2165 1573 2205 subito

127 2221 249 2277 lapsu
283 2223 454 2273 corruit,
487 2236 669 2278 eumque
702 2222 943 2264 uehementi
976 2221 1061 2263 ictu
1085 2222 1213 2263 humo
1237 2221 1442 2262 inflictum
1464 2236 1575 2277 pene

129 2280 368 2321 exanimem
408 2281 650 2335 prostrauit.
723 2280 849 2322 Hunc
892 2279 1097 2331 satellites
1140 2279 1275 2320 ueloci
1309 2293 1482 2320 accursu
1517 2280 1575 2320 ia-

127 2342 295 2379 centem
328 2338 523 2380 attollere
555 2337 711 2380 frustra
739 2339 877 2380 conati
918 2341 1043 2390 sunt,
1075 2337 1230 2392 quippe
1265 2338 1380 2378 cuius
1413 2352 1575 2391 sensus,

129 2395 262 2437 halitu
313 2395 564 2450 intercluso,
615 2396 906 2451 magnitudine
958 2409 1080 2437 casus
1132 2394 1257 2449 sopiti
1309 2395 1576 2450 uiderentur;

129 2458 370 2495 nostrorum
421 2467 524 2496 uero
577 2455 741 2509 sagittis
793 2453 913 2509 petiti
966 2453 1218 2508 capiendum
1268 2453 1375 2493 hosti
1426 2453 1575 2496 herum

129 2511 359 2566 liquerunt.
423 2512 504 2560 Qui
537 2513 732 2567 protinus
764 2525 790 2552 a
823 2512 1011 2554 uernulis
1043 2510 1272 2552 Absalonis
1304 2510 1345 2551 in
1378 2512 1578 2566 scapham

129 2570 359 2620 coniectus,
393 2569 444 2610 ad
477 2570 691 2611 liburnam
720 2569 924 2622 defertur,
957 2569 1031 2610 ubi
1054 2568 1146 2608 uisu
1172 2567 1339 2608 demum
1373 2577 1578 2627 motuque

128 2627 310 2682 corporis
343 2632 612 2683 recuperato,
644 2628 753 2668 inter
786 2640 887 2667 suos
919 2641 963 2667 se
996 2626 1272 2666 constitutum
1317 2626 1578 2681 existimanS,

199 2701 277 2726 Saxo
297 2700 530 2728 Grammaticus.
1395 2701 1439 2734 38

1631 1604 1647 1628 p
1653 1615 1658 1622 .
1678 1594 1730 1622 865
