1884 3126
655 268 705 274 -
770 241 908 284 XIIII
969 267 1024 272 —
1484 240 1560 281 461

116 375 296 427 pertem,
330 386 411 427 quo
443 371 594 414 tuciori
625 370 701 412 sibi
735 370 1004 425 receptaculo
1037 370 1159 421 foret,
1192 369 1340 411 terreis
1371 368 1565 410 menibus

118 429 277 482 clausit,
312 431 561 486 magnisque
596 443 690 471 eam
724 429 944 482 stipendiis
988 429 1201 470 instruxit.
1264 428 1322 469 At
1365 424 1566 468 Kanutus

118 489 227 543 apud
262 488 450 529 Suetiam
482 488 663 543 primum
694 486 840 527 uitrico
876 491 1059 541 optatus,
1093 501 1192 528 mox
1218 490 1395 528 onustus
1418 485 1565 526 haberi

118 547 242 600 cepit,
274 546 332 587 ita
363 551 411 587 ut
442 560 517 602 pro
552 545 846 600 comparandis
879 545 1101 596 alimentis,
1134 544 1330 600 quicquid
1364 543 1448 585 illie
1470 557 1567 598 pre-

69 624 84 650 5
117 604 278 646 diorum
302 606 563 659 possederat,
586 603 844 644 uenditaret.
878 601 1030 658 Neque
1054 603 1163 643 enim
1188 602 1273 642 ulla
1291 616 1394 656 gens
1418 603 1565 642 exules

116 666 189 703 aut
218 663 462 717 prompcius
507 661 656 716 recipit
701 666 775 702 aut
817 660 981 702 facilius
1014 661 1188 715 respuit.
1251 660 1334 701 Sed
1381 664 1424 702 et
1456 659 1565 700 filius

117 721 368 772 Suereonis,
410 720 615 769 Ioannes,
659 723 704 760 ut
743 718 971 774 plurimum
1017 724 1266 769 strennuus,
1312 718 1369 758 ita
1416 731 1567 773 parum

115 778 300 830 facetus,
343 775 557 820 irrisorio*
589 777 774 818 carmine
815 777 961 831 fugam
994 777 1083 818 eius
1114 777 1334 832 preliaque
1365 777 1564 829 retexuit,
1586 775 1775 804 CX‘XXVU'

118 842 158 877 et
191 837 310 891 quasi
342 836 549 878 cantilene
582 836 721 890 specie
763 835 998 890 pudibundi
1041 835 1222 876 hominis
1265 833 1567 875 uerecundiam

43 911 82 940 10
113 894 342 936 lacessiuit.
403 894 462 935 Vt
508 894 616 935 enim
661 894 871 948 hospitem
915 893 1071 934 rubore
1105 900 1147 934 et
1192 898 1443 948 contemptu
1473 906 1568 947 per-

114 952 324 1004 funderet,
359 951 574 994 fortunam
608 951 738 1007 ipsius
761 952 942 992 ludibrio
976 951 1185 992 lacessere
1212 951 1335 1005 cepit,
1367 951 1568 1005 aspersis-

115 1024 195 1066 que
237 1010 338 1051 iocis
382 1015 422 1051 et
464 1010 747 1066 ignominioso
795 1009 1024 1050 uerborum
1066 1023 1247 1062 genere,
1282 1009 1498 1063 ignauiam
1530 1009 1568 1048 ei

114 1069 299 1123 bellique
342 1068 481 1110 tristes
528 1068 817 1124 exprobrabat
861 1072 1055 1109 euentus.
1127 1067 1208 1108 His
1251 1066 1450 1108 Kanutus
1497 1080 1568 1121 op-

113 1127 292 1182 probriis
322 1126 524 1179 irritatus,
558 1126 731 1181 nauigio
765 1130 1094 1180 commeatuque
1133 1130 1296 1180 empto,
1327 1125 1567 1179 plurimum
1628 1130 1723 1163 r-684

45 1201 81 1228 15
113 1186 155 1225 in
195 1183 456 1238 auunculi[s]
501 1189 543 1225 et
584 1192 779 1234 materna
820 1184 920 1224 fisus
964 1183 1302 1235 necessitudine,
1345 1182 1568 1223 Poloniam

117 1242 322 1297 profugit.
365 1242 503 1290 Quem
526 1243 585 1283 illi
608 1248 800 1283 materne
831 1242 890 1283 rei
912 1242 1082 1283 nomine
1104 1243 1222 1296 regni
1247 1241 1567 1282 consoreionem

115 1306 321 1356 appetere
354 1301 459 1354 rati,
502 1301 651 1342 ceteris
694 1300 733 1341 in
767 1301 870 1341 locis
902 1300 1155 1352 admissum,
1191 1300 1463 1340 munimentis
1497 1313 1569 1340 ex-

116 1360 254 1413 cipere
287 1359 403 1414 passi
434 1373 514 1400 non
549 1363 660 1399 sunt.
722 1358 790 1399 Ad
823 1358 1019 1399 ultimum
1053 1373 1150 1399 eum
1183 1372 1234 1399 ne
1267 1357 1435 1412 placida
1470 1357 1568 1397 satis

114 1417 253 1457 fronte
305 1416 593 1471 conspiciunt,
641 1417 849 1457 insontem
902 1421 1126 1470 notantes,
1180 1430 1277 1456 cum
1328 1416 1567 1470 propinque

43 1490 81 1518 20
114 1475 332 1516 caritatem
367 1474 582 1515 deberent.
645 1474 849 1529 Augebat
881 1474 994 1515 hunc
1026 1479 1187 1515 metum
1219 1487 1365 1514 recens
1398 1474 1567 1514 maioris

116 1547 264 1575 eorum
287 1532 426 1573 fratris
450 1532 657 1587 depulsio.
693 1532 847 1587 Itaque
871 1536 1065 1586 receptus
1089 1532 1273 1587 quidem,
1296 1531 1370 1572 sed
1395 1531 1568 1583 nullam,

114 1595 161 1632 ut
193 1590 306 1642 dixi,
345 1590 516 1631 urbium
557 1591 713 1631 intrare
745 1591 996 1644 permissus,
1030 1590 1080 1630 ad
1115 1590 1347 1644 prefectum
1382 1589 1569 1630 Saxonie

117 1648 351 1690 Henricum
382 1648 649 1703 peruehitur.
710 1647 839 1703 Apud
874 1663 1000 1703 quem
1032 1649 1237 1689 minorem
1271 1663 1344 1703 spe
1378 1662 1454 1689 sna
1486 1647 1569 1689 for-

119 1711 265 1747 tunam
313 1711 539 1762 expertus,
588 1705 954 1760 Hamburgensem
1001 1706 1256 1757 antistitem,
1300 1706 1568 1758 Hartuicum,

43 1779 81 1807 25
113 1765 300 1818 accedit,
342 1764 590 1819 iampridem
636 1765 769 1805 Danis
802 1763 1126 1818 iuri<s>diecioni
1161 1779 1234 1805 sue
1268 1765 1475 1818 exemptis
1508 1764 1567 1803 in-

114 1823 293 1863 sensum⁴
339 1823 376 1863 A
412 1837 494 1877 quo
518 1822 821 1864 humanissime
855 1822 1023 1864 habitus
1058 1822 1241 1877 bellique
1274 1821 1450 1863 tandem
1473 1822 1569 1862 sub-

116 1881 221 1922 sidia
242 1885 471 1930 mutuatus,
496 1880 823 1922 domesticorum
849 1881 1025 1921 militum
1050 1880 1174 1920 fidem
1201 1881 1328 1921 tacita
1350 1881 1569 1934 legacione

115 1943 343 1994 pertentat.
405 1939 675 1994 Responsum
708 1944 784 1990 est,
819 1952 966 1979 omnes
1011 1938 1061 1979 ad
1096 1953 1193 1979 eum
1228 1938 1421 1979 ocissime
1455 1946 1568 1979 tran-

115 1997 283 2046 situros,
315 1997 542 2052 datamque
576 1996 765 2038 Suenoni
798 1996 1134 2051 fidem1pristina
1167 2001 1420 2038 mutaturos
1471 1996 1565 2044 Qua

46 2069 84 2096 30
115 2055 392 2109 promissione
425 2055 614 2095 securior
645 2055 797 2108 factus,
831 2054 1055 2109 peregrina
1086 2069 1214 2095 manu
1236 2055 1389 2095 Intiam
1423 2055 1564 2095 intrat.

118 2112 199 2154 Sed
235 2117 278 2154 et
309 2114 395 2153 suis
433 2126 509 2153 nee
541 2112 781 2153 hnmanitas
814 2112 1025 2153 Suenonis
1067 2126 1145 2153 nec
1191 2113 1383 2154 obsidum
1418 2113 1573 2152 caritas-

116 2184 195 2212 nec
226 2171 402 2226 periurii
435 2176 666 2225 respectus,
700 2184 782 2225 quo
814 2171 951 2211 minus
984 2170 1035 2211 ad
1063 2185 1157 2212 eum
1191 2171 1312 2225 signa
1342 2170 1563 2221 referrent,

118 2228 338 2270 obstaculo
372 2228 470 2270 fuit.-
517 2229 576 2269 At
607 2229 766 2271 Sueno.
788 2228 860 2268 ubi
887 2231 893 2279 1
923 2228 974 2268 de
1009 2229 1098 2269 eius
1130 2228 1318 2269 aduentu
1351 2228 1566 2282 cognouit,
1621 2242 1650 2266 r·
1673 2233 1723 2259 085

117 2286 269 2327 uirium
301 2286 541 2327 diffidencia
574 2287 684 2341 apud
728 2286 994 2340 Wibergam,
1029 2287 1266 2327 recentibus
1299 2300 1323 2326 a
1355 2301 1399 2327 se
1431 2286 1565 2326 muni-

49 2358 85 2385 35
116 2345 268 2385 mentis
316 2344 553 2395 excultam,
598 2343 863 2384 obsidionem
909 2343 1018 2385 ferre
1066 2345 1298 2385 constitnit.
1375 2343 1460 2385 Vbi
1512 2343 1566 2383 ad

118 2401 437 2443 sustentandam
469 2407 717 2456 sumptuum
749 2401 1047 2444 necessitatem
1085 2404 1191 2443 bona
1219 2416 1378 2454 eorum,
1412 2401 1478 2456 qui
1514 2401 1567 2442 ad

118 2457 339 2501 Kanutum
364 2464 679 2512 concesserant,
701 2459 858 2514 rapinis
883 2460 1093 2513 exhaurit,
1125 2459 1388 2514 predatuque
1411 2459 1566 2514 stipen-

118 2518 185 2559 dia
219 2518 441 2559 contrahit.

255 2576 314 2616 At
347 2575 569 2623 Kanutus,
612 2588 663 2614 ex
710 2575 902 2630 proxime
942 2576 1275 2630 pugne'euentu
1314 2575 1461 2616 urbem
1495 2588 1568 2630 op-

51 2647 86 2675 40
117 2647 310 2690 pugnare
333 2633 511 2687 diffisus,
534 2632 761 2674 formidata
785 2634 971 2676 locorum
995 2634 1177 2687 fortuna,
1204 2633 1348 2688 procul
1371 2633 1567 2675 menibus
