1884 3126
85 878 116 905 10

82 1169 116 1197 15

77 2335 111 2363 35

744 216 1006 258 —V-
1514 225 1594 265 123

149 342 299 385 brandi
340 342 522 398 coniugii
567 342 734 386 monitis
776 342 1067 388 adhorta-ntur.
1130 346 1208 388 Ille
1246 348 1428 403 primum
1468 363 1595 391 exeu-

150 401 329 444 saeionis
360 401 492 444 uerba
524 401 577 443 ab
612 401 734 443 etatis
769 402 1051 444 teneritudine
1083 408 1318 454 mutuatus,
1350 406 1402 447 ad
1434 411 1594 463 postre-

148 473 261 501 mum
294 459 656 515 perseueranciori
690 474 865 501 suorum
896 462 1061 515 rogatui
1098 463 1233 506 cessit.
1277 464 1370 512 Quo
1394 465 1596 507 curiosius

149 533 174 559 a
206 518 484 559 monitoribus
517 517 702 560 habilem
734 518 945 560 connubio
978 534 1053 561 suo
1084 520 1282 562 feminam
1314 523 1595 578 perquirente,

149 576 352 632 precipue
375 577 486 631 regis
510 576 765 617 Hunnorum
788 576 873 618 filia
906 577 1185 621 collaudatur.
1229 579 1296 620 Ad
1321 581 1397 622 hec
1419 581 1594 635 Frotho‚

147 634 415 690 repugnandi
455 634 626 676 racione
667 635 924 690 pertinacius
956 637 1143 691 quesita,
1186 651 1210 678 a
1241 642 1360 692 patre
1401 638 1593 681 didicisse

148 707 194 734 se
215 693 360 746 refert,
392 706 477 734 non
512 692 717 748 expedire
749 693 918 746 regibus
951 708 973 735 c
1005 695 1232 750 longinquo
1267 697 1460 751 copulam
1493 698 1593 752 peti,

148 765 225 792 nec
240 750 455 802 Venerem
477 750 555 791 nisi
589 766 614 792 a
645 751 833 792 finitimis
865 753 996 807 posci.
1041 752 1164 801 Quod
1189 753 1361 796 audiens
1385 755 1593 806 Gotwara,

151 808 300 851 callide
333 822 478 864 regem
510 809 653 850 amieis
685 810 884 851 reluctari
915 811 1132 865 cognouit.
1178 812 1307 853 Cuius
1329 816 1375 853 ut
1398 813 1593 855 uacillan-

148 872 232 908 tem
263 868 451 909 firmaret
482 867 669 909 animum
708 867 991 923 fiduciamque
1022 869 1174 924 pusille
1213 871 1364 912 mentis
1402 872 1595 925 erigeret,

146 925 410 979 Iunioribus,
459 926 617 981 inquit,
658 926 811 981 nupcie
853 930 1118 982 competunt,
1161 942 1285 971 senes
1326 929 1595 984 sepulchrum

147 988 302 1026 manet.
366 983 677 1026 Adolescencie
724 998 894 1039 gressus
927 986 1038 1026 uotis
1070 985 1323 1042 fortunaque
1355 987 1594 1042 proficiunt,

145 1044 267 1098 inops
300 1042 354 1084 ad
389 1042 559 1084 bustum
591 1047 761 1084 senecta
793 1043 998 1098 deuel-git.
1061 1043 1166 1099 Spes
1203 1045 1420 1086 iuuentam
1453 1060 1596 1087 eonse-

147 1101 303 1157 quitur,
335 1101 499 1142 senium
531 1114 663 1156 expes
694 1102 869 1143 inclinat
902 1115 1088 1144 occasus.
1151 1102 1369 1144 Adolescit
1400 1117 1488 1145 sors
1520 1119 1594 1159 pu-

147 1159 320 1211 berum,
367 1173 602 1215 numquam
629 1159 633 1209 Ι
661 1158 866 1201 infectum
911 1161 1140 1214 emissura,
1189 1162 1302 1215 quod
1346 1163 1467 1217 cepit.
1530 1161 1596 1203 Ob

147 1218 268 1259 cuius
309 1217 409 1259 dicti
451 1218 774 1260 ueneracionem
816 1219 1118 1273 postulacionis
1161 1220 1345 1260 officium
1380 1220 1598 1275 ,suscipere

146 1280 317 1331 rogata,
364 1275 606 1331 refragandi
650 1277 868 1318 racionem
909 1277 1013 1318 senii
1054 1278 1328 1331 pretencione
1372 1278 1597 1332 componit,

147 1348 225 1376 nee
264 1349 310 1376 sc
352 1338 439 1375 tam
480 1334 601 1376 ardui
647 1334 835 1376 mandati
881 1336 1072 1390 gerulam
1121 1335 1174 1376 ob
1221 1336 1429 1377 infirmum
1474 1337 1596 1378 etatis

145 1392 338 1434 habitum
371 1392 463 1434 fore
495 1407 617 1448 posse
651 1396 845 1436 testatur.
907 1393 1177 1448 Rexvprecio
1212 1408 1318 1448 opus
1349 1408 1596 1448 agnoscens,

75 1460 91 1487 ι’
143 1464 273 1493 aureo
298 1455 449 1507 torque
471 1451 652 1506 prolato,
686 1451 918 1504 legacionis
941 1452 1146 1507 premium
1169 1452 1407 1506 pollicetur.
1451 1451 1594 1493 Habe-

146 1509 216 1551 bat
238 1523 420 1564 namque
443 1512 614 1565 torques
638 1507 810 1564 ne}{xilia
841 1510 1052 1551 bullarum
1085 1510 1289 1551 celamina
1319 1511 1594 1565 intersitaque

143 1581 295 1622 regum
328 1568 600 1618 simulacra„
625 1582 709 1623 que
741 1567 794 1609 ad
825 1569 1032 1611 interioris
1063 1568 1122 1608 fili
1153 1568 1326 1610 ductum
1357 1583 1467 1610 nunc
1499 1582 1595 1609 con-

144 1625 268 1680 trahi,
302 1640 414 1667 nunc
436 1625 572 1667 dirimi
595 1630 783 1682 possent,
819 1630 1114 1668 ornamentum
1137 1626 1257 1676 luxui
1291 1627 1440 1682 pocius
1472 1640 1595 1682 quam

147 1684 242 1726 usui
284 1690 575 1740 preparatum.
637 1684 931 1726 Westmarum
973 1698 1143 1740 quoque
1183 1688 1225 1726 et
1257 1684 1460 1727 Colonem
1502 1698 1595 1724 euni

76 1752 109 1778 ‘2¹‘
144 1756 292 1784 eorum
332 1742 426 1784 filiis
487 1743 529 1784 in
571 1742 682 1784 idem
734 1743 965 1798 legacionis
1030 1757 1135 1797 opus
1183 1743 1375 1785 accersiri
1424 1742 1594 1797 placuit,

145 1799 259 1855 quod
308 1815 455 1843 eorum
502 1801 720 1843 solerciam
752 1801 911 1843 Frotho
958 1801 1126 1855 repulse
1172 1801 1327 1842 rubore
1372 1801 1594 1841 carituram

146 1861 329 1915 putaret.

283 1916 320 1958 Ii
352 1916 476 1958 simul
518 1931 612 1958 cum
656 1918 857 1961 Gotwara
900 1916 1104 1973 profecti,
1150 1917 1266 1972 prius
1305 1915 1501 1957 triduano
1542 1915 1592 1956 ab

146 1974 403 2017 Hunnorum
425 1989 525 2030 rege
549 1977 744 2018 conuiuio
769 1976 938 2030 excepti
960 1980 1070 2027 sunt,
1102 1988 1227 2029 quam
1258 1974 1487 2029 legacionis
1518 1988 1594 2015 sue

76 2055 91 2070 υ
145 2032 383 2074 consultum
416 2034 716 2090 exprimerent.
777 2035 819 2077 Is
849 2034 959 2076 enim
992 2034 1224 2088 antiquitus
1256 2032 1591 2087 recipiendorum

144 2091 359 2146 hospitum
390 2106 490 2134 usus
524 2093 736 2136 exstabat.
780 2093 984 2135 Exti-acto
1017 2092 1058 2132 in
1090 2091 1276 2133 triduum
1300 2091 1438 2146 epulo,
1471 2090 1592 2144 uirgo

144 2150 263 2205 regia
294 2150 420 2204 pleno
454 2150 660 2195 comitatis
692 2151 876 2206 alloquio
918 2150 1068 2206 legatis
1108 2149 1347 2192 blanditura
1377 2147 1594 2203 progredi-

146 2212 228 2250 tur.
290 2207 382 2250 Nec
414 2223 564 2264 parum
598 2209 893 2251 conuiualibus
925 2208 1135 2264 hospitum
1168 2206 1334 2263 gaudiis
1376 2205 1593 2262 presencie

148 2266 238 2308 eius
283 2266 523 2308 iocunditas
564 2268 717 2310 attulit.
783 2267 861 2309 Oui
895 2266 1186 2315 Westmarus,
1232 2264 1592 2307 crebrescentibus

144 2324 331 2380 poculis,
363 2325 571 2380 propositi
603 2327 755 2368 seriem
787 2326 932 2367 iocosa
963 2325 1016 2366 ad
1049 2323 1223 2366 modum
1255 2323 1490 2365 assercione
1523 2321 1593 2362 de-

146 2383 266 2433 texit,
298 2383 439 2438 puelle
472 2388 655 2426 mentem
698 2384 894 2426 familiari
942 2382 1240 2425 collocucionis
1271 2395 1426 2436 genere
1460 2383 1593 2421 tenta-

146 2444 278 2483 turus.
320 2440 471 2497 Itaque
503 2456 585 2498 quo
619 2442 757 2484 minus
786 2442 864 2484 sibi
887 2441 1097 2496 repulsam
1121 2438 1452 2494 con<s>cisceret,
1483 2451 1592 2479 com-

144 2499 294 2553 positis
325 2499 366 2541 in
397 2500 528 2541 risum
568 2500 732 2551 uerbis,
774 2499 1006 2553 legacionis
1047 2499 1266 2553 negocium
1308 2495 1593 2551 precurrebat,

146 2557 255 2599 inter
287 2557 535 2600 conuiuales
567 2558 741 2613 plausus
772 2557 980 2600 ludicrum
1012 2571 1141 2598 ausus
1163 2555 1318 2597 sociare
1341 2566 1591 2596 sermonem.

77 2627 114 2659 40
146 2615 226 2663 Illa
268 2629 311 2657 se
344 2615 602 2665 Frothonem
644 2615 1001 2680 tanquamffiame
1043 2618 1084 2656 et
1127 2611 1383 2661 claritudinis
1423 2611 1593 2673 inopem

1654 1170 1680 1194 p.

1662 1520 1727 1553 (69)

1702 1162 1749 1189 1ὃό
