1884 3126
27 930 63 956 10

27 1220 62 1246 15

24 1799 61 1826 25

25 2088 61 2115 30

25 2378 62 2405 35

24 2666 62 2694 40

635 289 686 296 —
749 266 888 308 XIIII
951 291 999 298 -
1457 266 1540 309 523

96 398 331 437 turmarum
359 409 435 450 per
477 395 592 437 binas
634 395 742 437 acies
786 395 1074 438 distinctarum
1106 396 1282 438 alteram
1322 395 1375 437 ab
1407 396 1541 437 altera

97 453 264 495 auxiliis
295 453 474 494 inuicem
518 453 739 495 tutandam
787 468 889 495 esse.
951 454 1118 509 Quippe
1160 454 1327 509 gemine
1359 454 1540 496 cohortis

97 511 235 566 specie
267 511 449 552 hostium
481 512 643 553 animos
674 511 923 553 labefactari
953 526 1085 567 posse.
1146 512 1349 554 Preterea
1387 512 1565 564 clama-=

97 569 257 610 hundos
289 569 479 611 incedere
520 570 731 624 uariisque
765 569 955 611 cantibus
996 571 1236 626 obstrepere
1268 570 1405 621 iubet,
1437 570 1541 611 fidu-

96 626 345 682 ciam[que],
389 642 469 682 que
515 628 749 682 plerunque
795 627 1055 669 multitudini
1087 629 1216 680 inest,
1257 629 1539 670 simulaturos.

94 684 184 726 Nec
215 686 382 726 fortune
427 700 578 741 expers
622 686 839 727 consilium
879 685 972 727 fuit.
1035 686 1252 741 Siquidem
1297 687 1338 727 in
1369 690 1539 741 portum

96 743 179 795 eis,
218 743 291 784 ubi
334 743 475 785 classis
525 744 839 798 acquiescebat,
880 744 997 785 nullo
1043 744 1274 786 incessente
1313 744 1540 799 perductis,

95 815 193 853 rex,
224 801 491 856 expectantis
519 801 524 853 Ι
551 815 665 843 more
706 801 930 855 sollicitus,
975 802 1268 857 prolixamque
1299 803 1540 856 legatorum

95 859 334 900 absenciam
367 873 468 900 cura
499 873 547 900 ac
579 860 766 901 mesticia
797 864 1066 915 prosecutus,
1106 860 1292 902 dolorem
1324 875 1378 901 ex
1411 864 1539 902 teme-

94 917 205 958 raria
236 931 407 958 suorum
439 918 658 959 emissione
681 922 941 959 contractum
963 918 1161 972 religiose
1182 919 1378 960 leccionis
1401 918 1538 960 officio

95 974 292 1017 leniebat.
355 975 515 1023 Quibus
555 975 714 1017 redisse
747 977 996 1030 compertis,
1029 977 1190 1031 soporis
1228 976 1539 1029 blandimentis,

97 1032 150 1074 ob
183 1033 399 1074 tristiciam
431 1033 594 1085 dilatis,
626 1034 739 1075 ocius
781 1033 942 1074 aditum
974 1034 1102 1076 dedit.
1164 1034 1270 1075 Inde
1313 1034 1365 1075 ad
1398 1034 1541 1076 Guda-

95 1105 211 1132 cram
242 1105 410 1132 amnem
440 1092 716 1146 nauigacione
748 1091 988 1133 discessum.
1033 1091 1160 1134 Cuius
1191 1092 1372 1134 uadosus
1403 1092 1540 1134 aditus

96 1148 210 1190 haud
241 1163 452 1204 quaquam
493 1163 744 1203 magnarum
782 1150 954 1190 nauium
989 1164 1125 1205 capax
1156 1150 1376 1201 exstabat,
1410 1151 1541 1192 exiles

94 1206 304 1248 duntaxat
337 1208 620 1248 transmittere
653 1207 814 1249 solitus.
876 1207 1026 1263 Itaque
1069 1223 1144 1250 rex
1176 1212 1349 1264 propter
1385 1208 1540 1262 fauces,

94 1265 180 1306 fixa
211 1279 377 1318 ancora,
409 1265 551 1307 sedem
583 1266 753 1319 nauigio
785 1263 1052 1320 con<s>ciuit,
1085 1266 1420 1320 magnitudinem
1453 1267 1540 1308 eius

94 1323 305 1378 paruitate
337 1323 473 1364 amnis
504 1323 728 1365 admittere
759 1328 1013 1379 nequeunte.
1076 1324 1272 1365 Habilior
1303 1325 1467 1378 classis,
1500 1329 1541 1366 et

95 1395 221 1436 quam
266 1381 438 1422 fluuiale
482 1381 738 1436 profundum
785 1382 896 1423 ferre
937 1387 1123 1437 poterat,
1165 1381 1379 1424 Absalone
1420 1383 1539 1428 duco,

95 1443 297 1493 angustos
328 1440 463 1480 amnis
495 1439 733 1481 attentabat
764 1441 991 1482 anfractus.
1054 1441 1147 1488 Quo
1181 1445 1350 1481 auctore
1382 1454 1430 1482 eo
1462 1441 1540 1482 loci

25 1512 41 1537 ι)
93 1501 366 1552 peruentum,
411 1497 484 1538 ubi
525 1511 681 1552 gurges
722 1497 902 1552 ingentis
946 1499 1084 1552 stagni
1128 1498 1315 1539 diffusior
1358 1500 1539 1554 speciem

95 1554 348 1608 preferebat·
408 1554 500 1596 Has
542 1555 725 1596 faucium
771 1556 987 1610 angustias
1031 1556 1200 1597 barbari
1231 1557 1377 1597 crebra
1409 1557 1539 1598 classe

94 1617 438 1667 prestruxerant,
484 1613 645 1662 hostem
692 1614 871 1655 transitu
911 1614 1176 1668 prohibituri.
1252 1614 1365 1662 Quos
1411 1615 1541 1656 nostri

94 1670 320 1712 deturbare
352 1671 592 1724 gestientes,
624 1671 927 1726 profunditatis
958 1673 1107 1726 ignari,
1140 1673 1334 1727 imperite
1366 1673 1538 1726 nauiga-

94 1728 221 1770 cionis
262 1743 404 1770 errore
446 1728 613 1770 uadosis
666 1729 765 1771 locis
811 1730 987 1771 affixere
1029 1744 1204 1785 puppes.
1267 1730 1380 1778 Quas
1425 1730 1538 1781 dum,

92 1786 305 1841 profundo
339 1786 538 1839 defectas,
570 1786 626 1827 ad
646 1787 740 1828 loca
766 1788 972 1840 nauigatu
993 1787 1134 1829 facilia
1157 1788 1328 1829 reiicere
1350 1789 1536 1843 cupiunt,

95 1858 188 1885 cum
206 1845 343 1886 minus
361 1845 537 1899 remigio
561 1845 717 1895 liceret,
735 1846 890 1900 passim
911 1846 954 1886 in
972 1846 1082 1886 uada
1100 1846 1309 1897 desiliunt,
1328 1846 1538 1887 manibus-

95 1916 175 1957 que
207 1902 317 1944 foros
348 1902 580 1958 complexi,
625 1917 838 1944 remorum
872 1904 983 1945 uices
1026 1918 1244 1959 corporum
1276 1905 1435 1945 uiribus
1465 1918 1537 1945 ex-

95 1965 317 2015 equuntur.
369 1960 420 2001 In
442 1975 544 2016 quos
575 1960 730 2014 Sclaui,
761 1962 941 2016 nauigiis
972 1962 1055 2003 suis
1075 1967 1276 2017 tanquam
1299 1975 1538 2016 propugna-

95 2019 198 2059 culis
228 2018 399 2070 utendo,
432 2032 610 2073 superne
641 2019 726 2060 tela
747 2019 972 2061 librabant.
1017 2018 1107 2061 Nec
1127 2022 1185 2061 sic
1207 2034 1279 2061 eos
1309 2024 1537 2061 attentasse

94 2076 290 2129 contenti,
324 2081 366 2117 et
386 2076 465 2131 ipsi
497 2076 638 2117 saltim
668 2078 710 2118 in
741 2077 853 2118 uada
875 2077 1039 2132 delapsi
1060 2078 1290 2119 comminus
1312 2078 1538 2119 dimicandi

95 2134 229 2175 locum
263 2135 478 2188 petebant.
541 2134 624 2176 Sed
655 2135 805 2176 nostris
837 2138 1035 2177 strennue
1067 2136 1402 2188 occursantibus,
1449 2136 1538 2190 pari

93 2192 310 2233 celeritate
357 2192 524 2243 deserta
566 2206 615 2234 ac
657 2193 836 2247 repetita
878 2197 975 2234 sunt
1017 2194 1201 2248 nauigia.
1277 2193 1387 2234 Ante
1433 2194 1537 2235 alias

94 2249 191 2291 binc
233 2250 437 2291 Priszlaui
476 2255 588 2292 rates
627 2251 793 2292 subiere
835 2255 1045 2305 stagnum.
1117 2252 1306 2300 Quarum
1346 2252 1535 2302 alteram,

94 2308 165 2362 qui
196 2306 328 2349 uassdo
360 2308 608 2357 institerant,
641 2312 726 2349 tam
759 2308 999 2364 frequentes
1038 2310 1256 2358 insiluere,
1296 2313 1343 2350 ut
1384 2309 1536 2363 media,

94 2365 235 2406 fractis
266 2366 433 2420 penitus
465 2366 681 2417 lateribus,
714 2366 956 2409 finderetur.
1019 2366 1206 2423 Quippe,
1241 2367 1340 2407 dum
1372 2367 1536 2409 auidius

94 2437 139 2464 sc
177 2423 403 2477 ingerunt,
448 2424 729 2465 multitudinis
774 2438 900 2466 onere
942 2425 1126 2466 mediam
1169 2439 1319 2480 rupere
1347 2425 1536 2479 puppim.

94 2481 387 2535 Subsequente
410 2481 553 2532 classe,
585 2481 750 2523 deserta
771 2481 1030 2536 fugiencium
1060 2482 1333 2523 barbarorum
1366 2483 1538 2537 nauigia

94 2537 342 2593 caipiuntur.
423 2538 625 2581 Vicorum
676 2553 843 2594 quoque
873 2541 887 2590 Η
919 2540 1009 2595 ripe
1059 2541 1294 2581 iunctorum
1345 2540 1539 2582 incendia

93 2600 367 2651 peraguntur.
446 2595 584 2639 Noctu
630 2597 834 2638 redeunte
880 2597 1114 2651 Absalone,
1160 2611 1235 2639 ret<
1291 2597 1428 2638 adhuc
1473 2599 1536 2639 in-

92 2654 249 2696 somnis
281 2654 486 2696 diutinam
525 2655 613 2698 eius
654 2669 812 2698 moram
853 2669 1014 2711 angore
1054 2661 1096 2698 et
1128 2656 1272 2711 uigilia
1315 2670 1539 2712 proseque-

1598 815 1623 839 ρ.
1646 805 1697 832 762

1591 2314 1691 2344 CLVa

1595 2545 1620 2570 p.
1640 2536 1693 2563 763

1593 2570 1686 2604 1295)
