1884 3126
263 252 346 294 350
849 245 1113 288 —X—

264 376 421 432 egregii
453 374 578 415 animi
610 373 698 414 dux
729 386 902 413 suorum
944 372 1128 413 auaricia
1167 371 1409 421 lacessitus,
1450 385 1555 426 quos
1598 372 1698 414 foris

262 436 598 489 propugnatores
640 429 805 480 habuit,
849 429 963 470 domi
1007 443 1278 485 percussores
1324 430 1496 471 inuenit.
1570 430 1700 472 Cuius

261 493 388 532 frater
421 486 664 542 Haralldus⁷
698 487 956 529 consimilem
989 488 1124 541 gentis
1146 487 1364 541 perfidiam
1388 487 1563 541 ueritus,
1586 488 1700 530 adito

262 547 477 600 Bizantio,
540 549 779 600 suspectam
830 546 965 600 patrie
1015 545 1142 586 fidem
1192 545 1422 600 longinquo
1475 545 1703 587 declinauit

213 619 229 643 5
263 604 402 647 exilio.

196 904 227 931 lO

195 1193 225 1219 15

188 1481 226 1508 20

188 2059 224 2086 30

186 2348 223 2375 35

396 662 534 716 Igitur
555 660 768 713 Kanutus,
792 675 867 702 sex
890 660 1222 716 prepollencium
1239 674 1468 715 regnorum
1485 674 1702 715 possessor

262 720 448 773 effectus,
483 719 634 760 eximio
668 719 731 760 sui
754 718 920 773 fulgore
955 718 1085 759 eciam
1107 718 1347 760 Romanum
1378 718 1605 760 illustrauit
1626 719 1700 759 im-

258 779 434 832 perium.
496 776 724 818 Enimuero
758 776 845 817 eius
878 776 1053 832 principi
1076 776 1262 818 Henrico
1294 777 1420 817 filiam
1444 776 1700 818 Gunnildam

259 840 439 890 nuptum
479 834 675 889 tradidit,
718 833 983 889 eundemque
1022 835 1150 889 paulo
1189 838 1284 889 post
1326 834 1476 876 Italica
1516 839 1700 876 conster-

260 893 436 935 nacione
482 893 724 948 perculsum
775 892 934 933 auxilio
992 897 1242 947 prosecutus
1295 892 1464 948 pristine
1517 892 1700 944 fortune,

259 964 404 1005 pressa
449 950 666 992 rebellium
714 950 1037 1005 conspiracione,
1088 950 1285 992 restituit.
1346 950 1453 992 Inde
1502 965 1699 993 reuersus

260 1008 517 1061 Haraldum‚
550 1013 654 1049 natu
685 1009 914 1060 maiorem,
945 1007 1114 1062 Anglie,
1145 1005 1296 1063 Da'nie
1330 1007 1561 1062 Kanutum‚
1594 1008 1701 1050 Nor-

259 1067 383 1121 uagie
435 1066 699 1119 Suenonem,
752 1079 877 1120 quem
924 1080 978 1106 ex
1026 1066 1195 1107 Alwiua
1238 1066 1487 1120 sustulerat,
1539 1067 1700 1122 absque

259 1125 345 1165 ulla
386 1124 615 1165 maiestatis
657 1138 730 1165 sue
772 1122 1051 1165 diminucione
1090 1123 1280 1178 prefecit.
1348 1122 1459 1164 Nam
1500 1125 1577 1166 etsi
1615 1128 1699 1166 tres

257 1182 497 1237 prouincias
530 1181 707 1223 totidem
738 1181 921 1222 filiorum
960 1182 1155 1235 regimini
1197 1181 1389 1232 tradidit,
1431 1182 1699 1223 nihilominus

259 1254 479 1282 commune
513 1239 590 1281 sibi
621 1239 746 1280 trium
777 1239 999 1294 imperium
1033 1240 1290 1293 reseruauit,
1323 1253 1461 1295 neque
1490 1253 1698 1281 summam

258 1312 389 1352 penes
423 1297 549 1338 alium
583 1297 812 1339 consistere
844 1297 993 1339 uoluit.
1036 1297 1238 1339 Preterea
1259 1298 1418 1339 teneris
1455 1297 1592 1338 adhuc
1624 1297 1699 1338 du-

258 1356 375 1396 cibus
407 1355 448 1395 in
483 1354 711 1396 officiorum
739 1354 917 1395 tutelam
947 1354 1268 1396 fortissimorum
1292 1355 1474 1410 presidia
1506 1356 1695 1397 sociauit.

258 1413 362 1453 Post
394 1413 468 1453 hec
501 1413 747 1462 Hestridha,
781 1412 911 1452 filium
945 1412 1181 1454 Suenoncm
1216 1413 1354 1467 enixa,
1387 1413 1541 1455 sobolis
1573 1414 1697 1455 inter·

257 1485 379 1512 cessu
402 1471 492 1511 uiro
515 1471 654 1511 fratris
677 1471 861 1525 graciam
893 1470 1147 1513 conciliauit.
1210 1471 1552 1512 Beniuolenciam
1575 1471 1696 1523 enim,

258 1542 385 1583 quam
416 1528 613 1570 Kanutus
645 1528 816 1583 perfidis
848 1527 1029 1570 Vluonis
1063 1529 1219 1570 meritis
1253 1529 1491 1584 denegauit,
1525 1543 1698 1570 consan-

256 1587 410 1641 guinee
432 1587 509 1627 sibi
533 1586 660 1641 prolis
682 1586 892 1640 respectui
914 1586 1183 1627 tribuendam
1204 1588 1384 1642 putauit.
1432 1587 1542 1634 Quin
1566 1586 1696 1628 eciam

257 1658 444 1685 sororem
478 1645 713 1698 Anglorum
747 1649 915 1698 satrape
949 1644 1180 1701 Godewino
1213 1646 1376 1701 nupciis
1408 1646 1567 1698 iunxit,
1599 1658 1698 1699 gen-

256 1706 340 1742 tem
383 1702 497 1756 genti
538 1702 687 1743 animis
726 1706 851 1757 atque
883 1701 1091 1743 affinitate
1122 1716 1344 1745 conserere
1385 1703 1568 1758 cupiens.
1630 1702 1695 1744 Ex

258 1773 341 1814 qua
379 1759 638 1810 Haraldum,
681 1760 939 1801 Biornonem
986 1759 1301 1815 Tostonemque
1348 1766 1461 1803 ortos
1493 1760 1697 1803 memoria

256 1817 468 1872 proditum
510 1817 730 1860 habemus.
791 1817 848 1858 At
891 1816 1021 1859 Cesar
1062 1832 1115 1859 ex
1161 1819 1375 1860 Gunnilda
1414 1818 1546 1858 filium
1590 1831 1697 1873 eque

255 1875 428 1917 fortuna
468 1890 516 1916 ac
557 1875 767 1917 uocabulo
808 1875 1009 1929 Magnum
1053 1876 1258 1931 suscepit,
1300 1890 1325 1917 a
1357 1890 1440 1931 quo
1471 1875 1692 1917 illustrium

256 1933 587 1975 Teutonicorum
637 1933 840 1987 imagines
900 1933 1203 1989 splendidaque
1253 1934 1479 1975 Germanic
1539 1933 1696 1974 lumina

256 1992 531 2033 successionis
565 1991 670 2032 serie
702 1992 934 2046 pullulasse
967 1991 1214 2046 produntur.

392 2048 455 2090 Eo
499 2050 699 2104 temporis
741 2049 1022 2090 Guthscalcus
1067 2049 1303 2102 Sclauicus,
1351 2050 1501 2092 eximie
1542 2049 1694 2090 indolis

256 2106 521 2161 adolescens,
556 2107 849 2148 commilicium
882 2107 991 2162 regis
1023 2107 1230 2163 stipendia
1252 2109 1476 2149 meriturus
1503 2108 1693 2148 accessit.

257 2163 299 2205 Is
332 2179 356 2205 a
385 2165 644 2219 Pribigncuo
676 2168 808 2219 patre,
843 2164 1071 2206 Christiani
1103 2166 1240 2206 cultus
1272 2166 1558 2207 amantissimo
1594 2165 1694 2206 defi-

257 2223 518 2277 cientemque
560 2236 584 2263 a
624 2222 831 2276 religione
884 2222 1093 2264 Sclauiam
1152 2223 1430 2279 nequicquam
1491 2235 1694 2264 reuocare

258 2285 449 2331 conante,
481 2285 623 2335 preter
655 2280 842 2320 nacionis
875 2295 950 2322 sue
982 2295 1140 2321 morem
1171 2281 1439 2336 percipiende
1479 2281 1692 2321 literarum

254 2337 471 2393 discipline
502 2337 644 2393 gracia
676 2337 919 2379 doctoribus
951 2338 1144 2392 traditus,
1178 2343 1223 2380 ut
1262 2353 1356 2380 eum
1387 2337 1434 2379 a*
1456 2338 1693 2380 Saxonibus

254 2396 458 2449 pociende
491 2396 656 2437 Sclauie
689 2395 851 2450 cupidis
883 2397 1182 2451 interemptum
1213 2397 1439 2451 cognouit,
1475 2395 1692 2438 efferatum

254 2453 466 2507 ingenium
498 2454 581 2495 leni
613 2452 750 2495 studio
785 2454 1008 2495 mitescere
1041 2468 1190 2508 passus
1234 2468 1316 2496 non
1364 2459 1440 2496 est.
1500 2454 1693 2509 Repente

256 2511 365 2551 enim
388 2513 512 2553 armis
531 2511 717 2554 scholam
739 2512 935 2564 mutauit,
958 2517 1012 2563 et,
1035 2526 1086 2552 ne
1110 2512 1335 2566 alienigeni
1357 2512 1511 2566 ingenii
1536 2510 1693 2552 exerci-

255 2569 422 2610 tacione
454 2570 613 2624 patrios
643 2569 748 2609 ritus
779 2568 940 2623 pigrius
971 2575 1326 2626 prosequeretur,
1360 2570 1575 2610 literarum
1607 2570 1693 2610 cul-

188 2636 225 2663 40
257 2627 346 2666 tum
396 2626 438 2667 in'
489 2627 740 2683 tyrocinium
793 2626 944 2680 uertit,
1006 2628 1248 2683 omissoque
1299 2627 1489 2669 doctrine
1540 2627 1692 2679 studio,

1756 505 1785 530 p.
1806 497 1854 524 521

1755 1021 1782 1045 p.
1802 1012 1854 1038 522

1750 2069 1777 2093 p,
1797 2059 1848 2086 523

1761 2349 1830 2377 Cx‘a
