1884 3126
148 1365 165 1392 5

130 1654 165 1682 10

129 2237 167 2264 20

131 2528 167 2556 25

559 872 826 928 sAonls
866 859 1259 928 GRAMMATICI

522 1016 940 1060 HISTORIE
1000 1016 1324 1059 DANICE

680 1146 828 1180 LIBER
866 1146 1051 1181 VNDECI
1059 1147 1163 1181 MVS.

350 1260 470 1335 Post
492 1292 572 1335 hec
594 1293 735 1335 Danie
757 1297 892 1335 status
915 1293 1045 1335 uariis
1068 1307 1210 1335 rerum
1232 1288 1395 1334 casibus
1420 1293 1650 1333 fluctuatus

196 1358 270 1396 est.
333 1357 501 1413 Quippe
525 1357 665 1400 Sueno
697 1372 907 1399 summam
940 1371 1138 1399 successu
1170 1358 1304 1413 magis
1337 1361 1462 1413 quam
1489 1357 1650 1398 uiribus

195 1414 320 1468 capit.
374 1415 458 1457 Sed
487 1430 628 1471 neque
651 1416 703 1457 ad
727 1416 1032 1458 restituendam
1056 1415 1207 1457 Danici
1229 1417 1406 1459 nominis
1432 1416 1651 1456 fortunam

196 1472 420 1526 quicquam
444 1473 534 1515 eius
556 1475 835 1530 suscepcione
857 1474 1054 1530 profecit.
1116 1474 1225 1517 Nam
1252 1475 1358 1517 adeo
1392 1487 1471 1515 nec
1500 1474 1651 1515 fauore

196 1529 297 1570 felix
321 1545 397 1573 nec
420 1532 597 1588 imperio
623 1532 776 1575 efficax
796 1532 891 1586 fuit,
914 1537 961 1573 ut
983 1533 1270 1575 subiectorum
1293 1533 1469 1584 animos,
1493 1532 1649 1573 ueteris

198 1587 359 1631 offense
397 1590 677 1646 acerbitatem
720 1590 988 1644 redolentes,
1030 1591 1082 1632 ad
1126 1604 1350 1646 syncerum
1393 1590 1456 1632 sui
1489 1590 1652 1632 cultum

196 1645 441 1703 adduceret,
462 1646 643 1691 ‘autira
675 1649 910 1691 abstractos
944 1649 997 1690 ad
1029 1649 1307 1705 placidiorem
1340 1649 1493 1691 mentis
1535 1648 1652 1690 habi-

195 1709 285 1745 tum
325 1707 559 1749 inclinaret.
629 1706 768 1749 Tanta
808 1707 1017 1762 siquidem
1059 1708 1170 1749 mole
1211 1708 1250 1748 in
1296 1708 1519 1749 Danorum
1559 1721 1652 1762 pre-

196 1763 349 1805 cordiis
381 1765 532 1820 prioris
567 1765 652 1807 odii
683 1766 861 1821 reliquie
883 1765 1184 1819 consederunt,
1208 1770 1254 1806 ut
1275 1766 1480 1822 pri2uatos
1508 1766 1651 1806 motus

195 1822 256 1863 rei
287 1823 457 1877 publice
488 1823 636 1866 usibus
669 1826 943 1876 anteferrent,
975 1824 1269 1879 honoremque
1300 1824 1435 1880 patrie
1467 1838 1544 1865 sua
1578 1823 1647 1864 de-

196 1880 334 1934 perire
366 1882 560 1937 socordia
593 1896 719 1937 quam
752 1883 939 1937 suscepti
972 1882 1090 1924 ducis
1128 1882 1327 1937 auspiciis
1359 1882 1523 1924 restitui
1557 1894 1652 1935 pre-

197 1943 407 1994 optarent.
470 1938 619 1995 Neque
651 1941 759 1981 enim
793 1940 916 1982 facile
947 1944 1185 1996 propagata
1224 1941 1416 1983 odiorum
1449 1940 1651 1982 sementis

197 1997 388 2052 stirpitus
421 1999 590 2051 interit3
624 1999 778 2057 quippe
800 2002 847 2039 ut
879 2000 1019 2054 gracie
1050 1999 1091 2040 in
1115 1999 1257 2040 odium
1281 1999 1473 2040 deflexus
1504 1997 1652 2050 facilis,

197 2055 255 2096 ita
287 2055 370 2096 odii
402 2055 456 2112 ad
487 2057 676 2111 graciam
707 2057 902 2098 difficilis
924 2072 1017 2098 esse
1041 2058 1244 2099 transitus
1266 2057 1504 2109 consueuit,
1538 2070 1653 2096 raro-

198 2126 279 2167 que
329 2114 512 2164 animus,
575 2128 700 2170 quem
752 2116 882 2157 semel
932 2115 1120 2169 grauiter
1179 2115 1411 2166 fastidiuit,
1473 2127 1649 2169 syncere

197 2170 293 2212 fidei
327 2172 547 2228 stipendiis
579 2174 750 2227 excolit,
783 2177 869 2225 aut,
904 2187 1000 2214 cum
1031 2187 1114 2228 quo
1161 2175 1438 2215 uehementes
1470 2174 1649 2228 primum

196 2229 441 2272 inimicicias
473 2232 618 2285 gessit,
651 2231 883 2274 affectuose
905 2237 1004 2287 post
1035 2231 1209 2273 modum
1233 2233 1273 2273 in
1307 2232 1493 2286 graciam
1529 2230 1649 2272 redit.

201 2286 330 2329 Cuius
361 2288 618 2343 impotencie
651 2290 728 2340 uis,
761 2304 785 2330 a
817 2290 1044 2330 simultatis
1076 2289 1228 2332 ardore
1250 2289 1446 2345 profecta
1469 2288 1651 2330 arcanis·

200 2360 282 2399 que
327 2347 599 2389 emulacionis
645 2348 824 2389 flammis
870 2348 996 2398 alita,
1044 2362 1128 2389 non
1180 2349 1317 2390 solum
1368 2347 1649 2402 gerendarum

199 2404 388 2458 preclare
411 2419 553 2446 rerum
575 2420 692 2461 spem
716 2405 899 2456 sustulit,
922 2405 997 2447 sed
1019 2407 1153 2448 eciam
1176 2406 1398 2461 magnifice
1431 2410 1651 2459 gestarum

200 2462 379 2515 gloriam
412 2464 613 2518 corrupit.
674 2462 839 2506 Verum
873 2478 922 2505 ea
953 2478 1035 2512 res,
1068 2469 1114 2505 ut
1146 2478 1259 2506 noue
1293 2463 1523 2505 maiestatis
1556 2477 1650 2504 con-

199 2518 464 2576 te<m>ptum,
496 2522 555 2563 ita
584 2522 736 2577 prioris
759 2521 940 2562 fideliter
962 2522 1074 2563 culte
1094 2522 1297 2564 indicium
1328 2521 1472 2573 edidit,
1507 2521 1650 2562 simul-

202 2593 284 2633 que
316 2580 497 2621 recentis
538 2580 687 2622 iniurie
730 2580 885 2621 crimen
921 2585 962 2621 et
992 2580 1167 2636 pristine
1208 2579 1305 2621 fidei
1337 2578 1649 2634 perfeccionem

200 2636 404 2679 exhibuit.

1702 874 1794 902 Clxa

1697 918 1723 942 p.
1746 908 1796 936 547

1709 1790 1738 1815 p.
1757 1780 1808 1807 543
