1884 3126
639 969 989 1025 AUSGrABEN.

97 1204 142 1260 1)
173 1205 394 1247 Danorum
424 1204 550 1260 Regu
579 1205 757 1261 herofiqss
783 1206 788 1255 1
817 1204 1004 1260 Historie<
1035 1203 1127 1247 stilo
1156 1206 1339 1260 elegatia
1360 1205 1539 1264 Saxlone

146 1264 431 1306 Grammatico
461 1264 631 1305 natione
657 1263 662 1317 Ι
692 1263 931 1306 Sialandico
964 1269 1096 1305 necno
1127 1262 1436 1320 Roskilldenfis
1476 1281 1540 1309 ec-

146 1319 268 1374 clesie
298 1319 522 1377 preposito.
550 1325 555 1370 Ι
584 1322 737 1363 abhinc
768 1320 891 1377 supra
922 1326 1130 1363 trecentos
1161 1319 1308 1378 an'nos
1339 1322 1540 1380 coscripte

146 1384 190 1422 et

219 1387 300 1422 nuc
330 1381 469 1435 primu
495 1382 501 1426 1
528 1380 714 1421 literaria
750 1378 860 1422 serie
892 1378 1097 1432 illustrate
1137 1377 1425 1438 terlsiffimeqss
1463 1384 1539 1424 im-

146 1435 292 1494 preffe.
354 1437 437 1479 Am
470 1437 659 1492 Schluss:
699 1438 919 1480 Hactenus
950 1438 1064 1479 Saxo
1097 1437 1410 1482 Grammaticus
1451 1440 1540 1483 Sia-

144 1496 310 1538 lendefi.
353 1497 418 1537 vir
448 1493 785 1552 disertiffi-{mus.
849 1495 942 1548 Que
974 1500 1171 1538 accurata
1212 1497 1433 1552 diligentia
1464 1500 1540 1540 im-

145 1551 293 1610 presfit
315 1554 357 1595 in
380 1551 569 1610 incly-lta
584 1552 891 1596 Parrhifiorum
912 1553 1129 1595 academia
1143 1554 1328 1597 Iodocus
1350 1554 1540 1613 Ba-ldius

147 1610 364 1654 Ascenfius
395 1612 542 1653 Idibus
570 1612 745 1655 Martiis.
771 1612 777 1666 Ι
807 1611 1049 1653 MDXIIII.
1093 1611 1432 1670 Supputatio-lne
1454 1614 1540 1657 Ro-

146 1684 284 1712 mana.
317 1668 386 1724 (8)
419 1670 509 1712 und
540 1669 768 1712 CXCVIII
800 1671 966 1724 (vilmer
995 1669 1267 1724 OXOVHH)
1300 1672 1466 1715 Blatter
1496 1674 1540 1715 in

143 1742 206 1784 gr.

240 1730 298 1770 8⁰.

90 1844 282 1879 Rit'ckseite
306 1843 368 1878 des
400 1843 624 1878 Titelblatts:
660 1842 763 1890 Lago
788 1845 902 1880 Wrne
933 1845 992 1879 dei
1018 1845 1141 1890 gratia
1165 1845 1314 1879 Electus
1341 1846 1387 1880 ad
1411 1846 1539 1881 Eccle-

88 2029 203 2102 VEn

225 1890 317 1924 siam
341 1890 632 1925 Roskildensem.
669 1892 973 1935 praestantissimo
999 1893 1078 1926 viro
1104 1892 1282 1936 magistro
1310 1891 1538 1927 Christierno

224 1937 325 1970 Petri
351 1937 644 1981 metropolitanae
661 1936 866 1972 Lundensis
886 1939 1041 1980 ecclesie
1059 1937 1243 1973 canonico
1271 1939 1387 1973 amico
1412 1942 1538 1974 nostro

226 1993 391 2027 syncero.
418 1982 453 2017 S.

207 2032 355 2067 erabilis
382 2032 436 2066 vir
462 2033 663 2067 doctissimi
689 2045 732 2068 ac
757 2034 952 2069 clarissimi
978 2034 1133 2069 Saxonis
1167 2035 1286 2069 nostri
1311 2035 1539 2080 fulgentissi-

224 2090 320 2112 mum
347 2089 449 2123 opus,
475 2079 535 2124 qui
555 2079 780 2114 diuinissimo
805 2081 951 2115 dicendi
977 2092 1112 2125 genere
1133 2081 1251 2123 Danie
1269 2092 1397 2126 regum
1423 2082 1538 2116 histo-

224 2125 299 2159 rias
337 2125 616 2170 conscripserit,
655 2127 776 2160 multis
814 2130 914 2161 retro
950 2128 1055 2161 annis
1090 2128 1127 2161 in
1160 2129 1314 2162 obscuro
1348 2127 1538 2162 delituisse

225 2171 398 2205 dolemus.
435 2170 544 2206 Cuius
564 2171 798 2216 dignissimas
815 2173 945 2207 laudes
963 2176 1000 2207 et
1024 2174 1227 2218 praeconia:
1255 2175 1355 2208 cuius
1375 2174 1539 2208 disertis-

226 2218 356 2251 simum
381 2228 423 2251 ac
448 2217 749 2253 facundissimum
775 2220 959 2254 scribendi
985 2231 1101 2264 genus
1123 2221 1231 2254 sicuti
1256 2231 1322 2254 nos
1348 2220 1539 2254 studiosis-

226 2264 316 2297 simo
353 2265 492 2298 honore
529 2275 674 2309 semper
711 2266 934 2300 excoluimus
976 2270 1012 2300 et
1053 2267 1253 2311 amplexati
1291 2277 1431 2300 sumus:
1480 2267 1539 2301 Ita

226 2321 369 2354 quoque
411 2310 573 2345 vniuersi
613 2311 709 2345 docti
749 2314 785 2346 et
822 2312 984 2347 illustres
1025 2313 1095 2347 viri
1133 2312 1315 2347 Saxonem
1352 2313 1539 2347 Danorum

225 2355 440 2390 historicum
466 2357 612 2392 summis
638 2358 886 2392 venerationis
922 2359 1053 2393 officiis
1087 2361 1369 2404 prosequuntur.
1418 2358 1538 2403 Igitur

225 2403 274 2435 mi
301 2401 527 2437 Christierne
552 2404 612 2448 qui
639 2404 869 2449 torpentibus
895 2406 1200 2439 commilitonibus
1234 2406 1305 2439 tuis
1331 2406 1539 2449 percipien-

227 2448 356 2482 darum
388 2448 578 2483 literarum
614 2451 737 2495 gratia
772 2451 879 2485 sicuti
911 2454 1136 2491 vetustatum
1170 2462 1208 2486 es
1234 2451 1538 2496 vigilantissimus

226 2494 443 2539 indagator:
467 2495 527 2529 Ita
552 2496 663 2530 etiam
687 2497 914 2531 illustrandae
939 2492 1209 2542 patriae'nostre
1229 2509 1295 2542 pro
1310 2497 1448 2531 viribus
1475 2497 1538 2531 de-

226 2540 361 2575 siderio
400 2541 560 2575 mirabili
602 2544 639 2577 te
681 2543 862 2587 flagrasse
903 2544 1156 2588 comperimus.
1222 2543 1539 2577 Affectuosissima

226 2597 336 2631 prece
367 2590 542 2631 rogantes
576 2591 616 2622 vt
650 2591 726 2622 tam
759 2589 922 2624 diuinum
945 2591 1059 2632 latine
1094 2590 1308 2625 eruditionis
1334 2590 1477 2623 culmen
1502 2593 1539 2624 et

225 2633 458 2678 splendorem
484 2633 666 2668 Saxonem
689 2637 854 2670 nostrum
872 2636 1119 2671 Sialandicum
1145 2636 1233 2679 (iam
1255 2638 1295 2670 vt
1313 2635 1537 2680 accepimus)

227 2690 249 2714 a
273 2682 310 2713 t'e
343 2679 540 2724 diligenter
574 2681 794 2725 castigatum
829 2682 1060 2717 elimatumve
1094 2685 1133 2718 vt
1157 2683 1195 2716 in
1228 2682 1347 2716 lucem
1379 2681 1538 2716 feliciter

159 2740 238 2769 Saxo
258 2742 490 2768 Grammaticus.
1368 2751 1400 2781 11
