1884 3126
295 246 375 287 156
892 270 946 276 —
1012 242 1053 285 V
1107 267 1164 294 „—

291 372 448 428 quippe
495 372 800 414 Ruthenorum
846 373 1024 427 nauigia
1073 374 1385 428 incomposita,
1431 373 1655 427 minusque
1701 371 1755 414 ob

291 430 573 485 granditatem
616 430 670 472 ad
712 431 937 486 remigium
984 430 1145 472 habilia
1184 431 1450 473 uidebantur.
1514 430 1597 472 Sed
1630 444 1683 472 ne
1717 430 1754 472 ei

292 489 462 544 quidem
496 489 810 531 numerositatis
844 489 1051 545 potencia
1083 489 1256 544 profuit.
1319 489 1527 531 Inusitata
1571 503 1754 542 namque

291 547 590 588 Ruthenorum
632 546 885 599 multitudo,
941 547 1073 603 copiis
1116 561 1239 603 quam
1280 547 1437 588 uirtute
1478 547 1752 601 prestancior,

243 621 259 647 5
291 605 464 647 robuste
484 604 703 647 Danorum
726 606 938 660 paucitati
972 606 1190 647 uictoriam
1225 605 1410 647 tradidit.
1454 604 1625 656 Ivi-otho,
1658 618 1754 645 cum

293 663 472 717 patriam
496 667 690 717 repetere
723 664 869 715 uellet,
908 663 1147 705 inauditum
1170 663 1459 718 nauigacionis
1481 661 1754 718 impedimen-

293 726 382 762 tum
417 729 619 775 expertus
652 726 729 764 est.
793 720 968 777 Quippe
1013 723 1157 764 crebra
1201 721 1518 763 interfectorum
1560 734 1752 776 corpora,

291 777 393 819 ³‘nee
425 779 562 821 minus
594 786 813 820 scutorum
846 780 1147 835 hastarumque
1170 780 1408 835 fragmenta
1430 780 1613 821 iactante
1650 782 1740 820 estu

294 837 538 878 uniuersum
572 838 699 878 maris
731 842 1056 880 constrauerant
1088 839 1239 880 sinum.
1298 838 1450 892 Itaque
1482 842 1631 892 portus
1666 850 1749 878 non

222 910 259 937 10
289 895 461 949 angusti
505 895 642 936 minus
694 909 819 950 quam
854 895 953 937 olidi
988 900 1121 938 erant.
1187 895 1332 951 'Igitur'
1368 895 1518 937 mediis
1551 894 1751 936 obstricto

219 1200 254 1226 15

212 2067 251 2094 30

213 2357 250 2383 35

292 953 569 995 cadaueribus
602 953 754 995 hesere
787 968 965 1009 puppes.
1010 953 1100 995 Nec
1131 955 1275 1010 putria
1308 954 1477 1008 quidem
1510 967 1558 994 ac
1592 953 1752 994 circun-

290 1012 375 1052 flua
407 1025 585 1066 corpora
617 1011 744 1053 remis
776 1012 967 1065 abigere,
1002 1017 1076 1053 aut
1108 1012 1242 1054 contis
1276 1012 1517 1067 propellere
1538 1014 1751 1067 poterant,

290 1083 373 1124 quo
408 1070 565 1120 minus,
601 1083 685 1110 uno
719 1069 913 1121 sublato,
947 1084 1051 1111 mox
1084 1070 1198 1111 aliud
1231 1070 1480 1112 aduolutum
1514 1069 1750 1124 impelleret

291 1127 483 1169 classem.
539 1127 706 1168 Bellum
741 1142 835 1169 cum
871 1129 1051 1170 mortuis
1086 1129 1285 1170 obortum
1319 1128 1526 1171 crederes
1579 1127 1750 1168 Nouum

288 1190 435 1227 contra
469 1185 686 1227 exanimes
719 1185 945 1228 discrimen
980 1187 1169 1229 extabat.

427 1243 565 1297 Igitur
588 1243 767 1296 Frotho,
791 1245 1052 1296 conuocatis,
1078 1259 1180 1300 quas
1203 1245 1376 1296 uicerat,
1409 1244 1620 1298 gentibus,
1655 1243 1749 1298 lege

289 1301 426 1353 cauit,
459 1307 528 1352 ut,
561 1301 749 1357 quisquis
782 1302 1086 1357 paterfamilias
1120 1318 1170 1345 eo
1205 1302 1445 1344 conciderat
1477 1302 1611 1352 bello,
1655 1315 1750 1342 cum

289 1373 396 1414 equo
432 1359 713 1415 omnibusque
756 1364 969 1402 armature
1002 1374 1078 1403 sue
1108 1361 1343 1415 insignibus
1376 1360 1539 1401 tumulo
1572 1358 1745 1400 manda-

289 1423 415 1459 retur.
480 1417 616 1465 Quem
662 1418 793 1473 siquis
821 1418 826 1470 Ι
857 1419 1139 1474 uespillonum
1175 1420 1356 1461 scelesta
1390 1419 1623 1473 cupiditate
1655 1422 1744 1458 ten-

217 1489 234 1515 ¹.)
289 1480 441 1526 nasset,
482 1489 613 1529 penas
656 1490 741 1517 non
781 1477 919 1517 solum
962 1478 1192 1530 sanguine,
1235 1477 1308 1519 sed
1352 1478 1482 1518 eciam
1524 1475 1742 1517 inhumato

287 1533 499 1575 cadauere
531 1534 674 1585 daret,
719 1534 843 1577 busto
894 1540 1023 1590 atque
1055 1535 1215 1576 inferiis
1249 1536 1467 1576 cariturus.
1527 1533 1743 1588 Siquidem

288 1605 363 1645 par
397 1605 489 1633 esse
522 1591 737 1642 credebat,
772 1597 818 1633 ut
846 1593 993 1637 alieni,
1012 1598 1233 1648 corruptor
1255 1593 1404 1634 cineris
1435 1592 1552 1635 nullo
1584 1591 1743 1633 funeris

287 1649 493 1704 obsequio
536 1649 791 1703 donaretur,
835 1657 1078 1706 sortemque
1122 1652 1293 1706 proprio
1338 1651 1514 1692 referret
1555 1663 1743 1704 corpore,

286 1721 410 1762 quam
436 1708 475 1747 in
499 1707 638 1749 alieno
672 1713 976 1763 perpetrasset.
1035 1709 1306 1751 Centurionis
1340 1723 1441 1750 uero
1476 1709 1543 1750 uel
1575 1712 1744 1761 satrape

216 1778 249 1804 ι’
286 1779 440 1820 corpus
463 1779 566 1819 rogo
593 1780 763 1821 proprla
797 1781 909 1809 naue
935 1771 1179 1808 constructo
1203 1767 1489 1809 funerandum
1514 1765 1743 1807 constituit.

286 1823 408 1864 Dena
438 1827 581 1864 autem
612 1825 949 1878 gubernatorum
982 1839 1160 1879 corpora
1194 1826 1315 1866 unius
1348 1825 1502 1880 puppis
1525 1824 1622 1876 igne
1649 1836 1743 1863 eon-

286 1881 395 1921 sumi
437 1881 646 1936 precepit3
689 1882 837 1924 ducem
885 1884 1126 1938 quempiam
1169 1891 1244 1924 aut
1284 1897 1428 1938 regem
1471 1883 1739 1924 interfectum

296 1938 468 1994 proprio
510 1938 709 1980 iniectum
751 1940 924 1996 nauigio
968 1942 1241 1983 concremari.
1303 1941 1405 1981 Tan]
1439 1938 1743 1995 scrupulollsam

287 1996 493 2038 ducendis
539 1997 858 2040 interfectorum
907 1998 1124 2040 funeribus
1171 1998 1514 2040 obseruacionem
1567 2000 1744 2053 prestari

285 2054 433 2107 uoluit,
466 2068 519 2096 ne
551 2058 813 2110 promiscuos
848 2057 1126 2111 exequiarum
1157 2057 1260 2098 ritus
1293 2058 1479 2099 existere
1511 2062 1742 2112 pateretur.

282 2112 458 2167 Iamque
500 2114 640 2155 cuncti
672 2113 970 2156 Rutbenorum
1017 2129 1165 2169 reges,
1200 2114 1386 2157 Olimaro
1419 2115 1629 2169 Dagoque
1663 2130 1738 2157 ex-

283 2171 443 2225 eeptis,
493 2170 630 2212 Marte
678 2172 963 2214 conciderant.
1034 2173 1154 2214 Bella
1201 2187 1370 2229 quoque
1419 2173 1640 2215 Ruthenos
1687 2188 1738 2215 ex

281 2228 502 2269 Danorum
534 2229 774 2271 imitacione
809 2231 1025 2272 celebrare
1059 2231 1260 2285 precepit,
1299 2246 1348 2273 ae
1379 2232 1528 2287 nequis
1560 2245 1738 2272 uxorem

282 2286 360 2328 nisi
394 2286 634 2341 emp'ticiam
677 2287 865 2330 duceret.
926 2287 1112 2331 Venalia
1159 2288 1368 2344 siquidem
1402 2288 1612 2330 connubia
1644 2289 1737 2343 plus

281 2344 524 2386 stabilitatis
567 2344 764 2386 habitura
805 2344 1030 2399 censebat⁷
1077 2347 1279 2387 tuciorem
1319 2346 1577 2388 matrimonii
1609 2346 1737 2389 fidem

282 2402 546 2454 existimans,
580 2402 693 2457 quod
725 2404 868 2458 precio
892 2404 1157 2446 firmaretur.
1210 2405 1430 2458 Preterea‚
1457 2406 1463 2453 1
1492 2404 1621 2459 siquis
1653 2406 1736 2448 uir-

280 2460 390 2514 ginis
423 2463 617 2515 stuprum
638 2461 682 2501 ui
703 2466 849 2516 petere
873 2475 1003 2504 ausus
1037 2467 1162 2511 esset,
1194 2462 1399 2518 supplicia
1431 2462 1624 2503 abscissis
1648 2476 1736 2504 cor-

280 2518 395 2571 poris
427 2517 619 2572 partibus
650 2517 812 2571 lueret,
850 2519 1011 2574 alioqui
1044 2519 1158 2560 mille
1190 2520 1360 2562 talentis
1394 2519 1641 2562 concubitus
1673 2521 1734 2562 in-

282 2575 433 2616 iuriam
465 2579 741 2631 pensaturus.
803 2576 1012 2619 Decreuit
1046 2577 1206 2632 eciam,
1244 2582 1313 2632 ut,
1357 2578 1545 2633 quisquis
1586 2577 1738 2619 milicie

214 2645 252 2673 40
283 2631 466 2686 deditus,
488 2637 679 2689 spectate
699 2634 867 2676 uirtutis
890 2635 1066 2678 titulum
1089 2635 1321 2687 affectaret,
1350 2637 1572 2693 impeteret
1593 2648 1735 2690 unum,

1779 784 1882 813 Xth

1800 1427 1826 1451 p.
1845 1419 1884 1445 23:

1818 1947 1884 1982 [88)

1793 2420 1818 2444 p.
1841 2412 1884 2438 Qt
