1884 3126
22 990 60 1017 10

25 1280 60 1306 15

27 1567 64 1594 20

27 1856 64 1883 25

31 2144 68 2171 30

34 2430 71 2460 85

37 2719 72 2746 ⁴0

623 355 676 360 —
736 331 846 374 XVI
908 357 958 363 -—
1438 335 1520 375 673

85 453 238 505 ferens,
271 452 557 505 duffitandbus
590 455 781 497 locorum
812 457 968 512 peritis,
1001 472 1073 512 per
1106 457 1274 512 ignotos
1296 472 1344 498 ac
1376 457 1522 499 deuios

87 510 220 552 saltus
241 510 415 564 plenum
436 511 694 554 difficultatis
716 514 795 555 iter
818 515 1030 569 corripuit.
1078 515 1326 556 Eri-antibus
1358 516 1520 568 ceteris,

88 567 388 610 Sialandenses
440 583 489 610 ac
540 569 811 621 Scanienses,
861 572 1104 613 Alexandro
1150 571 1403 627 (Absallonis
1455 573 1521 614 hic

88 639 232 668 sorore
278 626 416 667 editus
465 626 574 681 erat)
620 629 828 683 primipilo
881 631 943 670 usi
994 630 1283 685 Rugianisque
1333 630 1522 681 ducibus,

86 688 247 726 rectam
281 690 324 726 et
365 685 719 740 compendiariam
756 687 861 727 uiam
895 689 1048 739 secuti,
1091 687 1321 742 Camynum
1353 701 1521 740 uenere,

91 747 477 797 occupassentque,
518 743 594 784 nisi
639 744 798 786 incolas
829 745 1020 786 incendio
1055 746 1267 786 cauciores
1310 745 1522 787 fecissent.

92 799 285 847 Quorum
317 801 572 853 paucitatem
605 801 900 856 Bogiszlauus,
934 803 1002 857 qui
1033 804 1072 843 in
1105 803 1252 844 eodem
1285 809 1384 844 tune
1414 802 1522 843 forte

92 857 247 912 oppido
280 871 437 898 moram
463 859 629 912 agebat,
657 859 799 901 effusis
821 861 1043 915 manipulis
1064 861 1372 915 irrumpendam
1395 867 1522 912 ratus,

90 914 308 968 Esberno‚
350 915 421 970 qui
464 916 611 957 talium
651 931 789 958 rerum
832 918 1097 972 experiencia
1142 932 1301 972 usuque
1332 918 1523 965 callebat,

90 987 173 1028 quo
205 973 372 1028 longius
403 973 546 1014 hostes
579 974 682 1016 urbe
716 982 1017 1028 euocarentur,
1057 975 1106 1016 de
1138 976 1339 1016 industria
1371 975 1523 1016 ceden-

92 1031 192 1071 dum
214 1036 424 1081 monente,
447 1031 517 1071 diu
541 1038 661 1085 terga
683 1033 960 1087 prebentibus
981 1034 1153 1086 institit3
1181 1033 1231 1073 ad
1255 1037 1523 1087 postremum,

91 1089 315 1130 intellectis
345 1089 518 1140 insidiis,
551 1089 724 1131 effusius
757 1097 923 1132 ruentes
967 1091 1009 1132 in
1041 1092 1170 1132 aciem
1203 1095 1396 1141 reuocat,
1439 1098 1523 1130 tam

91 1146 332 1202 improbum
364 1147 418 1187 ab
449 1147 554 1188 urbe
579 1163 800 1189 excessum
817 1163 970 1190 4ειιηειιᾟ
995 1149 1328 1203 reprehensionis
1351 1148 1523 1188 salebris

91 1206 316 1246 insecutus.
367 1203 489 1251 Quod
513 1205 660 1246 uidens
684 1206 913 1257 Esbernus,
936 1208 1100 1248 abiecta
1121 1206 1221 1259 fugo
1243 1206 1524 1255 simulacione,

92 1263 212 1317 signa
243 1262 296 1303 ad
330 1262 495 1304 hostem
519 1264 697 1315 reflexit,
722 1263 959 1319 effecitque,
984 1272 1029 1305 ut
1053 1263 1340 1317 Bugiszlauus,
1363 1262 1523 1302 caballo

96 1320 309 1374 delapsus,
332 1320 489 1375 pauido
513 1335 687 1362 recursu
709 1322 817 1363 intra
840 1322 997 1362 uallum
1021 1323 1277 1373 confugeret,
1309 1321 1524 1361 celeritate

95 1378 252 1433 pedum
286 1381 466 1419 salutem
500 1379 754 1433 quesiturus,
789 1394 912 1434 quam
944 1380 1161 1422 autarmis
1183 1384 1256 1419 aut
1288 1379 1380 1432 equi
1413 1378 1525 1418 uelo-

98 1437 224 1478 citate
257 1436 364 1476 tueri
396 1436 591 1477 fiduciam
614 1451 695 1478 non
731 1437 922 1478 babebat.
970 1437 1224 1478 Alexander.
1258 1436 1372 1476 illato
1397 1436 1526 1489 portis

98 1495 234 1548 signo,
265 1494 487 1545 neminem,
520 1509 543 1534 a
568 1509 650 1547 quo
679 1495 964 1548 repelleretur,
997 1495 1167 1539 inuenit,
1201 1499 1314 1535 tanta
1347 1492 1527 1547 trepida.-

96 1553 215 1593 cione
258 1552 390 1607 captis
424 1552 640 1605 hostibus,
685 1561 728 1593 ut
762 1567 813 1593 ne
847 1553 958 1593 urbis
991 1567 1064 1593 sue
1097 1552 1263 1607 quidem
1304 1550 1444 1591 limina
1475 1550 1526 1590 ab

95 1610 248 1650 iniuria
280 1609 495 1650 uindicare
526 1611 830 1664 presumerent.
879 1610 972 1658 Qua
994 1610 1120 1663 gloria
1144 1609 1291 1650 saciati
1314 1609 1526 1649 Danorum

96 1668 286 1720 iuuenes,
317 1667 521 1722 paulatini
553 1668 593 1708 in
627 1669 757 1709 aciem
792 1683 835 1708 se
859 1669 1056 1722 recipere,
1090 1682 1215 1722 quam
1240 1666 1413 1707 ulterius
1438 1665 1527 1705 urbi

95 1725 300 1766 insultare
343 1726 603 1777 maluerunt,
656 1726 876 1780 paucitatis
917 1724 1203 1767 estima*cione
1250 1723 1525 1765 temeritatem

98 1783 310 1824 domante.
375 1783 498 1824 Hunc
532 1784 765 1824 iuuentutis
809 1795 1056 1836 procursum
1097 1797 1169 1823 rex
1210 1782 1368 1835 reliquo
1400 1781 1528 1820 milite

95 1841 373 1893 subsecutus,
418 1848 593 1895 propter
637 1856 777 1883 muros
820 1854 928 1894 equo
971 1840 1206 1891 descendit,
1247 1836 1528 1893 expugnande

97 1898 211 1940 urbis
235 1899 426 1939 habitum
455 1900 683 1940 curiosiore
706 1899 1075 1953 contemplacionis
1103 1898 1239 1939 officio
1263 1898 1527 1936 lustraturus.

99 1957 194 2004 Quo
224 1956 459 2008 residente,
505 1957 748 2011 uallumque
780 1956 946 1998 uexillis
978 1957 1183 2010 stipante,
1214 1954 1411 1994 canonice
1443 1953 1529 1992 uite

99 2014 250 2066 clerici,
283 2015 448 2055 contusi
489 2014 723 2069 deiectique
757 2015 883 2056 animi
910 2028 1115 2054 merorem
1146 2012 1300 2067 pedum
1341 2010 1529 2051 nuditate

98 2078 325 2123 testantes,
369 2071 535 2126 digesta
576 2074 653 2113 rite
697 2073 988 2127 processione,
1037 2085 1127 2110 cum
1171 2069 1401 2122 insignibus
1445 2067 1529 2107 suis

99 2129 344 2181 adueniunt,
376 2143 511 2185 eoque
542 2137 716 2184 paterne
739 2130 976 2171 sanctitatis
997 2128 1220 2179 admonito,
1243 2126 1420 2180 genibus
1443 2124 1531 2164 nixi

99 2187 226 2228 sacris
260 2188 406 2229 edibus
438 2188 735 2229 abstinendum
766 2192 1012 2242 precantur,
1056 2185 1239 2236 orando,
1281 2197 1333 2224 ne
1365 2182 1529 2222 diuinos

99 2250 274 2300 penates
296 2245 488 2286 humanis
509 2245 702 2286 incendio
725 2246 884 2297 iungat,
906 2258 1044 2299 neque
1077 2244 1134 2284 ita
1156 2243 1194 2283 in
1219 2242 1358 2282 hostes
1380 2240 1529 2288 seui-at,

99 2309 146 2344 ut
191 2303 358 2357 publice
404 2303 617 2358 religionis
664 2303 876 2343 domicilia
918 2304 1159 2351 consumat,
1201 2305 1261 2340 tot
1306 2311 1424 2349 suas,
1468 2301 1531 2336 tot

100 2361 308 2403 maiorum
329 2360 507 2403 uirtutes
530 2361 745 2402 teterrimo
768 2360 954 2401 facinore
977 2363 1262 2412 corrupturus.
1307 2355 1531 2417 Adiectum

101 2418 154 2459 ab
180 2418 228 2459 iis
250 2425 326 2468 est,
348 2417 663 2472 Bogiszlauum,
686 2419 797 2472 regis
819 2422 909 2458 tuto
943 2415 1111 2470 petendi
1133 2415 1285 2468 gracia,
1317 2412 1532 2453 familiaris

102 2475 199 2517 fidei
229 2476 508 2530 patrocinium
531 2477 759 2531 postulare.
805 2475 1071 2529 Responsum
1094 2487 1118 2513 a
1144 2471 1322 2518 Kanuto,
1346 2469 1532 2533 homines

104 2533 194 2586 sibi,
227 2547 310 2574 non
345 2533 469 2575 deum
501 2533 735 2575 incessendi
757 2533 1019 2587 propositum
1053 2529 1155 2577 esse,
1187 2533 1231 2569 ut
1261 2528 1430 2577 iustum,
1462 2523 1532 2590 ital

103 2591 290 2632 alienum
334 2591 540 2645 sacrilegii
589 2591 744 2632 bellum
789 2595 974 2644 gesturo.
1047 2587 1230 2634 Quibus,
1276 2586 1309 2626 si
1354 2584 1533 2624 ciuitatls

103 2654 264 2704 partem
283 2655 404 2690 extra
425 2649 637 2703 municipii
660 2648 798 2688 menia
821 2647 1068 2687 collocatam
1087 2647 1301 2692 cremaret,
1322 2641 1532 2704 ecelesias,

103 2708 339 2748 mortalium
373 2707 546 2748 edificiis
589 2707 840 2761 permixtas,
870 2702 1157 2745 communibus
1190 2701 1364 2740 flammis
1401 2698 1533 2752 imph-

173 2782 251 2806 Saxo
271 2782 502 2806 Grammaticus.
1354 2767 1399 2803 43

1582 471 1675 505 (383)

1576 596 1601 620 p.
1626 588 1676 614 985

1550 1732 1781 1767 cxcvnum

1587 2600 1612 2626 p.
1631 2591 1683 2619 986
