1884 3126
266 910 303 937 10

266 1488 303 1515 20

265 2069 301 2095 30

264 2358 300 2385 35

265 2647 301 2675 40

337 249 417 290 174
912 270 964 278 ——
1026 247 1089 290 VI
1151 271 1204 277 -

336 373 494 415 candor
540 372 763 415 exuberat.
825 371 884 414 At
923 372 997 415 ubi
1027 374 1296 429 scopulorum
1339 374 1541 429 angustiis
1582 376 1781 418 euolutus

334 432 475 473 laxius
523 431 762 486 stagnando
810 430 1085 485 diffunditur,
1137 446 1191 474 ex
1241 431 1407 473 obiecta
1452 446 1558 499 rupe
1602 434 1780 475 insulam

337 490 470 544 fingit.
520 489 775 544 Preruptum
807 488 902 530 hinc
930 489 1026 532 inde
1057 490 1204 544 iugum
1227 489 1395 542 eminet,
1427 491 1556 532 uariis
1582 492 1781 534 arborum

335 547 563 601 generibus
585 547 793 601 frequens,
827 560 1003 602 quarum
1035 547 1225 589 obiectus
1257 562 1422 589 amnem
1456 549 1620 590 eminus
1642 550 1780 605 perui-

289 622 301 637 ν
336 607 387 646 d<
392 606 426 646 ri
459 619 543 646 non
567 604 688 647 sinat.
736 605 941 647 Preterea
963 605 1167 647 Biornoni
1190 606 1389 647 inusitate
1411 605 1643 649 ferocitatis
1667 609 1781 650 canis

337 667 429 704 exst
434 663 547 714 miliat
560 662 770 705 horrende
783 663 950 718 quidem
963 663 1205 705 acerbitatis
1217 663 1343 705 belua
1352 669 1479 718 atque
1490 664 1672 707 humano
1686 679 1781 707 con-

335 721 466 762 uictui
485 720 772 773 formidolosa,
788 735 870 776 que
885 721 1026 776 sepius
1050 721 1242 763 bissenos
1265 722 1355 763 sola
1376 723 1488 763 uiros
1512 725 1781 778 oppresserit.

337 779 422 821 Sed
458 779 657 834 quoniam
685 779 838 821 tradita
860 780 993 834 magis
1026 793 1150 834 quam
1179 780 1348 834 cognita
1370 779 1625 835 referuntur,
1656 782 1780 823 fidem

338 837 497 879 arbiter
515 843 676 892 penset.
710 837 804 879 Hec
822 837 1040 903 siquidem,
1064 842 1111 878 ut
1128 838 1285 892 accepi,
1310 837 1551 879 deliciarum
1570 839 1779 894 quondam

335 895 430 937 loco
454 895 612 948 habita,
635 894 766 936 Offoti
788 895 971 950 gigantis
993 895 1104 938 inter
1125 908 1282 949 pascua
1313 896 1515 937 tuebatur
1535 910 1579 937 ai
1582 902 1782 939 mentum

475 954 566 994 At
556 967 734 995 quenes
757 953 978 994 latrocinio
1001 953 1196 994 uiciniam
1220 954 1430 995 incessere
1453 954 1574 1008 soliti,
1606 969 1781 1010 magnas

336 1025 438 1066 sepe
470 1015 634 1066 strages
667 1010 867 1053 edebant.
912 1011 1116 1066 Populari
1147 1016 1335 1066 penates,
1367 1016 1559 1053 armenta
1580 1018 1781 1064 sternere,

337 1069 519 1124 diripere
553 1069 715 1120 omnia,
758 1068 973 1123 ingentem
1016 1082 1145 1124 agere
1175 1069 1370 1124 predam,
1412 1070 1614 1124 spoliatas
1655 1071 1782 1113 rebus

337 1128 436 1168 edes
470 1141 665 1179 exurere,
698 1140 836 1168 mares
868 1128 1023 1182 passim
1056 1140 1150 1168 cum
1182 1127 1347 1168 feminis
1381 1127 1656 1181 obtruncare,
1689 1143 1783 1185 pro-

287 1208 304 1226 ›
335 1185 478 1226 bitatis
509 1184 604 1226 loco
638 1188 828 1226 curatum
862 1190 938 1227 est.
1001 1184 1189 1232 Quorum
1219 1184 1502 1240 improuidam
1534 1186 1783 1242 Fridleuusl'}

336 1243 620 1298 iirupcionem
654 1242 882 1298 excipiens,
916 1257 1061 1284 omnes
1084 1243 1135 1284 ad
1160 1243 1465 1284 munimentum
1488 1243 1660 1299 refugos
1686 1246 1782 1300 egit,

338 1305 542 1356 occupato
592 1301 844 1343 eximiarum
892 1301 1045 1342 uirium
1094 1314 1227 1355 equo,
1273 1314 1398 1356 quem
1442 1314 1616 1358 preceps
1663 1308 1780 1344 metu

336 1373 486 1406 sessor,
521 1359 772 1400 maturande
796 1358 898 1413 fuge
933 1358 1088 1414 gracia,
1126 1359 1229 1400 citra
1260 1372 1425 1400 amnem
1458 1359 1646 1401 relictum
1679 1374 1779 1414 pon-

335 1421 420 1458 tem
453 1431 595 1458 secum
628 1417 820 1459 traiiceie
856 1431 940 1458 non
972 1416 1172 1459 audebat.
1234 1416 1401 1458 Deinde
1435 1417 1563 1472 siquis
1601 1418 1779 1460 fratrum

333 1475 498 1517 illorum
547 1475 784 1530 quempiam
826 1475 1133 1525 interemisset,
1173 1474 1383 1516 interfecti
1416 1489 1567 1541 corpus
1601 1490 1702 1517 auro
1735 1491 1781 1518 se

335 1547 611 1589 repensurum
658 1531 801 1574 edixit.
873 1532 968 1581 Qua
1005 1547 1081 1588 spe
1125 1532 1295 1587 quidam
1336 1533 1548 1587 1egiorum
1589 1535 1778 1589 pugilum

335 1591 518 1643 incitati,
550 1595 744 1632 nectam
776 1591 984 1643 auaricie,
1007 1604 1148 1650 quam
1190 1590 1358 1632 uirtutis
1399 1590 1547 1633 ardore
1586 1593 1780 1647 correpti,

336 1654 547 1690 conuento
577 1649 705 1690 tacite
735 1648 965 1701 Fridleuo,
999 1645 1170 1704 operam
1202 1662 1248 1690 se
1278 1648 1453 1690 facinori
1484 1648 1653 1691 daturos
1685 1663 1780 1704 pro-

335 1707 530 1759 mittunt,
573 1707 754 1748 salutem
786 1707 839 1748 ad
867 1706 1042 1748 modum
1084 1706 1370 1757 deuouentes,
1413 1707 1454 1747 ni
1497 1712 1644 1749 trunca
1688 1723 1780 1763 pre-

265 1779 291 1806 2.
333 1764 492 1806 donum
538 1765 677 1820 capita
718 1764 974 1806 retulissent.
1043 1763 1234 1812 Quorum
1277 1764 1501 1806 Fridleuus
1541 1765 1698 1807 uirtute
1739 1770 1781 1808 et

333 1823 611 1878 promissione
644 1822 837 1874 laudata,
880 1821 1047 1863 arbitris
1092 1827 1320 1877 expectare
1362 1822 1509 1867 iussis,
1548 1823 1639 1864 solo
1683 1837 1779 1865 con-

334 1885 476 1922 tentus
508 1881 660 1922 comite
691 1885 820 1922 noctu
851 1880 1026 1921 fluuium
1058 1880 1178 1934 petit.
1238 1879 1303 1921 Ne
1336 1881 1445 1922 enim
1478 1880 1623 1922 alienis
1655 1895 1779 1937 quam

333 1939 512 1994 propriis
546 1938 705 1980 uiribus
737 1939 984 1980 instruccior
1006 1938 1233 1989 uideretur,
1266 1938 1468 1979 auxilium
1502 1939 1656 1981 uirtute
1687 1953 1780 1994 pre·-

334 2010 501 2038 currere
533 1997 689 2038 statuit.
749 1997 854 2038 Post
886 1997 963 2038 hec
995 1996 1189 2038 comitem
1222 1997 1367 2038 crebro
1413 2001 1633 2039 contusum
1666 1997 1780 2039 silice

334 2055 615 2105 exanimauit,
647 2055 872 2110 iniecitque
913 2067 1108 2108 exangue
1155 2053 1278 2095 undis
1319 2067 1496 2109 corpus3
1541 2056 1605 2096 cui
1647 2056 1778 2097 eciam

335 2113 570 2154 detractum
605 2113 681 2154 sibi
706 2113 863 2154 cultum
887 2112 1104 2167 applicuit,
1136 2111 1325 2153 eiusdem
1348 2113 1525 2155 exuuias
1550 2117 1780 2166 mutuatus,

332 2176 379 2211 ut
411 2170 561 2212 intuito
610 2170 820 2212 cadauere
868 2169 1192 2225 periclitacionis
1234 2170 1349 2225 regie
1390 2171 1552 2225 species
1594 2170 1778 2212 daretur.

335 2229 577 2269 Iumentum
605 2242 787 2283 quoque,
823 2226 936 2282 quod
968 2241 1062 2270 eum
1098 2233 1288 2280 uexerat,
1321 2228 1456 2270 elicito
1489 2227 1541 2270 de
1576 2228 1780 2270 industria

336 2300 485 2328 cruore
517 2286 763 2341 conspersit,
797 2285 946 2327 eodem
985 2288 1120 2327 castra
1149 2289 1368 2340 repetente
1398 2286 1509 2327 necis
1540 2300 1614 2327 sue
1651 2285 1776 2327 fidem

332 2344 531 2386 facturus.
600 2344 765 2386 Deinde
807 2343 1040 2384 calcaribus
1083 2343 1262 2384 subditis
1305 2343 1451 2385 mediis
1489 2358 1643 2399 equum
1684 2357 1779 2384 uor-

334 2402 486 2443 ticibus
519 2401 675 2456 adegit,
708 2415 857 2457 eoque,
889 2405 1087 2457 superato
1120 2415 1261 2455 amne,
1294 2401 1505 2457 delapsus,
1537 2405 1776 2457 protentum

334 2460 597 2501 munimento
620 2459 779 2501 uallum
801 2473 878 2515 per
908 2458 1119 2501 subiectas
1143 2459 1287 2514 aggeri
1317 2461 1452 2500 scalas
1481 2460 1778 2501 transcendere

336 2518 581 2560 conabatur.
643 2518 702 2559 At
741 2517 812 2558 ubi
845 2530 1027 2571 superne
1069 2522 1245 2558 euectus
1285 2517 1608 2573 propugnacula
1650 2531 1776 2558 manu

335 2575 558 2632 complecti
589 2580 782 2631 poterat,
825 2575 942 2617 illato
973 2574 1099 2616 tacite
1140 2574 1274 2640 pede,
1316 2575 1463 2641 edem,
1506 2589 1631 2630 quam
1665 2589 1776 2616 com-

333 2632 604 2675 messabundi
645 2632 854 2688 predones
895 2632 1159 2684 insederant,
1202 2633 1360 2688 ignaris
1391 2632 1613 2688 uigilibus,
1654 2632 1738 2673 leui
1771 2630 1775 2688 1

1849 1251 1881 1284 (ε)
