1884 3126
0 464 11 478 s·
0 352 19 446 ἧψε-,τι
0 313 17 343 r„

104 883 134 909 lo

101 1175 134 1202 15

755 214 1027 257 —II—
1557 218 1609 260 63

277 343 385 385 Tam
416 356 594 399 preceps
625 343 668 385 in
700 342 811 385 bella
842 342 936 396 fuit,
969 358 1095 399 quam
1129 345 1319 387 concitus
1352 346 1484 387 amnis

276 403 327 444 In
361 416 476 444 mare
510 400 709 455 decurrit,
741 415 1016 458 pugnamque
1049 417 1272 459 capessere
1302 409 1535 460 promptus,

278 457 339 502 Vt
371 459 752 515 ceruusrapidum
784 459 912 501 bifido
945 461 1056 516 pede
1088 460 1262 503 tendere
1294 477 1477 505 cursum.

276 518 388 562 Ecce
419 533 495 575 per
526 518 687 560 infusas
719 518 906 560 humana
938 519 1035 561 tabe
1067 520 1240 561 lacunas

281 577 488 619 cesorum
520 577 691 619 excussi
722 576 870 618 dentes
903 578 1095 633 rapiente
1129 579 1288 620 cruoris

280 636 495 678 Profluuio
529 639 635 687 toto,
668 639 710 678 et
741 635 899 678 scabris
932 635 1134 677 limantur
1166 638 1317 679 arenis.

282 694 593 750 Splendescunt
624 694 724 736 limo
760 694 883 747 allisi,
915 694 1188 750 lacerataque
1212 699 1376 736 torrens

281 753 508 807 Sanguinis
543 767 639 794 ossa
670 752 802 806 uehit,
836 756 1089 808 truncosque
1122 754 1344 808 superfluit
1376 757 1506 796 artus.

277 812 467 853 Danicus
501 811 710 853 humescit
742 811 927 866 sanguis,
959 815 1217 866 stagnatque
1249 817 1423 853 cruenta

279 870 433 912 Lacius
467 870 645 923 eluuies,
679 872 720 911 et
753 883 932 925 corpora
963 883 1110 923 sparsa
1140 870 1328 911 reuoluit

279 929 420 971 Elisus
453 929 574 970 uenis
605 927 811 982 uapidum
843 929 1138 984 spumantibus
1169 928 1317 970 amnis.

279 987 468 1043 Impiger
498 986 714 1028 inuehitur
745 986 880 1028 Danis
914 985 1258 1042 Hi<arth>uarus,
1290 992 1454 1028 amator

279 1045 443 1098 Martis,
475 1049 518 1087 et
549 1049 724 1086 extenta
754 1049 994 1100 pugnantes
1026 1049 1232 1099 prouocat
1263 1045 1398 1087 hasta.

281 1104 486 1146 Attamen
516 1103 584 1145 hic
616 1103 725 1144 inter
756 1103 997 1148 discrimina
1029 1103 1200 1158 fataque
1233 1103 1334 1144 belli

280 1162 509 1216 Frothonis
541 1161 664 1203 uideo
697 1162 828 1203 letum
860 1161 1046 1203 arridere
1077 1165 1291 1216 nepotem,

282 1221 363 1269 Qui
395 1219 671 1262 Firiuallinos
703 1234 806 1261 auro
839 1223 1087 1262 conseuerat
1117 1233 1255 1274 agros.

280 1278 369 1321 Nos
401 1292 565 1334 quoque
596 1278 735 1320 leticie
767 1279 927 1333 species
959 1278 1138 1320 extollat
1169 1277 1357 1330 honesta,

283 1337 423 1379 Morte
454 1341 669 1378 secuturos
700 1338 893 1392 generosi
925 1336 1011 1378 fata
1044 1336 1243 1391 parentis.

282 1395 398 1437 Voce
430 1408 530 1450 ergo
561 1395 689 1436 simus
722 1394 896 1447 alacres,
928 1408 1115 1450 ausuque
1146 1395 1352 1448 uigentes.

282 1453 477 1508 Namque
510 1457 668 1495 metum
700 1467 779 1508 par
811 1458 873 1495 est
904 1453 1100 1494 animosis
1131 1466 1329 1507 spernere
1362 1451 1493 1502 dietis,

282 1511 339 1553 Et
370 1511 715 1553 memorabilibus
746 1511 878 1553 letum
911 1509 1204 1565 con<s>ciscere
1236 1510 1370 1551 factis.

283 1570 464 1612 Deserat
487 1579 544 1611 'os
575 1570 845 1625 animumque
878 1570 1027 1623 timor3
1060 1570 1269 1610 fateamur
1300 1572 1477 1622 utroque

283 1628 525 1684 Intrepidos
555 1628 684 1678 nisus,
714 1642 767 1669 ne
799 1642 873 1669 nos
905 1632 1007 1669 nota
1038 1627 1194 1668 iudicet
1229 1627 1315 1668 ulla

283 1687 413 1729 Parte
445 1687 587 1741 aliqua
618 1687 783 1741 signum
816 1686 1150 1741 dubiiprestare
1181 1685 1354 1726 timoris.

283 1745 516 1787 Librentur
546 1744 689 1786 stricto
723 1745 964 1786 meritorum
997 1744 1183 1799 pondera
1214 1743 1341 1785 ferro.

286 1804 435 1845 Gloria
466 1802 687 1845 defunctos
719 1803 919 1858 sequitur,
954 1802 1149 1857 putrique
1181 1801 1327 1842 fauille

284 1862 419 1903 Fama
450 1865 662 1916 superstes
695 1862 786 1915 erit,
818 1875 895 1902 nec
927 1861 968 1902 in
999 1861 1134 1901 ullum
1167 1859 1331 1901 decidet
1363 1872 1502 1911 euum,

286 1920 408 1968 Quod
438 1919 627 1974 perfecta
659 1933 732 1961 suo
763 1919 947 1974 patrauit
979 1923 1171 1973 tempore
1207 1918 1353 1959 uirtus.

287 1978 397 2027 Quid
429 1978 581 2019 clausis
613 1978 753 2032 agitur
786 1977 976 2019 foribus?
1009 1977 1109 2032 quid
1141 1976 1307 2032 pessula
1338 1975 1485 2016 ualuas

288 2037 438 2078 Iuncta
468 2036 570 2077 seris
602 2035 824 2077 cohibent?
855 2034 1025 2077 Etenim
1059 2035 1140 2076 iam
1173 2035 1302 2075 tercia
1334 2038 1375 2075 te
1406 2047 1504 2086 uOX,

287 2094 456 2148 Biarco,
489 2094 583 2148 ciet,
616 2094 840 2149 clausoque
870 2094 988 2135 iubet
1020 2093 1246 2149 procedere
1276 2096 1400 2133 tecto.

584 2184 744 2227 Contra
777 2199 856 2240 que
888 2185 1064 2228 Biarco:

290 2259 400 2315 Quid
432 2279 499 2307 me
529 2265 740 2308 Roluonis
770 2281 989 2322 generum,
1022 2267 1134 2323 quid,
1167 2266 1315 2308 bellice
1346 2265 1505 2317 Hialto,

223 2373 231 2374 ἶ
287 2325 426 2366 Tanta
455 2338 562 2366 uoce
593 2325 710 2366 cies?
741 2324 910 2367 Etenim
941 2326 1013 2381 qui
1045 2339 1200 2380 magna
1230 2324 1433 2379 profatur,

289 2382 671 2437 Grandiloquisque
703 2382 807 2424 alios
837 2384 978 2426 uerbis
1009 2384 1162 2425 inuitat
1194 2382 1247 2424 ad
1279 2395 1406 2429 arma,

287 2440 459 2482 Audere
492 2445 534 2481 et
565 2439 677 2481 dicta
708 2440 830 2482 factis
861 2442 1016 2497 equare
1048 2445 1229 2494 tenetur,

287 2498 347 2540 Vt
378 2512 523 2540 uocem
558 2497 744 2539 fateatur
775 2512 893 2554 opus.
936 2499 1021 2541 Sed
1052 2497 1210 2552 desino,
1243 2498 1376 2539 donec

287 2557 455 2610 Armer,
490 2560 532 2597 et
562 2555 771 2598 horrendo
803 2557 905 2599 belli
934 2558 1157 2614 precingar
1188 2557 1355 2598 amictu.

285 2615 462 2670 Iamque
494 2627 637 2656 ensem
667 2614 790 2656 lateri
822 2615 963 2671 iunge,
996 2617 1078 2657 iam
1110 2627 1281 2670 corpore
1313 2613 1495 2668 primum

1645 539 1669 563 p.
1690 531 1724 556 99

1586 1678 1599 1686 =
1637 1698 1739 1732 p‚100

1646 1870 1726 1899 XXA
