1884 3126
16 913 51 940 10

16 1203 51 1229 15

12 1780 48 1807 ‘25

12 2068 49 2097 30

10 2359 46 2387 35

11 2648 46 2675 40

626 274 674 278 --
736 250 874 293 XIIII
935 276 980 281 -—
1442 255 1523 295 619

87 378 367 432 spiracionem
406 377 458 418 de
500 392 603 419 nece
648 391 724 419 sua
764 378 951 421 habitam
993 395 1073 422 non
1117 379 1253 422 dubiis
1286 381 1525 423 coniectare

86 436 349 487 racionibus‚
391 435 464 477 sed
509 435 620 477 ueris
652 437 914 478 consciorum
946 438 1108 480 indiciis
1140 439 1351 495 certisque
1382 452 1525 481 rerum

86 494 277 548 uestigiis
299 494 376 536 sibi
397 493 607 549 proditam
631 508 737 546 esse,
760 494 876 536 cuius
905 496 1146 538 auctoribus
1179 497 1359 552 primam
1381 496 1525 538 salutis

86 566 161 593 sue
193 551 428 593 custodiam
461 551 634 594 credere
666 554 950 595 consueuerit.
1013 553 1137 595 Nolle
1170 568 1270 596 uero
1302 569 1346 596 se
1379 568 1525 596 eorum

85 609 298 651 declarare
321 609 545 662 uocabula,
568 609 679 664 quod
705 611 856 652 noxios
880 611 1155 665 resipiscendi
1171 613 1349 654 induciis
1369 613 1527 654 donare

86 682 215 723 quam
245 667 513 709 insimulandi
547 667 687 709 studio
713 667 892 710 obruere
923 669 1078 710 mallet.
1121 669 1328 711 Hortatur
1361 669 1524 721 deinde,

85 726 245 767 maiore
278 738 375 766 cum
406 724 631 766 sedulitate
661 725 934 767 uallandum*
960 741 1005 768 se
1038 732 1202 778 curent,
1235 742 1311 770 nec
1343 742 1522 783 usquam

84 783 234 838 gladiis
273 781 397 824 uacui
440 783 707 825 inc-edentem
750 783 943 835 comitari
973 785 1226 838 sustineant,
1258 786 1525 841 stipandique

85 841 249 894 officia,
292 842 498 882 hactenus
538 855 613 896 per
654 841 854 882 incuriam
894 847 1039 896 gesta,
1073 843 1273 898 deinceps
1306 843 1522 885 elaborato

82 898 312 940 famulandi
350 897 489 940 studio
531 904 867 954 prosequantur,
908 904 1110 955 tantaque
1153 900 1194 941 id
1240 900 1524 942 sollicitudine

83 961 307 1012 peragant,
325 957 501 1012 perinde
533 971 581 998 ac
613 957 749 1012 quiuis
780 958 951 1012 proprie
973 959 1240 1012 syncel-itatis
1274 958 1525 1000 certitudine

84 1014 135 1057 de
176 1015 314 1057 aliena
355 1015 570 1070 ambigere
610 1029 784 1057 necesse
829 1015 996 1056 habeat.
1059 1015 1140 1057 Sed
1182 1030 1319 1071 neque
1358 1032 1403 1059 sc
1436 1017 1525 1058 uni-

83 1087 228 1115 uersos
269 1073 479 1115 notabiles
521 1073 696 1117 ducere.
738 1072 790 1114 de
822 1087 1001 1128 quorum
1041 1088 1171 1129 grege
1202 1075 1440 1129 complures
1471 1075 1524 1115 ad

83 1135 260 1172 mortem
293 1145 371 1186 pro
403 1145 449 1173 se
481 1130 787 1186 excipiendam,
820 1131 853 1172 si
884 1145 949 1172 res
980 1137 1204 1186 posceret,
1236 1132 1524 1187 paratissimos

82 1189 222 1231 sciret.
283 1188 402 1230 Tunc
433 1189 612 1243 milites,
653 1194 802 1230 mutua
833 1189 929 1230 fidei
971 1190 1229 1231 emulacione
1264 1190 1524 1231 consciorum

82 1246 279 1288 indicium
322 1247 583 1302 flagitantes,
615 1261 640 1288 a
670 1242 841 1302 perfidis
874 1261 974 1302 erga
1004 1261 1148 1302 regem
1192 1247 1401 1303 capitibus
1434 1248 1525 1289 uin-

83 1303 238 1346 dictam
281 1319 325 1346 se
367 1309 595 1348 exacturos
625 1305 897 1361 promittunt,
930 1318 1066 1360 neque
1098 1310 1171 1346 aut
1202 1305 1522 1347 necessitudinis

81 1366 157 1403 aut
178 1362 474 1404 familiaritatis
497 1364 640 1418 gracia
660 1360 994 1418 temlperaturos,
1028 1377 1109 1418 quo
1142 1363 1279 1405 minus
1311 1363 1522 1418 sanguinis

83 1420 172 1462 eius
205 1420 381 1476 cupidos
412 1434 557 1476 penas,
589 1435 694 1477 quas
725 1424 1007 1474 mererentur,
1040 1421 1284 1475 persoluere
1315 1420 1397 1463 sint
1430 1435 1523 1462 coa-

82 1479 201 1521 cturi.
262 1478 332 1520 Ad
378 1479 457 1520 hec
501 1495 578 1521 rex
625 1479 806 1530 referre,
851 1479 950 1520 fidei
995 1479 1247 1534 synceritate
1285 1484 1521 1530 contentos,

86 1536 305 1578 ulteriores
336 1536 476 1578 indicii
508 1543 651 1593 partes
674 1542 875 1593 expetere
899 1550 983 1577 non
1006 1540 1216 1592 oportere.
1258 1536 1323 1578 Ita
1346 1537 1519 1577 militum

83 1607 248 1649 preces,
282 1595 336 1636 ab
366 1595 611 1638 innocencie
644 1595 905 1637 consciencia
926 1594 1149 1650 profectas,
1184 1595 1355 1649 plenum
1379 1594 1522 1636 mode-

82 1652 261 1694 racionis
292 1667 541 1708 responsum
569 1667 733 1695 cessare
767 1653 978 1708 compulit.
1042 1651 1101 1693 At
1122 1652 1391 1703 Benedictus,
1424 1666 1521 1693 con-

82 1710 343 1753 iuracionem
383 1726 408 1753 a
449 1711 622 1753 consciis
660 1712 751 1765 regi
791 1711 1001 1766 proditam
1044 1714 1173 1761 ratus,
1218 1725 1400 1762 eumque
1441 1710 1519 1763 his,

80 1781 182 1823 quos
214 1769 406 1810 incautos
440 1770 678 1824 opprimere
704 1773 889 1824 cuperet,
924 1767 1086 1810 callidis
1117 1768 1400 1809 simulacionis
1433 1782 1519 1809 am-

82 1826 263 1881 bagibus
283 1827 448 1868 ueniam
473 1828 675 1883 polliceri,
697 1827 908 1882 plerisque
931 1827 1081 1868 milicie
1098 1826 1330 1880 insignibus
1349 1825 1518 1878 relictis,

83 1882 263 1939 Iutiam,
310 1898 393 1939 qua
437 1885 576 1941 potuit
624 1885 860 1936 eeleritate,
901 1884 1077 1939 petiuit,
1117 1883 1281 1924 detecte
1319 1883 1519 1924 faccionis

82 1942 234 1983 nuncio
275 1941 326 1984 ad
372 1943 575 1997 Magnum
620 1943 805 1984 dimisso.
867 1942 934 1983 Ita
963 1941 1170 1997 perfidum
1213 1943 1301 1983 eius
1332 1941 1519 1982 animum

79 2000 260 2041 mordax
302 2001 562 2043 consciencie
607 2001 760 2042 crimen
792 2001 905 2054 regie
935 1999 1270 2040 mansuetudinis
1308 1998 1518 2054 promissis

79 2056 206 2099 fidem
227 2059 385 2100 habere
409 2060 556 2100 uetuit.
605 2059 698 2107 Que
719 2073 784 2099 res
808 2058 963 2112 Magno
988 2057 1178 2112 proxima
1201 2061 1324 2098 nocte
1346 2057 1516 2110 nauigio

79 2115 292 2158 Lubecam
324 2117 636 2172 proficiscendi,
669 2116 853 2171 indeque
884 2115 1061 2157 Henrici
1094 2114 1411 2156 contubernium
1445 2128 1517 2156 ex-

79 2174 251 2228 petendi
272 2188 442 2218 causam
465 2175 660 2230 prestitit.
705 2175 869 2216 Eodem
884 2174 1037 2215 nuncio
1062 2172 1257 2214 Kanutus
1275 2177 1317 2213 et
1340 2171 1515 2213 Carolus

79 2245 155 2286 per
193 2231 485 2275 Benedictum
510 2238 707 2288 accepto,
746 2233 872 2274 tacite
914 2231 1160 2287 Ripensium
1200 2231 1303 2271 urbe
1344 2230 1515 2281 egressi,

81 2303 306 2332 conscensa
338 2290 450 2345 apud
471 2290 758 2332 Randrusium
790 2304 913 2344 naue,
936 2288 1168 2344 prefectum
1194 2288 1347 2330 Gothie
1370 2287 1518 2340 Birge-

77 2361 167 2387 rum
210 2349 535 2403 propinquitatis
577 2348 730 2389 fiducia
773 2348 976 2402 petinere.
1038 2345 1159 2389 Adeo
1201 2346 1291 2386 illos
1333 2345 1515 2398 maligne

79 2406 336 2447 consciencie
390 2407 454 2448 uis
501 2407 726 2448 securitate
774 2405 963 2447 defectos
1009 2404 1147 2446 subito
1194 2417 1352 2458 pauore
1400 2403 1517 2457 quati

80 2460 226 2518 coegit.
303 2463 494 2512 Quorum
539 2464 850 2519 profeccionem
898 2462 1113 2514 Eskillus,
1157 2467 1244 2502 tum
1288 2462 1514 2516 propriam,

78 2523 166 2561 tum
198 2526 400 2576 nepotum
432 2522 646 2563 fortunam
678 2520 958 2562 miserabilius
989 2524 1186 2574 questus,
1217 2518 1376 2559 infinite
1408 2518 1515 2570 egri-

77 2577 234 2619 tudinis
276 2580 472 2621 molestia
511 2579 859 2634 prosequebatur.
931 2578 997 2619 Ob
1039 2577 1154 2618 cuius
1187 2575 1515 2627 magnitudinem

76 2635 219 2691 lingue
250 2636 468 2679 debilitate
513 2642 753 2691 contracta,
787 2650 934 2691 parum
976 2634 1134 2676 uocalis
1164 2634 1311 2676 euasit.
1380 2633 1514 2681 Quem

1559 736 1762 766 chxxxnb

1577 1382 1605 1406 p.
1621 1373 1675 1400 903
