1884 3126
85 931 119 957 10

88 1223 119 1249 15

83 1515 120 1542 ‘20

84 1802 121 1829 ‘25

84 2098 121 2126 30

88 2387 123 2414 35

88 2679 124 2708 40

716 286 765 291 —
826 262 944 304 XIII
1007 287 1058 293 —
1526 262 1609 303 425

153 391 481 434 beneficenciam
514 392 759 449 sperabam,
790 392 1134 447 indignacionem
1166 392 1391 448 experiar?
1452 390 1610 434 Aliena

154 464 178 490 a
216 456 257 490 te
299 450 351 490 sit
374 451 389 504 Η
412 452 566 506 ingrati
614 450 691 492 hec
737 451 866 492 animi
911 451 1053 502 labes,
1100 457 1146 492 ut
1195 465 1372 506 operum
1418 465 1608 492 meorum

155 509 369 550 beneficiis
402 510 563 552 inuidia
595 513 721 565 atque
755 509 1067 551 obtrectacione
1109 509 1385 566 respondeas.
1446 509 1608 550 Verum

154 572 288 608 totam
322 567 433 609 hanc
463 568 795 610 insimulacionis
826 568 925 618 uim,
957 568 1009 609 ab
1041 567 1201 610 inuidia
1234 567 1491 623 profectam,
1523 582 1608 609 non

152 630 238 676 tue,
272 625 345 666 sed
379 632 550 667 tuorum
592 626 847 678 malignitati
881 626 1170 681 imputandam
1206 626 1415 668 existimo
1479 626 1538 667 At
1569 626 1609 667 in

155 685 274 738 regni
309 683 480 739 fastigio
515 684 748 726 collocatos
781 683 976 725 difficiles
1008 685 1325 726 accusatoribus
1358 698 1485 726 aures
1517 698 1611 739 pre-

156 742 256 783 bere
291 742 503 784 conuenit.
565 741 652 783 Diu
693 747 919 798 paternum
959 743 1042 783 hoc
1074 744 1296 799 imperium
1330 757 1447 797 gere,
1478 742 1611 784 felici-

154 806 307 855 terque
349 805 390 842 et
430 801 611 842 nominis
651 807 694 842 et
735 801 851 854 regni
898 801 1133 856 insignibus
1181 806 1317 844 utere.
1390 800 1611 857 Heredem

154 858 242 908 tibi,
277 873 402 915 quem
434 866 583 900 natura
617 859 746 906 dedit,
779 859 953 901 fortuna
985 860 1194 902 conciliet.
1255 859 1350 914 Ego
1394 874 1523 911 uero,
1568 860 1611 900 in

152 931 408 973 quocunque
439 932 506 958 me
537 917 709 959 fortune
740 918 890 959 habitu
923 918 1197 969 continuem,
1238 932 1469 974 numquam
1493 918 1610 959 celsi-v

154 975 344 1016 tudinem
376 980 492 1018 tuam
526 976 608 1017 fide
642 977 711 1018 uel
744 977 950 1032 obsequio
985 977 1123 1018 colere
1157 976 1458 1032 supersedebo.

291 1034 539 1076 Permulsus
581 1035 780 1076 oracione
823 1049 921 1087 reX‚
963 1035 1240 1091 placidiorem
1291 1035 1373 1077 oris
1417 1034 1609 1076 habitum

152 1092 343 1137 induens,
378 1092 581 1134 offensam
614 1093 721 1134 falso
754 1094 954 1135 instinctu
978 1100 1223 1149 conceptam
1247 1093 1287 1134 in
1321 1094 1412 1149 ipsa
1434 1096 1611 1148 repente

154 1150 359 1192 concione
392 1151 602 1206 deposuit,
636 1158 863 1194 execratus
906 1166 1000 1205 eos,
1044 1153 1115 1206 qui
1159 1152 1473 1207 simplicitatem
1520 1152 1610 1193 eius

151 1209 385 1251 scurriliter
407 1215 702 1261 attentassent,
726 1215 857 1266 seq'ue
880 1210 1078 1266 deinceps
1101 1211 1329 1252 aduersum
1353 1211 1478 1251 huius
1496 1209 1612 1251 modi

154 1268 500 1309 criminacionum
522 1283 719 1310 susurros
740 1283 864 1310 aures
889 1270 1186 1311 obseraturum
1209 1270 1432 1324 promittit.
1484 1267 1610 1310 Cum—

155 1340 238 1381 que
281 1325 494 1368 Henricus
539 1341 708 1368 omnem
751 1328 1074 1369 olitroctacionis
1118 1342 1194 1369 sue
1234 1327 1389 1369 molem
1427 1326 1612 1381 pruden-

152 1385 314 1425 tissima
336 1383 500 1426 Kanuti
532 1386 807 1441 responsione
840 1387 1090 1428 subuersam
1124 1385 1301 1435 uideret,
1333 1386 1611 1427 familiaribus

152 1456 297 1496 regem
340 1444 461 1485 minis
502 1443 770 1498 aggreditur,
813 1459 978 1486 summa
1020 1445 1138 1485 illum
1173 1445 1292 1499 regni
1337 1444 1612 1486 affectacione

152 1502 288 1542 teneri
318 1501 536 1557 inquiens,
577 1503 868 1558 incertamque
899 1503 1058 1558 Magno
1100 1503 1219 1558 regni
1250 1503 1509 1558 poticionem
1548 1501 1612 1543 fu-

155 1563 308 1612 turam,
342 1560 375 1600 si
409 1561 568 1616 populo
599 1561 737 1602 iudice
770 1561 823 1602 de
856 1576 1021 1603 summa
1044 1575 1188 1603 secum
1222 1561 1333 1603 foret
1364 1565 1611 1603 controuer-

156 1619 258 1659 siam
292 1618 528 1660 habiturus.
593 1619 762 1674 Quippe
793 1619 1014 1661 Kanutum
1048 1624 1191 1661 cetere
1236 1620 1444 1662 nobilium
1476 1616 1610 1674 tui-bel

154 1676 421 1731 popularium
468 1677 678 1732 suffragiis
723 1678 1035 1733 preferendum.
1113 1678 1407 1727 Quamobrem
1455 1678 1611 1720 debere

156 1739 319 1789 patrem
351 1736 629 1777 successionis
673 1736 736 1777 ius
767 1737 939 1792 proprio
973 1737 1122 1791 pocius
1154 1751 1279 1792 quam
1322 1737 1460 1778 alieno
1494 1750 1611 1777 man-

154 1794 255 1834 dare
298 1792 481 1846 iudicio,
526 1794 871 1850 destinatumque
913 1795 1057 1836 heredi
1097 1795 1238 1836 locum
1283 1795 1424 1836 emulo
1457 1808 1612 1836 uacue-

153 1850 306 1904 facere,
341 1852 439 1892 dum
473 1851 545 1892 filii
579 1853 706 1893 rebus
739 1854 981 1894 consultum
1004 1867 1096 1895 esse
1120 1854 1237 1895 uelit.
1285 1853 1438 1909 Itaque
1460 1867 1611 1908 sapere

155 1923 273 1952 eum.
306 1909 338 1950 si
371 1916 613 1964 suspectam
644 1910 807 1952 Kanuti
850 1911 1066 1953 fortunam
1097 1911 1211 1954 ferro
1244 1926 1493 1967 precurrere
1525 1916 1611 1952 stu-

155 1967 266 2009 deat.
328 1967 398 2008 He
430 1982 560 2009 uoces
592 1969 737 2023 sepius
768 1970 956 2011 lacessiti
988 1971 1102 2025 regis
1135 1970 1333 2020 animum,
1365 1969 1611 2012 sollicitudi-

154 2025 277 2067 nibus
300 2026 578 2080 implicatum,
602 2027 803 2081 grauiori,
827 2042 951 2083 quam
977 2034 1090 2081 ante,
1113 2029 1355 2084 suspicione
1376 2033 1609 2070 torserunt.

293 2083 413 2125 Tunc
455 2084 660 2140 Magnus,
708 2086 884 2140 perinde
931 2101 978 2128 ac
1020 2087 1193 2129 fortune
1239 2101 1316 2129 sue
1365 2085 1612 2129 consulendi

154 2141 418 2197 tollendique
451 2143 579 2184 emuli
612 2158 635 2183 a
668 2149 789 2198 patre
820 2144 1038 2186 licenciam
1071 2150 1233 2195 nactus,
1267 2146 1438 2199 accitos,
1472 2145 1542 2200 qui
1564 2159 1609 2187 se

155 2201 352 2255 superius
383 2200 573 2243 Hernico
607 2202 896 2244 scelestissimi
929 2203 1092 2245 consilii
1125 2204 1305 2258 collegio
1328 2203 1610 2255 sociauerant,

154 2258 293 2299 iurare
318 2259 470 2312 coegit,
493 2259 622 2301 fidum
640 2275 687 2303 se
712 2261 924 2303 commissi
947 2262 1168 2303 silencium
1189 2266 1371 2304 acturos.
1405 2261 1610 2303 Adiectus

158 2319 223 2358 est
253 2317 316 2357 his
343 2316 579 2372 Haquinus.
613 2320 865 2370 cognomine
898 2324 939 2360 et
970 2333 1126 2374 genere
1158 2320 1294 2362 Iutus.
1341 2318 1492 2375 Neque
1514 2321 1610 2362 uoci

156 2375 247 2416 eius
280 2375 365 2416 ulla
399 2389 452 2415 ex
477 2381 595 2430 parte
619 2376 806 2418 diffisum
841 2382 916 2431 est,
950 2391 1191 2433 quanquam
1225 2378 1386 2420 Kanuti
1419 2392 1609 2420 sororem

154 2433 212 2474 in‘
240 2433 507 2475 matrimonio
550 2434 707 2478 habere
750 2440 1037 2478 nosceretur.-
1083 2436 1221 2491 Igitur
1262 2436 1493 2484 coniurati,
1537 2435 1610 2478 diu

155 2505 298 2532 secum
341 2491 556 2547 taciteque
597 2493 850 2545 lustrantes,
897 2494 1051 2550 quibus
1095 2495 1381 2548 periculorum
1412 2494 1610 2549 procellis

158 2562 298 2603 quoue
339 2549 463 2590 exicii
504 2550 694 2605 pondere
735 2551 927 2593 diuinum
974 2551 1142 2594 Kanuti·
1187 2557 1318 2608 caput
1367 2552 1608 2605 obruerent,

158 2607 346 2662 pestiferi
388 2608 547 2649 consilii
591 2608 767 2664 laqueos
812 2609 928 2651 humi
972 2610 1221 2653 decubando
1267 2609 1511 2661 nectebant,
1550 2615 1609 2664 ut,

157 2666 191 2710 si
222 2679 308 2707 rem
344 2679 444 2709 casu
470 2666 612 2721 detegi
633 2668 899 2723 contigisset,
928 2683 1159 2724 numquam
1183 2667 1334 2711 stando
1359 2668 1610 2711 sedendoue

1664 457 1757 491 (238)

1666 1693 1695 1718 p.
1715 1685 1766 1711 636
