1884 3126
256 843 291 870 10

262 1128 293 1154 15

253 1419 290 1446 ‘20

254 1704 289 1732 25

256 1995 293 2023 30

254 2284 270 2310 3
275 2285 291 2311 5

257 2571 293 2598 40

321 188 404 228 456
858 208 914 213 -
972 182 1110 224 XIIII
1171 207 1222 213 —-

323 314 506 355 recreari
551 312 835 367 permitteret,
883 308 1166 361 Sialandiam,
1215 313 1300 350 tam
1347 307 1424 349 sibi
1473 322 1597 362 quam
1634 308 1761 349 hosti

325 371 498 412 diuidua
529 384 609 425 ope
640 368 900 417 familiarem,
923 366 1028 407 Iutis
1059 368 1261 422 precipue
1281 366 1414 407 fretus
1448 365 1695 420 ingreditur,
1724 366 1762 407 ei

325 428 588 481 potissimum
614 440 822 468 cessuram
846 429 975 477 ratus,
1007 438 1032 464 a
1053 438 1134 479 quo
1157 425 1338 479 primum
1362 428 1567 478 occupata
1596 422 1757 466 fuisset.

324 486 408 527 Vbi
440 488 668 539 comperto,
695 482 959 524 Roskildiam
992 481 1260 536 de<s>ciuisse
1287 485 1515 535 portasque
1548 481 1645 534 sibi,
1679 481 1761 522 Eb-

324 545 434 585 bone
464 543 550 583 filio
576 541 831 582 Skialmonis
854 543 1039 592 auctore,
1064 539 1278 590 clausisse,
1300 538 1511 580 Sunonem
1538 539 1759 593 quendam,

324 602 413 643 sola
444 600 702 654 loquacitate
733 598 960 651 insignem,
994 611 1071 638 nec
1103 602 1187 638 tam
1222 597 1393 638 consilio
1425 610 1604 650 gnarum
1635 611 1761 652 quam

324 672 521 700 amenum
556 657 737 711 eloquio,
769 656 840 710 qui
872 669 963 696 eam
995 655 1044 695 ad
1079 654 1342 695 dedicionem
1377 654 1637 707 hortaretur,
1670 669 1762 709 pre-

324 715 463 757 mittit.
533 714 575 755 Is
618 729 714 755 cum
735 723 745 765 ,ι
774 712 826 753 ad
868 713 1069 767 oppidum
1113 712 1403 766 peruenisset,
1444 713 1622 766 primum
1666 719 1763 754 ante

324 773 481 814 uallum
526 773 682 812 lasciue
731 774 772 812 et
818 769 1035 811 discursim
1078 770 1351 823 obequitans,
1399 784 1497 811 mox
1541 770 1764 825 compositi

322 831 586 872 uolubilitatc
627 828 831 870 sermonis
871 828 1200 883 propugnaculis
1241 828 1480 869 insistentes
1523 839 1793 882 aggressus,'

324 888 554 943 legacionis
605 886 805 927 mandata
848 885 1069 927 facundius
1117 899 1243 939 quam
1294 884 1458 926 felicius
1509 887 1762 941 explicabat.

326 946 461 993 Quem
504 945 627 986 Ebbo
669 944 721 984 de
762 944 967 985 industria
1012 943 1175 984 blandis
1217 957 1265 983 ac
1307 943 1475 985 mitibus
1518 945 1659 986 uerbis
1692 959 1763 986 ex-

326 1004 496 1058 cipiens,
531 1002 690 1043 emissis
722 1001 950 1043 dedicionis
982 1001 1256 1042 simulacione
1286 1001 1523 1053 iuuenibus,
1555 1003 1763 1057 prenden-

326 1062 423 1102 dum
466 1060 641 1102 curauit.
705 1059 894 1106 Quorum
936 1073 1042 1100 unus
1086 1059 1289 1114 paulatim
1331 1060 1368 1100 ei
1410 1060 1579 1114 propior
1611 1060 1763 1114 factus,

323 1120 389 1160 ius
434 1118 540 1159 freni
587 1117 819 1159 uiolencius
862 1121 1061 1171 occupat,
1106 1117 1338 1171 ceterisque
1380 1132 1534 1172 equum
1577 1133 1601 1158 a
1643 1124 1762 1174 tergo

324 1176 612 1231 pulsantibus,
652 1180 819 1230 captum
861 1175 1022 1215 ciuibus
1066 1174 1243 1228 ligatum
1290 1174 1475 1217 adducit.
1545 1176 1586 1216 Is
1626 1177 1762 1231 primo

325 1233 574 1288 compedum
615 1247 723 1288 pena
775 1233 1004 1283 coercitus,
1051 1237 1149 1286 post
1196 1232 1388 1285 modum,
1442 1235 1764 1288 superueniente

325 1291 546 1344 Suenone,
596 1290 822 1331 luminibus
874 1290 1101 1345 spoliatus,
1162 1290 1398 1344 improuide
1450 1290 1763 1335 exhortacionis

324 1363 453 1404 penas
498 1348 712 1404 pependit.
789 1347 884 1389 Hec
931 1347 1107 1389 audiens
1151 1347 1350 1388 Kanutus
1397 1349 1603 1403 pociende
1649 1351 1762 1392 urbis

322 1406 560 1448 diffidencia
605 1406 646 1446 in
689 1406 843 1447 Iutiam
889 1406 1087 1454 reuertit,
1134 1410 1264 1460 utque
1304 1419 1443 1447 rerum
1485 1408 1764 1449 commoditas

323 1464 455 1517 affuit,
488 1463 747 1505 Sialandiam
778 1479 852 1518 spe
884 1463 1118 1518 repat-ande
1150 1463 1320 1504 fortune
1352 1468 1490 1519 parte,
1524 1479 1606 1519 qua
1637 1467 1763 1507 maris

324 1522 577 1563 anfractibus
623 1522 881 1574 interluitur,
928 1522 1186 1576 inopinatam
1237 1521 1431 1575 intrauit,
1482 1523 1762 1577 improuidam

324 1593 490 1635 quoque
513 1579 781 1620 Roskildiam
804 1580 931 1634 capit,
955 1583 996 1619 et
1018 1584 1195 1634 penates
1217 1578 1404 1622 Ebbonis
1442 1580 1492 1620 ad
1522 1579 1762 1623 Suenonem

323 1637 456 1692 elapsi
478 1637 675 1678 incendio
700 1636 840 1679 diruit.
887 1636 1088 1678 Vnde-ne
1112 1638 1394 1691 impensarum
1417 1638 1558 1692 inopia
1580 1643 1763 1681 arctatus

322 1694 580 1747 discederet,
613 1694 783 1749 publico
826 1694 1035 1750 stipendio
1069 1695 1367 1736 alimentorum
1405 1696 1443 1736 ei
1474 1696 1662 1738 subsidia
1694 1697 1764 1738 de-

324 1756 567 1795 cernuntur.
629 1752 713 1793 Par
746 1752 1042 1794 Scaniensibus
1074 1753 1182 1794 circa
1214 1753 1456 1795 Suenonem
1497 1753 1675 1796 affectus
1705 1755 1764 1796 in-

325 1814 520 1852 cesserat.
584 1809 650 1850 Ne
672 1810 796 1864 enim,
819 1811 990 1852 labente
1013 1815 1196 1865 sumptu,
1223 1811 1355 1852 ueluti
1379 1812 1566 1853 ciborum
1589 1814 1765 1868 penuria

324 1867 506 1909 afflictus
538 1882 655 1909 arma
688 1868 884 1910 deserere
917 1873 1164 1923 cogeretur,
1196 1869 1364 1924 publice
1396 1883 1493 1910 eum
1525 1871 1763 1913 collacionis

324 1923 628 1967 commeatibus
658 1931 987 1981 prosequuntur.
1048 1925 1185 1967 Tanta
1215 1927 1326 1967 inter
1347 1933 1492 1982 partes
1524 1928 1689 1970 uirtutis
1722 1933 1763 1969 et

324 1983 455 2038 glorie
497 1984 702 2024 emulacio
745 1983 837 2025 fuit.
899 1984 1071 2025 Interea
1112 1984 1358 2025 nobilissimi
1401 1985 1590 2027 Iutorum
1635 1991 1675 2027 et
1720 1986 1761 2027 in

324 2041 448 2082 rebus
495 2041 655 2082 bellicis
701 2041 902 2094 singulari
947 2039 1097 2082 milicie
1140 2042 1265 2084 laude
1313 2043 1548 2097 conspicui,
1599 2043 1762 2086 duabus

326 2098 567 2140 Suenonem
589 2099 802 2141 liburnicis
823 2100 1078 2154 petiuerunt.
1119 2100 1309 2147 Quorum
1333 2101 1489 2143 uiribus
1512 2102 1761 2152 succinctus,

326 2161 545 2211 assumpto
577 2155 752 2210 Eskillo,
786 2171 957 2199 manum
989 2157 1028 2198 in
1062 2157 1320 2199 Sialandiam
1351 2159 1529 2212 traiecit,
1561 2173 1610 2201 ac
1630 2172 1763 2214 prope

326 2213 558 2256 Thorstam'
594 2215 735 2255 uicum
776 2215 887 2256 bello
929 2229 1022 2255 cum
1064 2214 1237 2257 Kanuto
1270 2217 1494 2257 concurrit.
1556 2217 1661 2266 Vbi,
1701 2217 1762 2257 in-

325 2272 482 2313 clinata
514 2286 685 2313 suorum
718 2272 822 2326 acie,
855 2272 1110 2314 timidiorum
1140 2273 1285 2328 fugam
1316 2278 1507 2326 secutus,
1539 2274 1761 2316 forciorum

323 2330 502 2372 uictoria
533 2334 761 2371 reuocatur
791 2334 846 2383 et,
879 2330 977 2371 dum
1001 2330 1110 2371 uinci
1132 2331 1322 2383 credidit,
1354 2332 1487 2372 uictor
1518 2332 1761 2387 repentinus

325 2387 474 2430 euasit.
536 2386 754 2428 Kanutum
785 2401 886 2430 uero
917 2389 1003 2442 sui,
1036 2388 1125 2429 siue
1158 2388 1272 2443 quod
1302 2392 1446 2430 tenera
1479 2388 1618 2430 adhuc
1649 2394 1760 2431 etate

323 2449 459 2499 esset,
502 2445 590 2486 siue
633 2446 731 2499 quia
762 2445 860 2487 belli
892 2460 985 2487 eum
1017 2445 1233 2500 implicare
1265 2446 1460 2501 periculis
1491 2447 1674 2500 nollent,
1719 2448 1760 2488 in

325 2503 457 2544 aciem
491 2502 748 2545 descendere
778 2503 892 2557 passi
923 2517 1004 2545 non
1036 2509 1146 2555 sunt,
1178 2518 1254 2559 pro
1287 2504 1393 2544 duce
1423 2518 1567 2559 pugne
1598 2510 1759 2561 specta-

324 2563 459 2602 torem
483 2598 486 2604 ,
507 2560 715 2626 effectum.
793 2560 1027 2603 Interiectis
1074 2561 1243 2615 diebus,
1291 2561 1613 2614 Waldemarus‚
1641 2563 1647 2616 1
1675 2562 1761 2604 diui

689 2628 708 2691 xxi
