1884 3126
254 908 289 934 lo

254 1196 288 1222 15

250 1484 286 1510 ‘20

249 2060 285 2087 30

250 2349 285 2376 35

251 2637 285 2664 40

326 252 409 292 426
881 267 928 274 —-
991 244 1106 286 XIII
1166 267 1219 274 --

326 376 449 418 saluti
481 375 606 430 ipsius
637 372 857 414 insidiatos
889 386 933 413 se
966 385 1070 422 esse,
1104 369 1220 412 tuto*
1250 370 1388 411 iurare
1422 368 1601 424 quirent,
1632 369 1763 425 presi·
1800 378 1884 405 (xx

327 434 475 487 dioque
517 433 619 472 situs
660 430 902 472 innocencie
949 429 1025 470 sibi
1064 429 1370 470 munimentum
1405 425 1765 481 con<s>cisoerent,

326 492 579 545 ignorantes,
602 489 830 528 uerborum
854 487 1028 528 artificio
1053 487 1331 527 iuramentum
1357 485 1554 527 edentem
1581 485 1764 540 periurio

327 548 552 588 obnoxium
594 545 698 586 fore.
761 544 949 592 Quorum
991 544 1137 585 fucosa
1170 549 1297 598 atque
1341 542 1576 584 errabunda
1608 543 1764 598 simpli-

325 606 426 646 citas
458 605 550 658 plus
584 603 766 644 criminis
798 603 839 643 in
872 602 988 643 uocis
1023 615 1147 657 quam
1176 606 1293 643 actus
1325 601 1540 655 impietate
1566 601 1765 655 reposuit,

322 675 407 702 non
439 661 479 701 in
512 675 726 712 manuum,
759 660 832 701 sed
862 660 1071 701 labiorum
1103 660 1343 699 temeritate
1375 659 1592 712 religionis
1636 658 1764 700 uiola-

323 719 486 759 cionem
529 718 800 759 constituens.
875 717 982 758 Cum
1031 722 1173 757 autem
1222 716 1446 770 Haquinus
1494 716 1614 757 lutus
1657 716 1765 770 cepti

322 775 514 817 modeste
557 776 756 817 sermonis
800 776 959 816 exitum
1004 774 1219 816 Kanutine
1253 774 1378 815 saluti
1410 773 1660 814 insidiosum
1690 773 1763 814 ad-

320 838 528 885 uerteret,
570 834 761 888 protinus
803 833 980 886 collegio
1024 847 1068 873 se
1101 832 1301 886 pestifere
1335 832 1662 886 conspiracionis
1695 831 1765 872 ab·

321 892 445 945 rupit,
477 892 764 944 conclaueque
798 892 992 943 excessit,
1025 905 1077 931 no
1108 890 1281 931 latronis
1303 890 1450 944 pocius
1474 904 1600 944 quam
1623 903 1765 930 neces-

322 949 418 989 sarii
481 954 622 1003 partes
685 949 821 1002 egisse
881 948 1110 989 uideretur.
1199 948 1337 1003 Igitur
1387 961 1411 987 a
1462 947 1765 989 coniuracionis

322 1013 518 1055 auctore,
563 1021 614 1047 ne
654 1005 921 1047 iurisiurandi
964 1006 1182 1047 uinculum
1212 1009 1526 1061 perrumperet,
1569 1005 1766 1058 monitus,

322 1077 461 1118 neque
511 1064 720 1105 fautorem
772 1064 932 1105 consilii
983 1078 1120 1118 neque
1169 1063 1427 1118 proditorem
1474 1077 1518 1104 se
1562 1062 1766 1114 futurum,

321 1121 557 1176 respondit,
590 1135 853 1176 quanquams
876 1122 990 1163 acius
1023 1126 1132 1162 esset
1154 1121 1410 1163 immerentis
1443 1120 1673 1175 periculum
1704 1121 1765 1162 in-

323 1178 430 1220 dicio
463 1193 712 1233 precurrere
745 1194 868 1233 quam
891 1180 1061 1220 silencio
1085 1180 1281 1220 tolerare.
1328 1178 1387 1219 Vt
1420 1185 1558 1220 autem
1584 1178 1764 1233 Magnus

321 1237 565 1278 insidiarum
619 1243 864 1278 contextum
923 1236 1218 1278 familiaritatis
1278 1236 1461 1291 presidio
1523 1237 1765 1278 obscuraret

322 1299 602 1350 cunctamque
637 1296 886 1349 suspicionis
918 1300 1060 1336 notam
1096 1295 1333 1336 calliditatis
1375 1294 1567 1335 acumine
1599 1295 1764 1348 uitaret,

320 1358 418 1392 ante
453 1353 591 1393 omnia
624 1353 859 1393 consultum
890 1353 1024 1404 duxit,
1056 1357 1103 1394 ut
1125 1367 1219 1394 cum
1242 1366 1305 1400 eo,
1329 1353 1446 1393 cuius
1469 1351 1762 1394 ardentissime

322 1424 512 1451 cruorem
547 1411 733 1457 siciebat,
774 1411 913 1452 fictam
957 1411 1143 1451 amicicie
1183 1411 1452 1465 equalitatem
1494 1410 1763 1451 iurisiurandi

318 1465 533 1522 paccilone
567 1474 818 1518 consereret,
851 1469 1026 1522 perinde
1049 1484 1098 1510 ac
1131 1469 1348 1523 religionis
1370 1468 1563 1522 pondere
1595 1469 1764 1523 propin-

320 1526 490 1580 quitatis
522 1526 736 1567 uinculum
770 1527 1039 1578 astricturus,
1083 1530 1146 1578 et,
1187 1531 1233 1567 ut
1265 1531 1456 1568 cunctam
1491 1526 1763 1580 malignitatis

318 1588 463 1624 notam
486 1585 722 1625 sanctitatis
745 1584 1016 1628 simulacione
1040 1588 1314 1640 precurreret,
1339 1583 1525 1639 nihilque
1556 1583 1762 1639 perfidum

319 1645 392 1681 aut
423 1641 650 1682 obscurum
682 1642 856 1683 uoluere
890 1648 1125 1697 putaretur,
1157 1642 1462 1697 iniquissimam
1494 1642 1764 1683 molicionem

319 1713 439 1739 suam
470 1699 670 1740 insidiosa
702 1701 917 1754 religionis
950 1695 1280 1741 adumbracione
1319 1700 1520 1741 contexit.
1583 1699 1763 1754 Quippe,

270 1774 281 1788 r
316 1761 534 1798 contracta
567 1758 677 1812 apud
702 1757 957 1799 Sialandiam
992 1758 1195 1799 nobilium
1220 1758 1478 1813 frequencia,
1502 1756 1763 1812 Kanutoque

320 1814 428 1854 circa
460 1815 594 1856 diuini
624 1816 772 1857 natalis
805 1817 981 1857 solenne
1012 1815 1273 1857 conuiuandi
1310 1815 1451 1870 gracia
1485 1814 1764 1870 Roskyldiam

318 1876 496 1925 uocato,
540 1887 654 1914 sacre
697 1874 774 1914 sibi
806 1874 1164 1929 peregrinacionis
1198 1887 1383 1914 amorem
1415 1873 1638 1914 incessisse
1670 1887 1763 1928 per-

320 1929 465 1972 hibuit.
537 1931 736 1973 Preterea
790 1932 975 1986 coniugis
1022 1932 1162 1986 ipsum
1211 1945 1259 1971 ac
1303 1931 1531 1972 liberorum
1583 1934 1764 1972 tutorem

320 1987 510 2041 ordinat,
555 1989 675 2044 cique
715 1990 1001 2043 plenissimam
1043 1990 1102 2031 rei
1144 1989 1360 2030 familiaris
1412 2002 1485 2030 sue
1530 1988 1764 2029 custodiam

318 2045 500 2088 mandat.
565 2046 619 2087 Et
671 2047 780 2089 forte
823 2051 924 2089 tunc
969 2047 1204 2102 Ingiburga
1254 2046 1415 2088 consilii
1459 2044 1764 2100 cognicionemf}

318 2104 582 2145 consciorum
632 2105 793 2147 indiciis
845 2105 1210 2161 apprehenderat,
1260 2105 1486 2159 statimque
1528 2105 1676 2156 uirum,
1717 2108 1764 2144 ut

318 2167 565 2216 preparatas
609 2163 733 2217 capiti
774 2177 850 2204 suo
893 2164 1050 2204 uitaret
1091 2162 1286 2216 insidias,
1326 2163 1462 2204 missis
1502 2162 1633 2203 literis
1676 2175 1762 2202 mo-

319 2219 500 2261 nendum
535 2220 708 2262 curauit.
770 2221 860 2274 Ille,
895 2221 1093 2262 nuncium
1121 2235 1204 2262 non
1245 2225 1329 2261 tam
1363 2234 1387 2260 a
1419 2219 1763 2275 deprehensionis

320 2278 571 2319 certitudine
606 2293 730 2332 quam
763 2294 786 2319 a
819 2279 1013 2320 muliebri
1044 2293 1206 2333 pauore
1228 2279 1465 2332 profectum
1501 2278 1763 2328 existimans,

318 2335 597 2377 monicionem
630 2337 805 2391 respuit,
839 2351 968 2392 seque
1001 2351 1081 2377 non
1107 2336 1243 2378 minus
1265 2336 1361 2377 fidei
1394 2336 1434 2376 in
1463 2335 1606 2390 Magni
1639 2349 1763 2390 quam

319 2394 463 2434 uxoris
495 2394 726 2449 precordiis
766 2408 972 2449 reponere
1014 2394 1133 2436 dixit.
1197 2393 1333 2441 Quem
1378 2394 1412 2434 si
1452 2392 1618 2434 fortuna
1658 2406 1764 2448 eque

319 2464 367 2490 ac
402 2452 587 2492 coniunx
629 2452 802 2493 consilio
845 2452 1056 2494 instruere
1088 2452 1315 2503 uoluisset,
1360 2451 1548 2492 obiectos
1589 2450 1764 2505 perfidie

318 2508 493 2563 laqueos
526 2510 763 2551 consulcius
786 2510 971 2563 uitasset,
1004 2524 1141 2565 neque
1171 2508 1462 2550 credulitatem
1485 2523 1603 2549 suam
1627 2509 1764 2550 aliene

321 2567 592 2620 malignitatis
626 2568 759 2609 hamis
790 2567 1086 2622 implicandam
1122 2567 1373 2622 prebuisset.

449 2624 637 2677 Interea,
670 2625 937 2681 magnatibus
960 2624 1074 2683 apud
1096 2624 1379 2683 Roskyldiam
1413 2628 1598 2682 quatuor
1628 2623 1765 2667 solen-

1817 2113 1884 2148 (232
