1884 3126
328 869 363 895 10

326 1155 361 1182 15

323 1443 360 1469 20

322 1732 357 1759 25

321 2021 359 2048 30

321 2309 357 2336 35

404 221 486 261 474
938 236 986 242 -
1049 210 1185 252 XIIII
1246 232 1299 237 -—

401 343 526 384 fratre
568 342 830 393 receptorum
875 335 1067 378 obsidum
1113 334 1268 376 fiducia
1313 347 1427 389 spem
1479 333 1611 375 libere
1657 336 1830 389 tuteque

402 398 650 440 reuersionis
681 408 951 450 presumens,
984 407 1078 434 cum
1110 392 1335 433 Hallandie
1365 404 1498 446 prope
1529 390 1694 432 modum
1732 406 1831 433 con-

401 457 505 497 finiis
537 454 790 504 accessisset,
813 466 837 492 a
860 450 1151 502 Finnensibus,
1183 449 1353 491 insidias
1377 448 1664 503 hospitalitate
1688 455 1830 504 tegen-

402 514 525 562 tibus,
558 510 748 552 conuiuio
778 513 996 563 exceptus,
1029 508 1229 548 maiorem
1263 507 1396 547 noctis
1436 510 1596 560 partem
1630 520 1831 547 commes-

399 568 634 610 sacionibus
658 567 856 608 extraxit.
903 565 1176 606 Temulencia
1199 565 1339 618 grauis
1370 564 1409 604 in
1444 564 1642 604 horreum
1663 578 1831 606 annona

400 639 580 667 uacuum
620 625 775 679 pariter
815 637 859 664 se
892 627 934 664 et
974 621 1148 663 comites
1189 621 1419 663 sobrietate
1459 625 1613 662 exutos
1644 623 1831 663 cubitum

397 684 567 737 recepit.
630 681 791 729 Quibus
823 680 977 721 alciore
999 694 1142 721 somno
1166 678 1434 733 spirantibus,
1465 678 1708 730 Finnenses,
1729 679 1831 721 foris

397 741 543 781 ualuas
576 739 774 780 obiicibus
807 739 1065 789 obserantes,
1098 737 1185 791 igni
1217 749 1407 790 sparsere
1438 740 1608 777 tectum.
1656 736 1831 792 Iamque

397 798 523 839 maior
556 797 645 837 eius
678 797 1012 850 conflagrauerat
1042 809 1163 850 pars,
1207 794 1408 849 priusque
1441 794 1539 835 edes
1578 795 1618 835 in
1650 795 1831 836 cinerem

393 868 523 909 prope
556 855 742 908 collapsa
764 853 914 906 fuerat,
942 865 1067 908 quam
1090 865 1257 904 pressos
1279 866 1394 893 mero
1419 866 1564 894 sensus
1587 852 1650 893 uis
1671 852 1832 893 ardoris

396 916 671 967 expungeret.
733 911 955 952 Postremo
998 910 1197 964 propiore
1239 910 1500 951 flammarum
1542 910 1711 952 feruore
1743 924 1832 951 cor-

395 971 515 1024 repti,
549 970 647 1010 dum
678 968 777 1009 nudi
820 968 956 1008 ualuis
1000 980 1222 1022 erumpere
1254 968 1465 1022 gestiunt,
1496 967 1730 1009 forinsecus
1763 982 1832 1009 eas

396 1027 587 1068 obclusas
619 1030 889 1080 cognoscunt.
936 1024 1127 1078 Vrgebat
1148 1026 1262 1066 intus
1284 1025 1537 1075 incendium,
1569 1025 1670 1066 foris
1702 1025 1833 1067 hostis

395 1084 567 1125 uetabat
608 1097 835 1137 egressum.
907 1082 992 1124 Sed
1039 1096 1211 1137 presens
1258 1097 1370 1137 pena
1413 1084 1627 1138 sequentis
1674 1088 1831 1124 metum

393 1143 576 1195 leuabat,
608 1141 886 1196 instantisque
922 1140 1019 1181 mali
1050 1141 1283 1195 periculum
1323 1138 1479 1194 fullturo
1513 1141 1670 1182 tristius
1704 1140 1829 1183 duce-

395 1201 532 1241 batur.
596 1199 688 1246 Quo
723 1199 881 1251 euenit,
914 1202 959 1239 ut
991 1197 1114 1251 Dani,
1146 1198 1257 1239 ferro
1290 1212 1411 1252 quam
1445 1199 1622 1239 flammis
1655 1199 1836 1254 opprimi

394 1261 681 1312 preoptantes,
716 1256 893 1298 ualidius
926 1256 1082 1298 connisi
1113 1256 1300 1310 preiecta
1332 1255 1493 1297 foribus
1525 1256 1706 1298 claustra
1736 1270 1834 1298 con-

394 1315 620 1368 uellerent,
661 1317 790 1368 utque
833 1328 959 1354 unum
1000 1314 1284 1368 periculorum
1331 1313 1592 1368 effugerent,
1640 1314 1679 1355 in
1721 1314 1833 1355 aliud

395 1386 516 1413 ruere
547 1386 630 1413 non
662 1371 916 1413 dubitarent.
977 1370 1158 1425 Egregie
1189 1371 1341 1412 indolis
1372 1372 1518 1427 pueri,
1550 1386 1652 1426 quos
1684 1371 1763 1413 sibi
1795 1372 1835 1412 in

395 1430 631 1470 clientelam
656 1428 835 1471 Karolus
859 1435 1056 1484 respectu
1078 1429 1402 1484 propinquitatis
1425 1429 1654 1482 ademerat,
1673 1430 1834 1484 absque

394 1488 517 1528 etatis
548 1487 822 1528 miseracione
853 1487 930 1528 sub
959 1489 964 1537 1,
992 1485 1098 1528 Nice
1130 1487 1263 1528 amnis
1294 1488 1495 1541 glaciem,
1540 1487 1708 1529 nudatis
1741 1501 1830 1528 cor-

391 1545 577 1600 poribus,
612 1545 884 1586 barbarorum
916 1544 1097 1585 ludibrio
1129 1545 1256 1586 mersi
1286 1545 1328 1585 in
1366 1545 1514 1586 eodem
1546 1545 1668 1586 alueo
1699 1545 1832 1586 fatum

392 1616 441 1643 ac
491 1603 697 1643 tumulum
739 1616 950 1657 recepere.
1021 1602 1089 1643 Ita
1132 1616 1363 1657 paucorum
1414 1603 1642 1657 agrestium
1685 1602 1833 1644 fraude

394 1660 575 1701 maxime
607 1660 895 1715 expedicionis
926 1661 1047 1701 labor
1079 1661 1320 1702 exinanitus
1355 1665 1432 1702 est.

529 1717 753 1759 Interiecto
786 1721 991 1773 tempore,
1023 1718 1141 1773 plebs
1168 1717 1355 1769 Scaniea,
1387 1732 1411 1759 a
1431 1717 1689 1773 principibus
1713 1717 1830 1759 dissi-

392 1773 516 1825 dens,
565 1776 766 1817 concione
812 1776 922 1817 lecta
968 1776 1010 1816 in
1049 1776 1210 1816 Arnam
1255 1776 1408 1816 uallem
1456 1780 1616 1816 armata
1657 1776 1835 1817 secessit.

393 1832 576 1880 Quocies
617 1835 726 1875 enim
768 1833 809 1873 in
858 1848 909 1875 ea
952 1834 1171 1887 prouincia
1214 1833 1497 1875 intolerabilia
1541 1833 1658 1887 uulgi
1703 1847 1834 1875 onera

392 1890 674 1944 ducebantur,
719 1890 889 1943 publica
920 1891 962 1932 ui
992 1891 1153 1932 iniuriis
1197 1891 1507 1933 occurrebatur.
1568 1890 1706 1935 Adeo,
1740 1905 1834 1932 cum

391 1947 664 1990 intolerabilis
697 1948 832 2002 plebis
864 1949 1045 1990 seruitus
1079 1948 1258 1998 ducitur,
1288 1949 1464 2003 publicis
1496 1949 1620 1990 armis
1660 1949 1832 1990 libertas

391 2006 615 2060 expetitur.
677 2005 853 2048 Veritus
888 2021 989 2062 ergo
1023 2020 1111 2059 rex,
1144 2020 1198 2048 ne
1231 2007 1265 2047 is
1296 2007 1502 2048 tumultus
1534 2006 1588 2047 ad
1611 2007 1832 2055 grauiores

390 2065 510 2117 regni
543 2068 681 2105 motus
713 2064 1058 2119 progrederetur,
1093 2063 1315 2106 coercendi
1339 2064 1427 2106 eius
1454 2062 1618 2118 gracia*
1650 2064 1702 2105 ad
1734 2064 1831 2105 Sca-

390 2121 501 2161 niam
526 2136 548 2163 e
570 2121 783 2163 Sialandia
805 2122 1031 2174 traiiciens,
1053 2122 1239 2164 militaris
1264 2137 1413 2163 manus
1432 2121 1584 2163 fiducia
1603 2121 1831 2174 agrestium

392 2179 636 2220 concionem
679 2180 866 2222 accessit.
927 2180 1105 2221 Inermis
1148 2180 1237 2234 ipse
1280 2179 1493 2235 equitibus
1536 2179 1734 2220 utebatur
1772 2193 1834 2219 ar-

390 2237 536 2289 matis,
582 2242 629 2277 ut
676 2237 759 2278 uim
808 2242 997 2280 metuere
1044 2238 1188 2292 pocius
1229 2250 1354 2291 quam
1399 2242 1562 2279 struere
1605 2237 1832 2278 uideretur.

390 2294 581 2336 Cedente
614 2294 665 2336 de
697 2294 903 2336 industria
947 2295 1106 2349 uulgo,
1139 2309 1338 2336 coronam
1370 2295 1586 2349 ingressus
1618 2295 1758 2336 multis
1794 2298 1833 2335 et

389 2352 592 2405 grauibus
625 2354 898 2406 querimoniis
922 2357 1126 2407 exceptus
1159 2357 1247 2406 est3
1280 2352 1354 2393 sed
1388 2353 1660 2407 obstrepente
1692 2352 1833 2392 multi-

390 2410 549 2451 tudinis
583 2409 787 2463 clamore,
830 2410 1085 2452 defensionis
1116 2414 1371 2465 potestatem
1415 2410 1637 2452 dicendine
1669 2410 1831 2464 copiam

390 2468 620 2521 impetrare
673 2468 877 2523 nequiuit.
953 2468 1196 2523 Flagitandi
1241 2468 1400 2509 silencii
1444 2468 1587 2522 gracia
1637 2467 1831 2508 dextram

393 2525 520 2579 uulgo
565 2524 802 2567 obtendens
845 2525 1016 2567 crebros
1060 2526 1248 2579 lapidum
1289 2526 1423 2567 iactus
1465 2525 1646 2580 excepit.
1706 2523 1830 2566 Adeo

326 2594 361 2622 40
393 2583 746 2626 consternacionis
778 2582 895 2628 furor
926 2583 968 2625 in
1000 2587 1290 2641 contemptum
1320 2583 1551 2626 maiestatis
1599 2585 1831 2627 exarserat.
