1884 3126
204 901 238 928 10

207 1192 237 1218 15

203 2062 240 2088 30

202 2348 238 2374 35

274 238 355 282 162
860 238 1128 282 —V—

270 365 519 408 mulandum
534 365 639 408 fore.
666 364 830 408 Tantus
849 366 963 408 enim
979 368 1194 409 societatis
1214 380 1363 409 eorum
1380 371 1510 423 atque
1530 368 1718 410 amicicie

271 426 395 479 uigor
421 424 630 476 exstabat,
662 427 709 465 ut
730 428 892 477 neuter,
914 425 1049 468 altero
1070 424 1168 467 fatis
1191 426 1431 481 absumpto,
1463 426 1601 468 lucem
1622 440 1719 482 pro-

270 497 424 538 rogare
456 486 675 524 statueret.

408 541 515 582 Post
546 540 627 582 hec
657 540 841 591 Frotho,
875 541 1060 582 omnium
1092 541 1379 583 subiectarum
1411 541 1490 583 sibi
1522 542 1718 596 gencium

268 613 396 640 manu
430 601 668 652 contracta,
714 598 848 640 classe
881 598 1142 654 Noruagiam
1174 600 1304 654 petit,
1345 599 1471 641 Erico
1504 605 1716 641 terrenum

270 671 419 711 agmen
455 656 630 699 ductare
663 657 794 698 iusso.
843 656 1043 698 Humane
1076 656 1282 712 siquidem
1316 657 1557 712 cupiditatis
1587 671 1717 711 more,

271 730 354 770 quo
387 716 509 769 plura
548 714 818 769 possederat,
861 715 956 770 plus
998 714 1222 768 affectans,
1264 716 1395 757 eciam
1437 716 1718 757 uastissimam

271 778 397 828 atque
431 773 761 814 horridissimam
796 773 906 814 orbis
940 777 1146 814 terrarum
1177 778 1343 828 partem
1374 774 1426 814 ab
1457 773 1539 815 hoc
1571 774 1718 815 iniurie

271 845 430 885 genere
470 831 719 872 intentatam
759 831 941 873 existere
979 844 1125 885 passus
1167 845 1250 872 non
1295 835 1371 873 est.
1432 830 1555 873 Adeo
1589 845 1717 886 opum

269 889 455 930 accessio
504 888 696 929 auiditati
741 889 1045 930 incrementum
1091 889 1243 931 afferre
1287 890 1520 931 consueuit.
1582 889 1718 943 Igitur

268 946 603 1001 Noruagienses,
646 946 811 988 abiecta
854 945 1112 988 defensionis
1152 961 1247 1002 spe,
1288 947 1523 989 rebellandi
1563 947 1717 988 fiducia

270 1004 440 1051 defecti,
471 1005 512 1045 in
547 1004 733 1058 Halogie
766 1005 868 1045 fines
901 1005 1062 1046 maiore
1098 1019 1151 1045 ex
1181 1008 1302 1060 parte
1333 1005 1560 1060 profugere
1593 1019 1717 1060 cepe-

270 1067 380 1105 runt.
424 1062 560 1103 Stikla
592 1076 759 1117 quoque
790 1063 911 1116 uirgo
945 1062 1155 1104 seruande
1186 1063 1391 1104 castitatis
1424 1076 1552 1105 causa
1582 1063 1718 1118 patrie

271 1135 316 1162 sc
347 1120 564 1172 subduxit,
599 1120 718 1161 bellis
751 1134 877 1175 quam
908 1121 1071 1175 nupciis
1105 1121 1295 1161 exerceri
1328 1126 1570 1176 preoptans.

410 1178 528 1220 Inter
558 1178 637 1220 hec
668 1178 845 1219 Asuitus
876 1180 1022 1220 morbo
1067 1182 1364 1234 consumptus,
1407 1193 1501 1220 cum
1535 1193 1638 1221 cane
1670 1192 1718 1220 ac

271 1250 381 1291 equo
423 1240 591 1278 terreno
636 1235 862 1277 mandatur
908 1240 1044 1277 antro.
1107 1236 1213 1278 Cum
1254 1250 1335 1291 quo
1374 1236 1621 1279 Asmundus
1663 1237 1716 1277 ob

270 1294 460 1336 amicicie
481 1294 771 1336 iusiurandum
791 1295 918 1335 uiuus
940 1294 1223 1335 contumulari
1253 1294 1460 1345 sustinuit,
1493 1295 1599 1348 cibo,
1633 1307 1716 1350 quo

268 1355 529 1405 uesceretur,
560 1353 693 1394 illato.
746 1352 922 1407 Iamque
954 1351 1118 1405 Ericus,
1150 1366 1245 1393 cum
1277 1353 1467 1394 exercitu
1499 1353 1718 1408 superiora
1764 1388 1767 1391 .

269 1423 536 1465 permensus,
570 1410 710 1452 Asuiti
738 1409 847 1452 forte
880 1411 1087 1451 tumulum
1134 1411 1383 1465 appetebat,
1429 1411 1495 1452 cui
1527 1411 1717 1453 Sueones

201 1482 217 1508 ‘2
269 1469 493 1509 thesauros
527 1469 661 1509 inesse
694 1468 785 1519 rati,
819 1468 1031 1522 ligonibus
1062 1468 1308 1523 perfregere
1339 1469 1503 1511 collem.
1566 1469 1715 1524 Itaque

270 1526 450 1577 maioris,
482 1540 609 1581 quam
642 1525 916 1578 credebatur,
964 1526 1197 1567 altitudinis
1229 1539 1402 1581 specum
1434 1527 1586 1582 aperiri
1620 1541 1715 1568 con-

269 1585 464 1640 spiciunt.
507 1583 574 1624 Ad
607 1598 731 1639 quem
763 1584 1106 1642 perlustrandum
1143 1598 1249 1640 opus
1281 1588 1371 1625 erat
1405 1597 1467 1638 eo,
1501 1585 1571 1639 qui
1603 1599 1648 1626 se
1674 1585 1715 1625 in

269 1643 383 1683 illum
431 1642 616 1697 pendulo
665 1642 1000 1696 circumligatum
1047 1641 1149 1683 fune
1196 1642 1450 1685 demitteret,
1514 1643 1715 1684 Delectus

270 1704 334 1742 est
379 1704 493 1741 sorte
533 1714 584 1741 ex
627 1700 951 1755 promptissimis
996 1700 1223 1741 iuuenibus
1270 1714 1399 1752 unus3
1446 1714 1574 1755 quem
1621 1714 1715 1741 cum

270 1758 512 1800 Asmundus
555 1762 699 1813 sporta
739 1759 883 1800 restim
924 1764 1127 1813 sequente
1168 1758 1454 1800 intromissum
1494 1759 1715 1813 aspiceret,

270 1816 482 1872 protinus,
524 1816 658 1858 eiecto
693 1829 762 1868 eo,
807 1816 976 1857 corbem
1010 1816 1269 1859 conscendit.
1330 1815 1499 1858 Deinde
1531 1830 1714 1871 superne

269 1874 505 1916 astantibus
561 1888 610 1915 ac
657 1874 974 1915 moderantibus
1030 1874 1195 1927 funem,
1237 1873 1510 1915 abstrahendi
1551 1875 1715 1928 signum

269 1933 472 1988 porrexit.
536 1932 639 1984 Qui,
679 1931 859 1987 ingentis
891 1930 1082 1987 pelcunie
1113 1946 1188 1987 spe
1219 1931 1394 1973 reducto
1428 1932 1579 1985 corbe,
1619 1947 1713 1974 cum

270 1993 460 2045 ignotam
503 1990 682 2031 extracti
713 1990 893 2046 speciem
927 1990 1334 2043 animaduerterent,
1375 1990 1577 2031 inusitata
1608 1990 1717 2031 facie

269 2048 416 2100 territi,
450 2047 783 2103 defunctumque
815 2048 974 2090 redisse
1004 2049 1097 2102 rati,
1130 2048 1319 2103 proiecta
1349 2052 1461 2089 reste
1483 2048 1523 2089 in
1547 2048 1717 2090 diuersa

269 2106 431 2161 fugere.
494 2105 661 2161 Quippe
703 2105 950 2147 Asmundus
1004 2110 1114 2148 tetro
1162 2106 1244 2146 oris
1290 2105 1438 2147 habitu
1494 2119 1542 2147 ac
1583 2106 1713 2148 ueluti

269 2164 437 2205 funebri
483 2163 667 2218 quodam
713 2164 812 2205 tabo
862 2164 1025 2205 obsitus
1071 2163 1312 2205 uidebatur.
1375 2161 1458 2212 Qui
1503 2163 1714 2217 fugientes

270 2235 472 2263 reuocare
496 2226 683 2272 conatus,
708 2221 928 2262 uociferari
951 2222 1074 2277 cepit,
1096 2221 1203 2262 falso
1223 2235 1292 2263 eos
1309 2220 1537 2262 formidare
1554 2221 1713 2264 uiuum.

272 2279 411 2327 Quem
434 2279 584 2321 uidens
600 2279 765 2332 Ericus,
797 2279 1000 2335 precipue
1023 2280 1230 2321 cruentati
1253 2279 1336 2319 oris
1369 2279 1456 2320 eius
1487 2279 1713 2334 imaginem

268 2338 514 2380 mirabatur.
566 2337 616 2378 In
649 2338 771 2378 uultu
804 2337 1011 2392 siquidem
1041 2338 1231 2393 profluus
1263 2337 1496 2378 ssemicabat
1525 2338 1711 2391 sanguis

272 2395 441 2450 Quippe
473 2395 667 2448 Asuitus,
704 2395 898 2436 noctibus
944 2395 1179 2447 rediuiuus,
1224 2395 1369 2436 crebra
1411 2394 1715 2436 colluctacione

270 2454 411 2495 leuam
444 2454 503 2494 illi
535 2466 679 2494 aurem
712 2451 961 2508 abruperat,
1005 2452 1234 2508 fedumque
1267 2452 1475 2507 indigeste
1506 2466 1555 2493 ac
1585 2452 1714 2494 crude

273 2511 477 2552 cicatricis
510 2511 800 2566 spectaculum
831 2510 1077 2566 apparebat.
1138 2510 1275 2564 Igitur
1307 2524 1330 2551 a
1363 2510 1714 2552 circunstantibus

272 2569 434 2624 accepti
465 2569 652 2610 uulneris
685 2579 854 2610 causam
888 2569 1044 2610 referre
1076 2569 1234 2622 iussus,
1278 2568 1336 2609 sic
1368 2582 1487 2610 orsus
1522 2571 1584 2610 est
1616 2567 1713 2609 fari:

1769 1948 1786 1972 p
1814 1939 1865 1966 245

1751 2343 1876 2372 XLIXb
