<?xml version="1.0" encoding="UTF-8"?>
<!DOCTYPE html PUBLIC "-//W3C//DTD XHTML 1.0 Transitional//EN"
    "http://www.w3.org/TR/xhtml1/DTD/xhtml1-transitional.dtd">
<html xmlns="http://www.w3.org/1999/xhtml" xml:lang="en" lang="en">
 <head>
  <title>
</title>
<meta http-equiv="Content-Type" content="text/html;charset=utf-8" />
  <meta name='ocr-system' content='tesseract 3.04.00' />
  <meta name='ocr-capabilities' content='ocr_page ocr_carea ocr_par ocr_line ocrx_word'/>
</head>
<body>
  <div class='ocr_page' id='page_1' title='image "./saxonisgrammatic00saxouoft_0170.png"; bbox 0 0 1884 3126; ppageno 0'>
   <div class='ocr_carea' id='block_1_1' title="bbox 189 910 263 937">
    <p class='ocr_par' dir='ltr' id='par_1_1' title="bbox 189 910 263 937">
     <span class='ocr_line' id='line_1_1' title="bbox 189 910 263 937; baseline 0 -1"><span class='ocrx_word' id='word_1_1' title='bbox 189 910 263 937; x_wconf 72' lang='lat'><strong>,10</strong></span> 
     </span>
    </p>
   </div>
   <div class='ocr_carea' id='block_1_2' title="bbox 231 1200 265 1226">
    <p class='ocr_par' dir='ltr' id='par_1_2' title="bbox 231 1200 265 1226">
     <span class='ocr_line' id='line_1_2' title="bbox 231 1200 265 1226; baseline 0 0"><span class='ocrx_word' id='word_1_2' title='bbox 231 1200 265 1226; x_wconf 77' lang='lat'><strong>15</strong></span> 
     </span>
    </p>
   </div>
   <div class='ocr_carea' id='block_1_3' title="bbox 231 1489 267 1514">
    <p class='ocr_par' dir='ltr' id='par_1_3' title="bbox 231 1489 267 1514">
     <span class='ocr_line' id='line_1_3' title="bbox 231 1489 267 1514; baseline -0.056 0"><span class='ocrx_word' id='word_1_3' title='bbox 231 1489 267 1514; x_wconf 66' lang='lat'><strong>:⁸0</strong></span> 
     </span>
    </p>
   </div>
   <div class='ocr_carea' id='block_1_4' title="bbox 293 247 1159 288">
    <p class='ocr_par' dir='ltr' id='par_1_4' title="bbox 293 247 1159 288">
     <span class='ocr_line' id='line_1_4' title="bbox 293 247 1159 288; baseline 0.001 -1"><span class='ocrx_word' id='word_1_4' title='bbox 293 248 345 288; x_wconf 80' lang='lat'><strong>76</strong></span> <span class='ocrx_word' id='word_1_5' title='bbox 868 273 917 278; x_wconf 94' lang='lat'><strong>—-</strong></span> <span class='ocrx_word' id='word_1_6' title='bbox 980 247 1049 288; x_wconf 88' lang='grc' dir='ltr'><strong>ΙΙΙ</strong></span> <span class='ocrx_word' id='word_1_7' title='bbox 1114 272 1159 278; x_wconf 84' lang='grc'><strong>-</strong></span> 
     </span>
    </p>
   </div>
   <div class='ocr_carea' id='block_1_5' title="bbox 292 374 1742 1242">
    <p class='ocr_par' dir='ltr' id='par_1_5' title="bbox 292 374 1741 778">
     <span class='ocr_line' id='line_1_5' title="bbox 293 374 1738 432; baseline 0 -16"><span class='ocrx_word' id='word_1_8' title='bbox 293 375 474 417; x_wconf 84' lang='lat' dir='ltr'><strong>tolerare</strong></span> <span class='ocrx_word' id='word_1_9' title='bbox 517 377 750 418; x_wconf 66' lang='lat' dir='ltr'><strong>conuictus</strong></span> <span class='ocrx_word' id='word_1_10' title='bbox 811 375 936 418; x_wconf 89' lang='lat' dir='ltr'><strong>Adeo</strong></span> <span class='ocrx_word' id='word_1_11' title='bbox 980 376 1218 432; x_wconf 83' lang='lat' dir='ltr'>plerunque</span> <span class='ocrx_word' id='word_1_12' title='bbox 1249 376 1383 417; x_wconf 89' lang='lat' dir='ltr'><strong>amica</strong></span> <span class='ocrx_word' id='word_1_13' title='bbox 1415 380 1478 417; x_wconf 87' lang='lat' dir='ltr'><strong>est</strong></span> <span class='ocrx_word' id='word_1_14' title='bbox 1510 374 1738 430; x_wconf 82' lang='lat' dir='ltr'><strong>egritudini</strong></span> 
     </span>
     <span class='ocr_line' id='line_1_6' title="bbox 292 433 1739 489; baseline -0.001 -14"><span class='ocrx_word' id='word_1_15' title='bbox 292 433 487 475; x_wconf 89' lang='lat' dir='ltr'><strong>solitudo.</strong></span> <span class='ocrx_word' id='word_1_16' title='bbox 555 434 765 489; x_wconf 87' lang='lat' dir='ltr'><strong>Precipue</strong></span> <span class='ocrx_word' id='word_1_17' title='bbox 817 434 926 476; x_wconf 87' lang='lat' dir='ltr'><strong>enim</strong></span> <span class='ocrx_word' id='word_1_18' title='bbox 976 434 1144 476; x_wconf 89' lang='lat' dir='ltr'><strong>illuuies</strong></span> <span class='ocrx_word' id='word_1_19' title='bbox 1196 448 1244 475; x_wconf 90' lang='lat' dir='ltr'><strong>ac</strong></span> <span class='ocrx_word' id='word_1_20' title='bbox 1294 434 1466 489; x_wconf 86' lang='lat' dir='ltr'><strong>squalor</strong></span> <span class='ocrx_word' id='word_1_21' title='bbox 1515 433 1739 484; x_wconf 85' lang='lat' dir='ltr'><strong>delectant,</strong></span> 
     </span>
     <span class='ocr_line' id='line_1_7' title="bbox 293 490 1739 546; baseline 0.001 -15"><span class='ocrx_word' id='word_1_22' title='bbox 293 505 398 546; x_wconf 89' lang='lat' dir='ltr'><strong>quos</strong></span> <span class='ocrx_word' id='word_1_23' title='bbox 450 491 631 534; x_wconf 86' lang='lat' dir='ltr'><strong>aduersa</strong></span> <span class='ocrx_word' id='word_1_24' title='bbox 681 492 809 534; x_wconf 88' lang='lat' dir='ltr'><strong>animi</strong></span> <span class='ocrx_word' id='word_1_25' title='bbox 859 492 1048 535; x_wconf 90' lang='lat' dir='ltr'><strong>ualitudo</strong></span> <span class='ocrx_word' id='word_1_26' title='bbox 1100 492 1373 534; x_wconf 82' lang='lat' dir='ltr'><strong>concusserit.</strong></span> <span class='ocrx_word' id='word_1_27' title='bbox 1446 490 1739 533; x_wconf 84' lang='lat' dir='ltr'><strong>Consueuerat</strong></span> 
     </span>
     <span class='ocr_line' id='line_1_8' title="bbox 293 549 1739 605; baseline 0 -15"><span class='ocrx_word' id='word_1_28' title='bbox 293 553 434 591; x_wconf 88' lang='lat' dir='ltr'><strong>autem</strong></span> <span class='ocrx_word' id='word_1_29' title='bbox 467 549 509 591; x_wconf 91' lang='lat' dir='ltr'><strong>in</strong></span> <span class='ocrx_word' id='word_1_30' title='bbox 542 550 643 591; x_wconf 89' lang='lat' dir='ltr'><strong>editi</strong></span> <span class='ocrx_word' id='word_1_31' title='bbox 673 550 826 592; x_wconf 89' lang='lat' dir='ltr'><strong>montis</strong></span> <span class='ocrx_word' id='word_1_32' title='bbox 858 550 1016 592; x_wconf 87' lang='lat' dir='ltr'><strong>uertice</strong></span> <span class='ocrx_word' id='word_1_33' title='bbox 1065 549 1298 592; x_wconf 81' lang='lat' dir='ltr'><strong>consulenti</strong></span> <span class='ocrx_word' id='word_1_34' title='bbox 1330 549 1490 605; x_wconf 92' lang='lat' dir='ltr'><strong>populo</strong></span> <span class='ocrx_word' id='word_1_35' title='bbox 1522 549 1739 605; x_wconf 88' lang='lat' dir='ltr'><strong>plebiscita</strong></span> 
     </span>
     <span class='ocr_line' id='line_1_9' title="bbox 295 606 1738 662; baseline 0 -15"><span class='ocrx_word' id='word_1_36' title='bbox 295 606 558 662; x_wconf 75' lang='lat' dir='ltr'>depromere.</span> <span class='ocrx_word' id='word_1_37' title='bbox 622 608 908 656; x_wconf 80' lang='lat' dir='ltr'><strong>Quamobrem</strong></span> <span class='ocrx_word' id='word_1_38' title='bbox 959 609 1180 650; x_wconf 89' lang='lat' dir='ltr'><strong>uenientes</strong></span> <span class='ocrx_word' id='word_1_39' title='bbox 1233 607 1484 649; x_wconf 87' lang='lat' dir='ltr'><strong>occultantis</strong></span> <span class='ocrx_word' id='word_1_40' title='bbox 1534 620 1579 648; x_wconf 91' lang='lat' dir='ltr'><strong>se</strong></span> <span class='ocrx_word' id='word_1_41' title='bbox 1628 606 1738 662; x_wconf 89' lang='lat' dir='ltr'><strong>regis</strong></span> 
     </span>
     <span class='ocr_line' id='line_1_10' title="bbox 295 664 1741 721; baseline 0.001 -16"><span class='ocrx_word' id='word_1_42' title='bbox 295 665 496 707; x_wconf 89' lang='lat' dir='ltr'><strong>inerciam</strong></span> <span class='ocrx_word' id='word_1_43' title='bbox 528 667 823 719; x_wconf 81' lang='lat' dir='ltr'><strong>causabantur,</strong></span> <span class='ocrx_word' id='word_1_44' title='bbox 855 665 1135 721; x_wconf 89' lang='lat' dir='ltr'><strong>absenciaque</strong></span> <span class='ocrx_word' id='word_1_45' title='bbox 1160 666 1247 707; x_wconf 90' lang='lat' dir='ltr'><strong>eius</strong></span> <span class='ocrx_word' id='word_1_46' title='bbox 1270 664 1531 721; x_wconf 86' lang='lat' dir='ltr'><strong>grauissimis</strong></span> <span class='ocrx_word' id='word_1_47' title='bbox 1556 664 1741 707; x_wconf 91' lang='lat' dir='ltr'><strong>omnium</strong></span> 
     </span>
     <span class='ocr_line' id='line_1_11' title="bbox 295 723 802 778; baseline 0.006 -15"><span class='ocrx_word' id='word_1_48' title='bbox 295 723 478 778; x_wconf 77' lang='lat' dir='ltr'><strong>quclelis</strong></span> <span class='ocrx_word' id='word_1_49' title='bbox 510 723 695 766; x_wconf 88' lang='lat' dir='ltr'><strong>lacerata</strong></span> <span class='ocrx_word' id='word_1_50' title='bbox 727 728 802 766; x_wconf 84' lang='lat' dir='ltr'><strong>est.</strong></span> 
     </span>
    </p>

    <p class='ocr_par' dir='ltr' id='par_1_6' title="bbox 294 780 1742 1242">
     <span class='ocr_line' id='line_1_12' title="bbox 433 780 1741 836; baseline 0 -15"><span class='ocrx_word' id='word_1_51' title='bbox 433 781 491 822; x_wconf 90' lang='lat' dir='ltr'><strong>At</strong></span> <span class='ocrx_word' id='word_1_52' title='bbox 533 781 774 833; x_wconf 74' lang='lat' dir='ltr'><strong>Hotherus,</strong></span> <span class='ocrx_word' id='word_1_53' title='bbox 819 786 1012 823; x_wconf 84' lang='lat' dir='ltr'><strong>extrema</strong></span> <span class='ocrx_word' id='word_1_54' title='bbox 1057 781 1246 823; x_wconf 88' lang='lat' dir='ltr'><strong>locorum</strong></span> <span class='ocrx_word' id='word_1_55' title='bbox 1296 780 1419 823; x_wconf 88' lang='lat' dir='ltr'><strong>deuia</strong></span> <span class='ocrx_word' id='word_1_56' title='bbox 1467 783 1741 836; x_wconf 86' lang='lat' dir='ltr'><strong>peruagatus,</strong></span> 
     </span>
     <span class='ocr_line' id='line_1_13' title="bbox 295 838 1741 895; baseline 0 -17"><span class='ocrx_word' id='word_1_57' title='bbox 295 838 595 895; x_wconf 84' lang='lat' dir='ltr'><strong>insuetumque</strong></span> <span class='ocrx_word' id='word_1_58' title='bbox 627 840 874 881; x_wconf 87' lang='lat' dir='ltr'><strong>mortalibus</strong></span> <span class='ocrx_word' id='word_1_59' title='bbox 906 853 1053 881; x_wconf 85' lang='lat' dir='ltr'><strong>nemus</strong></span> <span class='ocrx_word' id='word_1_60' title='bbox 1086 853 1299 892; x_wconf 86' lang='lat' dir='ltr'><strong>emensus,</strong></span> <span class='ocrx_word' id='word_1_61' title='bbox 1330 838 1486 894; x_wconf 89' lang='lat' dir='ltr'><strong>ignotis</strong></span> <span class='ocrx_word' id='word_1_62' title='bbox 1517 838 1626 880; x_wconf 87' lang='lat' dir='ltr'><strong>forte</strong></span> <span class='ocrx_word' id='word_1_63' title='bbox 1657 838 1741 879; x_wconf 89' lang='lat' dir='ltr'><strong>uir-</strong></span> 
     </span>
     <span class='ocr_line' id='line_1_14' title="bbox 294 895 1741 953; baseline -0.001 -16"><span class='ocrx_word' id='word_1_64' title='bbox 294 895 460 950; x_wconf 87' lang='lat' dir='ltr'><strong>ginibus</strong></span> <span class='ocrx_word' id='word_1_65' title='bbox 486 897 721 938; x_wconf 84' lang='lat' dir='ltr'><strong>habitatum</strong></span> <span class='ocrx_word' id='word_1_66' title='bbox 753 898 910 951; x_wconf 88' lang='lat' dir='ltr'><strong>reperit</strong></span> <span class='ocrx_word' id='word_1_67' title='bbox 942 911 1126 953; x_wconf 89' lang='lat' dir='ltr'><strong>specum.</strong></span> <span class='ocrx_word' id='word_1_68' title='bbox 1169 897 1351 939; x_wconf 89' lang='lat' dir='ltr'><strong>Easdem</strong></span> <span class='ocrx_word' id='word_1_69' title='bbox 1384 910 1476 938; x_wconf 86' lang='lat' dir='ltr'><strong>esse</strong></span> <span class='ocrx_word' id='word_1_70' title='bbox 1510 896 1741 949; x_wconf 82' lang='lat' dir='ltr'><strong>constabat,</strong></span> 
     </span>
     <span class='ocr_line' id='line_1_15' title="bbox 299 953 1742 1010; baseline -0.001 -15"><span class='ocrx_word' id='word_1_71' title='bbox 299 968 381 1008; x_wconf 89' lang='lat' dir='ltr'><strong>que</strong></span> <span class='ocrx_word' id='word_1_72' title='bbox 415 969 512 996; x_wconf 89' lang='lat' dir='ltr'><strong>eum</strong></span> <span class='ocrx_word' id='word_1_73' title='bbox 543 955 760 997; x_wconf 84' lang='lat' dir='ltr'><strong>insecabili</strong></span> <span class='ocrx_word' id='word_1_74' title='bbox 791 960 912 997; x_wconf 89' lang='lat' dir='ltr'><strong>ueste</strong></span> <span class='ocrx_word' id='word_1_75' title='bbox 944 955 1155 1010; x_wconf 88' lang='lat' dir='ltr'><strong>quondam</strong></span> <span class='ocrx_word' id='word_1_76' title='bbox 1187 955 1465 996; x_wconf 85' lang='lat' dir='ltr'><strong>donauerant.</strong></span> <span class='ocrx_word' id='word_1_77' title='bbox 1508 953 1546 995; x_wconf 89' lang='lat' dir='ltr'>A</span> <span class='ocrx_word' id='word_1_78' title='bbox 1578 953 1742 1008; x_wconf 85' lang='lat' dir='ltr'><strong>quibus,</strong></span> 
     </span>
     <span class='ocr_line' id='line_1_16' title="bbox 298 1010 1739 1068; baseline -0.001 -15"><span class='ocrx_word' id='word_1_79' title='bbox 298 1026 373 1053; x_wconf 85' lang='lat' dir='ltr'><strong>cur</strong></span> <span class='ocrx_word' id='word_1_80' title='bbox 406 1026 455 1054; x_wconf 94' lang='lat' dir='ltr'><strong>eo</strong></span> <span class='ocrx_word' id='word_1_81' title='bbox 487 1013 674 1055; x_wconf 89' lang='lat' dir='ltr'><strong>locorum</strong></span> <span class='ocrx_word' id='word_1_82' title='bbox 707 1013 887 1067; x_wconf 89' lang='lat' dir='ltr'><strong>uenerit,</strong></span> <span class='ocrx_word' id='word_1_83' title='bbox 919 1014 1229 1068; x_wconf 85' lang='lat' dir='ltr'><strong>interrogatus,</strong></span> <span class='ocrx_word' id='word_1_84' title='bbox 1270 1012 1480 1054; x_wconf 88' lang='lat' dir='ltr'><strong>infaustos</strong></span> <span class='ocrx_word' id='word_1_85' title='bbox 1524 1011 1622 1054; x_wconf 87' lang='lat' dir='ltr'><strong>belli</strong></span> <span class='ocrx_word' id='word_1_86' title='bbox 1668 1010 1739 1053; x_wconf 90' lang='lat' dir='ltr'><strong>de-</strong></span> 
     </span>
     <span class='ocr_line' id='line_1_17' title="bbox 298 1070 1742 1126; baseline -0.001 -15"><span class='ocrx_word' id='word_1_87' title='bbox 298 1071 431 1112; x_wconf 81' lang='lat' dir='ltr'><strong>clarat</strong></span> <span class='ocrx_word' id='word_1_88' title='bbox 472 1075 660 1113; x_wconf 80' lang='lat' dir='ltr'><strong>euentus.</strong></span> <span class='ocrx_word' id='word_1_89' title='bbox 715 1071 867 1126; x_wconf 89' lang='lat' dir='ltr'><strong>Itaque</strong></span> <span class='ocrx_word' id='word_1_90' title='bbox 900 1070 910 1125; x_wconf 69' lang='grc' dir='ltr'>Η</span> <span class='ocrx_word' id='word_1_91' title='bbox 940 1071 1023 1112; x_wconf 89' lang='lat' dir='ltr'><strong>fide</strong></span> <span class='ocrx_word' id='word_1_92' title='bbox 1070 1085 1214 1112; x_wconf 86' lang='lat' dir='ltr'><strong>earum</strong></span> <span class='ocrx_word' id='word_1_93' title='bbox 1261 1071 1485 1123; x_wconf 87' lang='lat' dir='ltr'><strong>damnata,</strong></span> <span class='ocrx_word' id='word_1_94' title='bbox 1527 1074 1742 1124; x_wconf 83' lang='lat' dir='ltr'><strong>gestarum</strong></span> 
     </span>
     <span class='ocr_line' id='line_1_18' title="bbox 298 1126 1740 1184; baseline 0.001 -17"><span class='ocrx_word' id='word_1_95' title='bbox 298 1128 522 1170; x_wconf 87' lang='lat' dir='ltr'><strong>infeliciter</strong></span> <span class='ocrx_word' id='word_1_96' title='bbox 563 1143 703 1170; x_wconf 89' lang='lat' dir='ltr'><strong>rerum</strong></span> <span class='ocrx_word' id='word_1_97' title='bbox 742 1130 955 1171; x_wconf 83' lang='lat' dir='ltr'><strong>fortunam</strong></span> <span class='ocrx_word' id='word_1_98' title='bbox 993 1129 1217 1184; x_wconf 84' lang='lat' dir='ltr'><strong>tristesque</strong></span> <span class='ocrx_word' id='word_1_99' title='bbox 1261 1143 1380 1170; x_wconf 88' lang='lat' dir='ltr'><strong>casus</strong></span> <span class='ocrx_word' id='word_1_100' title='bbox 1421 1127 1576 1169; x_wconf 89' lang='lat' dir='ltr'><strong>deflere</strong></span> <span class='ocrx_word' id='word_1_101' title='bbox 1617 1126 1740 1182; x_wconf 87' lang='lat' dir='ltr'><strong>cepit,</strong></span> 
     </span>
     <span class='ocr_line' id='line_1_19' title="bbox 297 1186 1741 1242; baseline -0.001 -15"><span class='ocrx_word' id='word_1_102' title='bbox 297 1200 418 1227; x_wconf 88' lang='lat' dir='ltr'><strong>secus</strong></span> <span class='ocrx_word' id='word_1_103' title='bbox 451 1187 526 1227; x_wconf 85' lang='lat' dir='ltr'><strong>sibi</strong></span> <span class='ocrx_word' id='word_1_104' title='bbox 561 1188 735 1228; x_wconf 88' lang='lat' dir='ltr'><strong>cessisse</strong></span> <span class='ocrx_word' id='word_1_105' title='bbox 779 1192 974 1242; x_wconf 84' lang='lat' dir='ltr'><strong>questus,</strong></span> <span class='ocrx_word' id='word_1_106' title='bbox 1016 1201 1141 1242; x_wconf 88' lang='lat' dir='ltr'><strong>quam</strong></span> <span class='ocrx_word' id='word_1_107' title='bbox 1175 1187 1227 1228; x_wconf 86' lang='lat' dir='ltr'><strong>ab</strong></span> <span class='ocrx_word' id='word_1_108' title='bbox 1258 1187 1359 1242; x_wconf 88' lang='lat' dir='ltr'><strong>ipsis</strong></span> <span class='ocrx_word' id='word_1_109' title='bbox 1391 1186 1641 1240; x_wconf 87' lang='lat' dir='ltr'><strong>promissum</strong></span> <span class='ocrx_word' id='word_1_110' title='bbox 1673 1198 1741 1226; x_wconf 88' lang='lat' dir='ltr'><strong>ac-</strong></span> 
     </span>
    </p>
   </div>
   <div class='ocr_carea' id='block_1_6' title="bbox 1784 1081 1849 1116">
    <p class='ocr_par' dir='ltr' id='par_1_7' title="bbox 1784 1081 1849 1116">
     <span class='ocr_line' id='line_1_20' title="bbox 1784 1081 1849 1116; baseline 0 0"><span class='ocrx_word' id='word_1_111' title='bbox 1784 1081 1849 1116; x_wconf 67' lang='lat'><strong>(432</strong></span> 
     </span>
    </p>
   </div>
   <div class='ocr_carea' id='block_1_7' title="bbox 1836 0 1884 1213">
    <p class='ocr_par' dir='ltr' id='par_1_8' title="bbox 1836 0 1884 1213">
     <span class='ocr_line' id='line_1_21' title="bbox 1836 0 1884 1213; baseline 0 0"><span class='ocrx_word' id='word_1_112' title='bbox 1836 0 1884 1213; x_wconf 95' lang='lat' dir='ltr'><strong> </strong></span> 
     </span>
    </p>
   </div>
   <div class='ocr_carea' id='block_1_8' title="bbox 299 1242 1851 1300">
    <p class='ocr_par' dir='ltr' id='par_1_9' title="bbox 299 1242 1851 1300">
     <span class='ocr_line' id='line_1_22' title="bbox 299 1242 1851 1300; baseline 0 -16"><span class='ocrx_word' id='word_1_113' title='bbox 299 1244 422 1298; x_wconf 84' lang='lat' dir='ltr'><strong>cepit.</strong></span> <span class='ocrx_word' id='word_1_114' title='bbox 466 1245 523 1285; x_wconf 91' lang='lat' dir='ltr'><strong>At</strong></span> <span class='ocrx_word' id='word_1_115' title='bbox 563 1244 747 1299; x_wconf 75' lang='lat' dir='ltr'><strong>nymphe</strong></span> <span class='ocrx_word' id='word_1_116' title='bbox 781 1259 896 1297; x_wconf 89' lang='lat' dir='ltr'><strong>cum,</strong></span> <span class='ocrx_word' id='word_1_117' title='bbox 929 1258 1172 1300; x_wconf 81' lang='lat' dir='ltr'><strong>quanquam</strong></span> <span class='ocrx_word' id='word_1_118' title='bbox 1203 1259 1299 1286; x_wconf 88' lang='lat' dir='ltr'><strong>raro</strong></span> <span class='ocrx_word' id='word_1_119' title='bbox 1332 1244 1467 1285; x_wconf 89' lang='lat' dir='ltr'><strong>uictor</strong></span> <span class='ocrx_word' id='word_1_120' title='bbox 1508 1242 1851 1296; x_wconf 70' lang='lat' dir='ltr'><strong>*extiterit,x:x⁷111</strong></span> 
     </span>
    </p>
   </div>
   <div class='ocr_carea' id='block_1_9' title="bbox 298 1301 1744 1693">
    <p class='ocr_par' dir='ltr' id='par_1_10' title="bbox 298 1301 1744 1691">
     <span class='ocr_line' id='line_1_23' title="bbox 299 1301 1744 1357; baseline 0 -16"><span class='ocrx_word' id='word_1_121' title='bbox 299 1316 450 1357; x_wconf 85' lang='lat' dir='ltr'><strong>equam</strong></span> <span class='ocrx_word' id='word_1_122' title='bbox 491 1307 627 1344; x_wconf 87' lang='lat' dir='ltr'><strong>tamen</strong></span> <span class='ocrx_word' id='word_1_123' title='bbox 679 1304 871 1345; x_wconf 83' lang='lat' dir='ltr'><strong>hostibus</strong></span> <span class='ocrx_word' id='word_1_124' title='bbox 920 1303 1080 1344; x_wconf 86' lang='lat' dir='ltr'><strong>cladem</strong></span> <span class='ocrx_word' id='word_1_125' title='bbox 1127 1303 1351 1357; x_wconf 82' lang='lat' dir='ltr'><strong>ingessisse</strong></span> <span class='ocrx_word' id='word_1_126' title='bbox 1399 1301 1619 1353; x_wconf 81' lang='lat' dir='ltr'><strong>dicebant,</strong></span> <span class='ocrx_word' id='word_1_127' title='bbox 1667 1314 1744 1341; x_wconf 85' lang='lat' dir='ltr'><strong>nec</strong></span> 
     </span>
     <span class='ocr_line' id='line_1_24' title="bbox 300 1358 1743 1416; baseline 0 -17"><span class='ocrx_word' id='word_1_128' title='bbox 300 1360 469 1401; x_wconf 89' lang='lat' dir='ltr'><strong>minoris</strong></span> <span class='ocrx_word' id='word_1_129' title='bbox 501 1361 654 1416; x_wconf 84' lang='lat' dir='ltr'><strong>stragis</strong></span> <span class='ocrx_word' id='word_1_130' title='bbox 686 1366 902 1403; x_wconf 82' lang='lat' dir='ltr'><strong>auctorem</strong></span> <span class='ocrx_word' id='word_1_131' title='bbox 933 1361 1061 1402; x_wconf 87' lang='lat' dir='ltr'><strong>fuisse</strong></span> <span class='ocrx_word' id='word_1_132' title='bbox 1094 1375 1219 1416; x_wconf 89' lang='lat' dir='ltr'><strong>quam</strong></span> <span class='ocrx_word' id='word_1_133' title='bbox 1243 1360 1501 1415; x_wconf 88' lang='lat' dir='ltr'><strong>complicem.</strong></span> <span class='ocrx_word' id='word_1_134' title='bbox 1546 1358 1743 1400; x_wconf 85' lang='lat' dir='ltr'><strong>Ceterum</strong></span> 
     </span>
     <span class='ocr_line' id='line_1_25' title="bbox 298 1416 1742 1473; baseline 0 -16"><span class='ocrx_word' id='word_1_135' title='bbox 298 1418 338 1458; x_wconf 91' lang='lat' dir='ltr'><strong>in</strong></span> <span class='ocrx_word' id='word_1_136' title='bbox 372 1418 571 1473; x_wconf 76' lang='lat' dir='ltr'><strong>expedito</strong></span> <span class='ocrx_word' id='word_1_137' title='bbox 613 1419 789 1460; x_wconf 85' lang='lat' dir='ltr'><strong>uictorie</strong></span> <span class='ocrx_word' id='word_1_138' title='bbox 830 1419 1015 1473; x_wconf 84' lang='lat' dir='ltr'><strong>graciam</strong></span> <span class='ocrx_word' id='word_1_139' title='bbox 1057 1419 1167 1470; x_wconf 88' lang='lat' dir='ltr'><strong>fore,</strong></span> <span class='ocrx_word' id='word_1_140' title='bbox 1209 1420 1242 1460; x_wconf 90' lang='lat' dir='ltr'><strong>si</strong></span> <span class='ocrx_word' id='word_1_141' title='bbox 1283 1418 1482 1459; x_wconf 84' lang='lat' dir='ltr'><strong>inusitate</strong></span> <span class='ocrx_word' id='word_1_142' title='bbox 1524 1416 1742 1458; x_wconf 87' lang='lat' dir='ltr'><strong>cuiusdam</strong></span> 
     </span>
     <span class='ocr_line' id='line_1_26' title="bbox 298 1474 1741 1531; baseline -0.001 -15"><span class='ocrx_word' id='word_1_143' title='bbox 298 1475 518 1517; x_wconf 65' lang='lat' dir='ltr'><strong>suauitatis</strong></span> <span class='ocrx_word' id='word_1_144' title='bbox 561 1476 749 1518; x_wconf 85' lang='lat' dir='ltr'><strong>edulium</strong></span> <span class='ocrx_word' id='word_1_145' title='bbox 793 1476 998 1531; x_wconf 86' lang='lat' dir='ltr'><strong>augendis</strong></span> <span class='ocrx_word' id='word_1_146' title='bbox 1040 1476 1209 1517; x_wconf 80' lang='lat' dir='ltr'><strong>Balderi</strong></span> <span class='ocrx_word' id='word_1_147' title='bbox 1250 1476 1412 1516; x_wconf 83' lang='lat' dir='ltr'><strong>uiribus</strong></span> <span class='ocrx_word' id='word_1_148' title='bbox 1455 1474 1741 1529; x_wconf 85' lang='lat' dir='ltr'><strong>excogitatum</strong></span> 
     </span>
     <span class='ocr_line' id='line_1_27' title="bbox 298 1532 1741 1591; baseline -0.001 -17"><span class='ocrx_word' id='word_1_149' title='bbox 298 1533 512 1589; x_wconf 82' lang='lat' dir='ltr'><strong>preripere</strong></span> <span class='ocrx_word' id='word_1_150' title='bbox 557 1535 781 1591; x_wconf 88' lang='lat' dir='ltr'><strong>potuisset.</strong></span> <span class='ocrx_word' id='word_1_151' title='bbox 842 1534 956 1575; x_wconf 87' lang='lat' dir='ltr'><strong>Nihil</strong></span> <span class='ocrx_word' id='word_1_152' title='bbox 1003 1535 1112 1575; x_wconf 86' lang='lat' dir='ltr'><strong>enirn</strong></span> <span class='ocrx_word' id='word_1_153' title='bbox 1158 1534 1273 1575; x_wconf 87' lang='lat' dir='ltr'><strong>factu</strong></span> <span class='ocrx_word' id='word_1_154' title='bbox 1323 1533 1489 1574; x_wconf 86' lang='lat' dir='ltr'><strong>difficile</strong></span> <span class='ocrx_word' id='word_1_155' title='bbox 1538 1532 1741 1585; x_wconf 86' lang='lat' dir='ltr'><strong>futurum,</strong></span> 
     </span>
     <span class='ocr_line' id='line_1_28' title="bbox 300 1590 1742 1647; baseline -0.001 -16"><span class='ocrx_word' id='word_1_156' title='bbox 300 1591 398 1632; x_wconf 88' lang='lat' dir='ltr'><strong>dum</strong></span> <span class='ocrx_word' id='word_1_157' title='bbox 422 1592 547 1633; x_wconf 90' lang='lat' dir='ltr'><strong>modo</strong></span> <span class='ocrx_word' id='word_1_158' title='bbox 572 1593 682 1634; x_wconf 88' lang='lat' dir='ltr'><strong>hosti</strong></span> <span class='ocrx_word' id='word_1_159' title='bbox 714 1593 754 1633; x_wconf 92' lang='lat' dir='ltr'><strong>in</strong></span> <span class='ocrx_word' id='word_1_160' title='bbox 787 1596 1060 1647; x_wconf 82' lang='lat' dir='ltr'><strong>augmentum</strong></span> <span class='ocrx_word' id='word_1_161' title='bbox 1092 1592 1256 1633; x_wconf 87' lang='lat' dir='ltr'><strong>roboris</strong></span> <span class='ocrx_word' id='word_1_162' title='bbox 1288 1591 1501 1633; x_wconf 87' lang='lat' dir='ltr'><strong>destinato</strong></span> <span class='ocrx_word' id='word_1_163' title='bbox 1533 1590 1742 1646; x_wconf 85' lang='lat' dir='ltr'><strong>potiretur</strong></span> 
     </span>
     <span class='ocr_line' id='line_1_29' title="bbox 301 1649 492 1693; baseline 0 -2"><span class='ocrx_word' id='word_1_164' title='bbox 301 1649 492 1693; x_wconf 87' lang='lat' dir='ltr'><strong>obsonio.</strong></span> 
     </span>
    </p>
   </div>
   <div class='ocr_carea' id='block_1_10' title="bbox 436 1677 1742 1763">
    <p class='ocr_par' dir='ltr' id='par_1_11' title="bbox 436 1677 1742 1763">
     <span class='ocr_line' id='line_1_30' title="bbox 436 1677 1742 1763; baseline -0.003 -14"><span class='ocrx_word' id='word_1_165' title='bbox 436 1708 503 1749; x_wconf 82' lang='lat' dir='ltr'><strong>Ex</strong></span> <span class='ocrx_word' id='word_1_166' title='bbox 536 1723 713 1763; x_wconf 88' lang='lat' dir='ltr'><strong>quarum</strong></span> <span class='ocrx_word' id='word_1_167' title='bbox 746 1708 865 1749; x_wconf 88' lang='lat' dir='ltr'><strong>dictis</strong></span> <span class='ocrx_word' id='word_1_168' title='bbox 898 1708 1114 1750; x_wconf 72' lang='lat' dir='ltr'><strong>Hotherus</strong></span> <span class='ocrx_word' id='word_1_169' title='bbox 1154 1707 1511 1763; x_wconf 73' lang='lat' dir='ltr'><strong>promptissimam</strong></span> <span class='ocrx_word' id='word_1_170' title='bbox 1534 1677 1742 1747; x_wconf 84' lang='lat' dir='ltr'><strong>inferendi</strong></span> 
     </span>
    </p>
   </div>
   <div class='ocr_carea' id='block_1_11' title="bbox 235 1763 1743 1821">
    <p class='ocr_par' dir='ltr' id='par_1_12' title="bbox 235 1763 1743 1821">
     <span class='ocr_line' id='line_1_31' title="bbox 235 1763 1743 1821; baseline -0.002 -15"><span class='ocrx_word' id='word_1_171' title='bbox 235 1780 271 1806; x_wconf 69' lang='lat'><strong>2²5</strong></span> <span class='ocrx_word' id='word_1_172' title='bbox 303 1765 486 1807; x_wconf 81' lang='lat' dir='ltr'><strong>Baldero</strong></span> <span class='ocrx_word' id='word_1_173' title='bbox 520 1766 615 1807; x_wconf 91' lang='lat' dir='ltr'><strong>belli</strong></span> <span class='ocrx_word' id='word_1_174' title='bbox 650 1765 844 1807; x_wconf 83' lang='lat' dir='ltr'><strong>fiduciam</strong></span> <span class='ocrx_word' id='word_1_175' title='bbox 877 1770 1019 1808; x_wconf 90' lang='lat' dir='ltr'><strong>mente</strong></span> <span class='ocrx_word' id='word_1_176' title='bbox 1049 1766 1328 1821; x_wconf 86' lang='lat' dir='ltr'><strong>presumpsit,</strong></span> <span class='ocrx_word' id='word_1_177' title='bbox 1369 1777 1607 1819; x_wconf 86' lang='lat' dir='ltr'><strong>quanquam</strong></span> <span class='ocrx_word' id='word_1_178' title='bbox 1643 1763 1743 1803; x_wconf 92' lang='lat' dir='ltr'><strong>deos</strong></span> 
     </span>
    </p>
   </div>
   <div class='ocr_carea' id='block_1_12' title="bbox 233 2069 270 2095">
    <p class='ocr_par' dir='ltr' id='par_1_13' title="bbox 233 2069 270 2095">
     <span class='ocr_line' id='line_1_32' title="bbox 233 2069 270 2095; baseline 0 0"><span class='ocrx_word' id='word_1_179' title='bbox 233 2069 270 2095; x_wconf 78' lang='lat'><strong>30</strong></span> 
     </span>
    </p>
   </div>
   <div class='ocr_carea' id='block_1_13' title="bbox 238 2649 273 2677">
    <p class='ocr_par' dir='ltr' id='par_1_14' title="bbox 238 2649 273 2677">
     <span class='ocr_line' id='line_1_33' title="bbox 238 2649 273 2677; baseline -0.057 0"><span class='ocrx_word' id='word_1_180' title='bbox 238 2649 273 2677; x_wconf 72' lang='lat'><strong>40</strong></span> 
     </span>
    </p>
   </div>
   <div class='ocr_carea' id='block_1_14' title="bbox 302 1820 1744 1865">
    <p class='ocr_par' dir='ltr' id='par_1_15' title="bbox 302 1820 1744 1865">
     <span class='ocr_line' id='line_1_34' title="bbox 302 1820 1744 1865; baseline -0.001 -3"><span class='ocrx_word' id='word_1_181' title='bbox 302 1823 426 1863; x_wconf 83' lang='lat' dir='ltr'><strong>armis</strong></span> <span class='ocrx_word' id='word_1_182' title='bbox 468 1824 675 1865; x_wconf 81' lang='lat' dir='ltr'><strong>incessero</strong></span> <span class='ocrx_word' id='word_1_183' title='bbox 709 1823 883 1865; x_wconf 83' lang='lat' dir='ltr'><strong>terrenis</strong></span> <span class='ocrx_word' id='word_1_184' title='bbox 916 1823 1095 1864; x_wconf 82' lang='lat' dir='ltr'><strong>arduum</strong></span> <span class='ocrx_word' id='word_1_185' title='bbox 1127 1823 1284 1865; x_wconf 84' lang='lat' dir='ltr'><strong>nisibus</strong></span> <span class='ocrx_word' id='word_1_186' title='bbox 1317 1822 1545 1863; x_wconf 86' lang='lat' dir='ltr'><strong>uideretur.</strong></span> <span class='ocrx_word' id='word_1_187' title='bbox 1605 1820 1744 1862; x_wconf 78' lang='lat' dir='ltr'><strong>Fuere</strong></span> 
     </span>
    </p>
   </div>
   <div class='ocr_carea' id='block_1_15' title="bbox 303 1879 1792 1946">
    <p class='ocr_par' dir='ltr' id='par_1_16' title="bbox 303 1879 1792 1946">
     <span class='ocr_line' id='line_1_35' title="bbox 303 1879 1792 1946; baseline -0.002 -25"><span class='ocrx_word' id='word_1_188' title='bbox 303 1894 470 1946; x_wconf 75' lang='lat' dir='ltr'><strong>quoque</strong></span> <span class='ocrx_word' id='word_1_189' title='bbox 503 1897 557 1923; x_wconf 83' lang='lat' dir='ltr'><strong>ex</strong></span> <span class='ocrx_word' id='word_1_190' title='bbox 585 1883 589 1935; x_wconf 92' lang='grc' dir='ltr'>Ι</span> <span class='ocrx_word' id='word_1_191' title='bbox 618 1882 721 1928; x_wconf 87' lang='lat' dir='ltr'><strong>suis</strong></span> <span class='ocrx_word' id='word_1_192' title='bbox 754 1882 822 1936; x_wconf 94' lang='lat' dir='ltr'><strong>qui</strong></span> <span class='ocrx_word' id='word_1_193' title='bbox 854 1882 970 1922; x_wconf 89' lang='lat' dir='ltr'><strong>illum</strong></span> <span class='ocrx_word' id='word_1_194' title='bbox 1004 1886 1093 1923; x_wconf 87' lang='lat' dir='ltr'><strong>tuto</strong></span> <span class='ocrx_word' id='word_1_195' title='bbox 1125 1881 1282 1923; x_wconf 90' lang='lat' dir='ltr'><strong>bellum</strong></span> <span class='ocrx_word' id='word_1_196' title='bbox 1314 1894 1406 1921; x_wconf 88' lang='lat' dir='ltr'><strong>cum</strong></span> <span class='ocrx_word' id='word_1_197' title='bbox 1440 1879 1602 1934; x_wconf 89' lang='lat' dir='ltr'><strong>superis</strong></span> <span class='ocrx_word' id='word_1_198' title='bbox 1635 1892 1744 1919; x_wconf 90' lang='lat' dir='ltr'><strong>com·</strong></span> <span class='ocrx_word' id='word_1_199' title='bbox 1785 1899 1792 1914; x_wconf 79' lang='lat'><strong>›</strong></span> 
     </span>
    </p>
   </div>
   <div class='ocr_carea' id='block_1_16' title="bbox 299 1938 1745 2336">
    <p class='ocr_par' dir='ltr' id='par_1_17' title="bbox 299 1938 1745 2283">
     <span class='ocr_line' id='line_1_36' title="bbox 302 1938 1744 1995; baseline -0.001 -17"><span class='ocrx_word' id='word_1_200' title='bbox 302 1938 525 1980; x_wconf 88' lang='lat' dir='ltr'><strong>missurum</strong></span> <span class='ocrx_word' id='word_1_201' title='bbox 549 1944 766 1995; x_wconf 77' lang='lat' dir='ltr'><strong>negarent</strong></span> <span class='ocrx_word' id='word_1_202' title='bbox 799 1938 982 1995; x_wconf 87' lang='lat' dir='ltr'><strong>At[que]</strong></span> <span class='ocrx_word' id='word_1_203' title='bbox 1006 1939 1063 1980; x_wconf 78' lang='lat' dir='ltr'><strong>illi</strong></span> <span class='ocrx_word' id='word_1_204' title='bbox 1087 1939 1271 1980; x_wconf 84' lang='lat' dir='ltr'><strong>infinitus</strong></span> <span class='ocrx_word' id='word_1_205' title='bbox 1294 1938 1419 1978; x_wconf 89' lang='lat' dir='ltr'><strong>animi</strong></span> <span class='ocrx_word' id='word_1_206' title='bbox 1444 1938 1558 1979; x_wconf 88' lang='lat' dir='ltr'><strong>calor</strong></span> <span class='ocrx_word' id='word_1_207' title='bbox 1580 1949 1744 1991; x_wconf 83' lang='lat' dir='ltr'><strong>respec-</strong></span> 
     </span>
     <span class='ocr_line' id='line_1_37' title="bbox 302 1996 1743 2051; baseline -0.001 -15"><span class='ocrx_word' id='word_1_208' title='bbox 302 2000 389 2036; x_wconf 88' lang='lat' dir='ltr'><strong>tum</strong></span> <span class='ocrx_word' id='word_1_209' title='bbox 423 1998 656 2039; x_wconf 72' lang='lat' dir='ltr'><strong>maiestitis</strong></span> <span class='ocrx_word' id='word_1_210' title='bbox 688 1998 917 2039; x_wconf 84' lang='lat' dir='ltr'><strong>ademerat.</strong></span> <span class='ocrx_word' id='word_1_211' title='bbox 978 1996 1106 2051; x_wconf 89' lang='lat' dir='ltr'><strong>Apud</strong></span> <span class='ocrx_word' id='word_1_212' title='bbox 1147 1997 1275 2037; x_wconf 83' lang='lat' dir='ltr'><strong>fortes</strong></span> <span class='ocrx_word' id='word_1_213' title='bbox 1316 1996 1427 2036; x_wconf 86' lang='lat' dir='ltr'><strong>enim</strong></span> <span class='ocrx_word' id='word_1_214' title='bbox 1457 2009 1541 2036; x_wconf 91' lang='lat' dir='ltr'><strong>non</strong></span> <span class='ocrx_word' id='word_1_215' title='bbox 1575 2008 1743 2048; x_wconf 87' lang='lat' dir='ltr'><strong>semper</strong></span> 
     </span>
     <span class='ocr_line' id='line_1_38' title="bbox 299 2052 1742 2109; baseline -0.002 -15"><span class='ocrx_word' id='word_1_216' title='bbox 299 2054 502 2109; x_wconf 87' lang='lat' dir='ltr'><strong>impetum</strong></span> <span class='ocrx_word' id='word_1_217' title='bbox 543 2056 654 2097; x_wconf 87' lang='lat' dir='ltr'><strong>racio</strong></span> <span class='ocrx_word' id='word_1_218' title='bbox 695 2055 882 2104; x_wconf 81' lang='lat' dir='ltr'><strong>subruit,</strong></span> <span class='ocrx_word' id='word_1_219' title='bbox 927 2060 1000 2095; x_wconf 87' lang='lat' dir='ltr'><strong>aut</strong></span> <span class='ocrx_word' id='word_1_220' title='bbox 1042 2055 1212 2096; x_wconf 84' lang='lat' dir='ltr'><strong>consilio</strong></span> <span class='ocrx_word' id='word_1_221' title='bbox 1246 2053 1460 2095; x_wconf 84' lang='lat' dir='ltr'><strong>temeritas</strong></span> <span class='ocrx_word' id='word_1_222' title='bbox 1493 2052 1742 2094; x_wconf 89' lang='lat' dir='ltr'><strong>succumbit.</strong></span> 
     </span>
     <span class='ocr_line' id='line_1_39' title="bbox 302 2109 1743 2165; baseline -0.002 -13"><span class='ocrx_word' id='word_1_223' title='bbox 302 2111 383 2154; x_wconf 88' lang='lat' dir='ltr'><strong>Vel</strong></span> <span class='ocrx_word' id='word_1_224' title='bbox 430 2113 609 2155; x_wconf 83' lang='lat' dir='ltr'><strong>fortasse</strong></span> <span class='ocrx_word' id='word_1_225' title='bbox 656 2114 903 2155; x_wconf 88' lang='lat' dir='ltr'><strong>meminerat</strong></span> <span class='ocrx_word' id='word_1_226' title='bbox 946 2112 1186 2165; x_wconf 76' lang='lat' dir='ltr'><strong>Hotherus,</strong></span> <span class='ocrx_word' id='word_1_227' title='bbox 1233 2110 1597 2153; x_wconf 82' lang='lat' dir='ltr'><strong>excellentissimis</strong></span> <span class='ocrx_word' id='word_1_228' title='bbox 1645 2109 1743 2150; x_wconf 88' lang='lat' dir='ltr'><strong>uiris</strong></span> 
     </span>
     <span class='ocr_line' id='line_1_40' title="bbox 302 2167 1745 2225; baseline -0.003 -14"><span class='ocrx_word' id='word_1_229' title='bbox 302 2170 619 2212; x_wconf 85' lang='lat' dir='ltr'><strong>incertissimam</strong></span> <span class='ocrx_word' id='word_1_230' title='bbox 652 2177 800 2213; x_wconf 82' lang='lat' dir='ltr'><strong>extare</strong></span> <span class='ocrx_word' id='word_1_231' title='bbox 830 2170 1092 2225; x_wconf 82' lang='lat' dir='ltr'><strong>potenciam,</strong></span> <span class='ocrx_word' id='word_1_232' title='bbox 1133 2170 1415 2225; x_wconf 86' lang='lat' dir='ltr'><strong>exiguamque</strong></span> <span class='ocrx_word' id='word_1_233' title='bbox 1470 2168 1640 2223; x_wconf 87' lang='lat' dir='ltr'><strong>glebam</strong></span> <span class='ocrx_word' id='word_1_234' title='bbox 1685 2167 1745 2207; x_wconf 91' lang='lat' dir='ltr'><strong>in-</strong></span> 
     </span>
     <span class='ocr_line' id='line_1_41' title="bbox 302 2229 855 2283; baseline 0 -13"><span class='ocrx_word' id='word_1_235' title='bbox 302 2234 451 2283; x_wconf 86' lang='lat' dir='ltr'><strong>gentes</strong></span> <span class='ocrx_word' id='word_1_236' title='bbox 484 2229 664 2271; x_wconf 85' lang='lat' dir='ltr'><strong>arietare</strong></span> <span class='ocrx_word' id='word_1_237' title='bbox 697 2244 855 2271; x_wconf 88' lang='lat' dir='ltr'><strong>currus.</strong></span> 
     </span>
    </p>

    <p class='ocr_par' dir='ltr' id='par_1_18' title="bbox 443 2283 1745 2336">
     <span class='ocr_line' id='line_1_42' title="bbox 443 2283 1745 2336; baseline -0.005 -8"><span class='ocrx_word' id='word_1_238' title='bbox 443 2286 603 2328; x_wconf 82' lang='lat' dir='ltr'><strong>Contra</strong></span> <span class='ocrx_word' id='word_1_239' title='bbox 624 2287 844 2334; x_wconf 84' lang='lat' dir='ltr'><strong>Balderus</strong></span> <span class='ocrx_word' id='word_1_240' title='bbox 877 2285 1041 2327; x_wconf 84' lang='lat' dir='ltr'><strong>Danis</strong></span> <span class='ocrx_word' id='word_1_241' title='bbox 1032 2299 1072 2325; x_wconf 88' lang='lat' dir='ltr'><strong>ln</strong></span> <span class='ocrx_word' id='word_1_242' title='bbox 1097 2299 1212 2325; x_wconf 86' lang='lat' dir='ltr'><strong>arma</strong></span> <span class='ocrx_word' id='word_1_243' title='bbox 1236 2290 1353 2325; x_wconf 85' lang='lat' dir='ltr'><strong>contr</strong></span> <span class='ocrx_word' id='word_1_244' title='bbox 1356 2284 1473 2336; x_wconf 84' lang='lat' dir='ltr'><strong>actis,</strong></span> <span class='ocrx_word' id='word_1_245' title='bbox 1507 2283 1672 2325; x_wconf 71' lang='lat' dir='ltr'><strong>Hathei</strong></span> <span class='ocrx_word' id='word_1_246' title='bbox 1677 2296 1745 2323; x_wconf 90' lang='lat' dir='ltr'><strong>um</strong></span> 
     </span>
    </p>
   </div>
   <div class='ocr_carea' id='block_1_17' title="bbox 257 2339 1747 2400">
    <p class='ocr_par' dir='ltr' id='par_1_19' title="bbox 257 2339 1747 2400">
     <span class='ocr_line' id='line_1_43' title="bbox 257 2339 1747 2400; baseline -0.003 -15"><span class='ocrx_word' id='word_1_247' title='bbox 257 2360 266 2366; x_wconf 73' lang='grc'><strong><em>’</em></strong></span> <span class='ocrx_word' id='word_1_248' title='bbox 304 2345 391 2385; x_wconf 79' lang='lat' dir='ltr'><strong>aci&lt;</strong></span> <span class='ocrx_word' id='word_1_249' title='bbox 435 2345 604 2400; x_wconf 82' lang='lat' dir='ltr'><strong>excipit.</strong></span> <span class='ocrx_word' id='word_1_250' title='bbox 667 2345 835 2400; x_wconf 79' lang='lat' dir='ltr'><strong>Ingenti</strong></span> <span class='ocrx_word' id='word_1_251' title='bbox 877 2344 1072 2398; x_wconf 85' lang='lat' dir='ltr'><strong>utrinque</strong></span> <span class='ocrx_word' id='word_1_252' title='bbox 1107 2343 1225 2384; x_wconf 82' lang='lat' dir='ltr'><strong>clade</strong></span> <span class='ocrx_word' id='word_1_253' title='bbox 1256 2346 1397 2397; x_wconf 81' lang='lat' dir='ltr'><strong>gesta,</strong></span> <span class='ocrx_word' id='word_1_254' title='bbox 1443 2355 1490 2382; x_wconf 85' lang='lat' dir='ltr'><strong>ac</strong></span> <span class='ocrx_word' id='word_1_255' title='bbox 1530 2341 1618 2382; x_wconf 89' lang='lat' dir='ltr'><strong>fere</strong></span> <span class='ocrx_word' id='word_1_256' title='bbox 1656 2339 1747 2395; x_wconf 86' lang='lat' dir='ltr'><strong>pari</strong></span> 
     </span>
    </p>
   </div>
   <div class='ocr_carea' id='block_1_18' title="bbox 305 2398 1747 2693">
    <p class='ocr_par' dir='ltr' id='par_1_20' title="bbox 305 2398 1747 2693">
     <span class='ocr_line' id='line_1_44' title="bbox 305 2398 1744 2457; baseline -0.003 -15"><span class='ocrx_word' id='word_1_257' title='bbox 305 2402 491 2457; x_wconf 84' lang='lat' dir='ltr'><strong>parcium</strong></span> <span class='ocrx_word' id='word_1_258' title='bbox 532 2407 672 2455; x_wconf 79' lang='lat' dir='ltr'><strong>strage</strong></span> <span class='ocrx_word' id='word_1_259' title='bbox 714 2403 847 2455; x_wconf 84' lang='lat' dir='ltr'><strong>edita,</strong></span> <span class='ocrx_word' id='word_1_260' title='bbox 891 2416 977 2443; x_wconf 83' lang='lat' dir='ltr'><strong>nox</strong></span> <span class='ocrx_word' id='word_1_261' title='bbox 1017 2401 1197 2455; x_wconf 87' lang='lat' dir='ltr'><strong>prelium</strong></span> <span class='ocrx_word' id='word_1_262' title='bbox 1239 2399 1378 2441; x_wconf 88' lang='lat' dir='ltr'><strong>soluit.</strong></span> <span class='ocrx_word' id='word_1_263' title='bbox 1441 2399 1571 2440; x_wconf 85' lang='lat' dir='ltr'><strong>Cuius</strong></span> <span class='ocrx_word' id='word_1_264' title='bbox 1612 2398 1744 2440; x_wconf 89' lang='lat' dir='ltr'><strong>tercio</strong></span> 
     </span>
     <span class='ocr_line' id='line_1_45' title="bbox 305 2455 1747 2520; baseline -0.002 -21"><span class='ocrx_word' id='word_1_265' title='bbox 305 2460 436 2501; x_wconf 68' lang='lat' dir='ltr'><strong>terme</strong></span> <span class='ocrx_word' id='word_1_266' title='bbox 457 2461 680 2516; x_wconf 84' lang='lat' dir='ltr'><strong>peruigilio</strong></span> <span class='ocrx_word' id='word_1_267' title='bbox 706 2460 924 2502; x_wconf 64' lang='lat' dir='ltr'><strong>lIathelus</strong></span> <span class='ocrx_word' id='word_1_268' title='bbox 958 2459 1062 2499; x_wconf 86' lang='lat' dir='ltr'><strong>clam</strong></span> <span class='ocrx_word' id='word_1_269' title='bbox 1096 2458 1255 2499; x_wconf 88' lang='lat' dir='ltr'><strong>cunctis</strong></span> <span class='ocrx_word' id='word_1_270' title='bbox 1287 2472 1354 2499; x_wconf 88' lang='lat' dir='ltr'><strong>res</strong></span> <span class='ocrx_word' id='word_1_271' title='bbox 1385 2455 1570 2497; x_wconf 84' lang='lat' dir='ltr'><strong>hostium</strong></span> <span class='ocrx_word' id='word_1_272' title='bbox 1602 2456 1747 2520; x_wconf 84' lang='lat' dir='ltr'><strong>explo-</strong></span> 
     </span>
     <span class='ocr_line' id='line_1_46' title="bbox 305 2513 1747 2573; baseline -0.003 -16"><span class='ocrx_word' id='word_1_273' title='bbox 305 2523 473 2559; x_wconf 83' lang='lat' dir='ltr'><strong>raturus</strong></span> <span class='ocrx_word' id='word_1_274' title='bbox 516 2518 742 2573; x_wconf 83' lang='lat' dir='ltr'><strong>egreditur.</strong></span> <span class='ocrx_word' id='word_1_275' title='bbox 807 2517 1005 2559; x_wconf 84' lang='lat' dir='ltr'><strong>Somnum</strong></span> <span class='ocrx_word' id='word_1_276' title='bbox 1050 2516 1204 2572; x_wconf 89' lang='lat' dir='ltr'><strong>quippe</strong></span> <span class='ocrx_word' id='word_1_277' title='bbox 1248 2515 1335 2557; x_wconf 90' lang='lat' dir='ltr'><strong>eius</strong></span> <span class='ocrx_word' id='word_1_278' title='bbox 1367 2514 1558 2570; x_wconf 86' lang='lat' dir='ltr'><strong>profecta</strong></span> <span class='ocrx_word' id='word_1_279' title='bbox 1590 2513 1643 2554; x_wconf 87' lang='lat' dir='ltr'><strong>ab</strong></span> <span class='ocrx_word' id='word_1_280' title='bbox 1673 2513 1747 2553; x_wconf 91' lang='lat' dir='ltr'><strong>im-</strong></span> 
     </span>
     <span class='ocr_line' id='line_1_47' title="bbox 307 2571 1747 2628; baseline -0.003 -12"><span class='ocrx_word' id='word_1_281' title='bbox 307 2575 479 2617; x_wconf 84' lang='lat' dir='ltr'><strong>minenti</strong></span> <span class='ocrx_word' id='word_1_282' title='bbox 513 2575 751 2618; x_wconf 89' lang='lat' dir='ltr'><strong>discrimine</strong></span> <span class='ocrx_word' id='word_1_283' title='bbox 782 2589 884 2617; x_wconf 88' lang='lat' dir='ltr'><strong>cura</strong></span> <span class='ocrx_word' id='word_1_284' title='bbox 916 2574 1184 2615; x_wconf 89' lang='lat' dir='ltr'><strong>discusserat.</strong></span> <span class='ocrx_word' id='word_1_285' title='bbox 1236 2573 1303 2614; x_wconf 87' lang='lat' dir='ltr'><strong>Ita</strong></span> <span class='ocrx_word' id='word_1_286' title='bbox 1334 2573 1568 2628; x_wconf 87' lang='lat' dir='ltr'><strong>plerunque</strong></span> <span class='ocrx_word' id='word_1_287' title='bbox 1599 2571 1747 2625; x_wconf 88' lang='lat' dir='ltr'><strong>ingens</strong></span> 
     </span>
     <span class='ocr_line' id='line_1_48' title="bbox 305 2628 1747 2693; baseline -0.005 -18"><span class='ocrx_word' id='word_1_288' title='bbox 305 2634 431 2678; x_wconf 87' lang='lat' dir='ltr'><strong>animi</strong></span> <span class='ocrx_word' id='word_1_289' title='bbox 454 2639 594 2676; x_wconf 86' lang='lat' dir='ltr'><strong>motus</strong></span> <span class='ocrx_word' id='word_1_290' title='bbox 618 2634 749 2693; x_wconf 90' lang='lat' dir='ltr'><strong>quieti</strong></span> <span class='ocrx_word' id='word_1_291' title='bbox 771 2632 959 2692; x_wconf 87' lang='lat' dir='ltr'><strong>corporis</strong></span> <span class='ocrx_word' id='word_1_292' title='bbox 981 2630 1246 2685; x_wconf 80' lang='lat' dir='ltr'><strong>aduersatur,</strong></span> <span class='ocrx_word' id='word_1_293' title='bbox 1267 2645 1344 2672; x_wconf 87' lang='lat' dir='ltr'><strong>nec</strong></span> <span class='ocrx_word' id='word_1_294' title='bbox 1367 2629 1538 2673; x_wconf 77' lang='lat' dir='ltr'><strong>alterius</strong></span> <span class='ocrx_word' id='word_1_295' title='bbox 1559 2628 1747 2685; x_wconf 76' lang='lat' dir='ltr'><strong>lequiem</strong></span> 
     </span>
    </p>
   </div>
   <div class='ocr_carea' id='block_1_19' title="bbox 1843 1213 1884 3126">
    <p class='ocr_par' dir='ltr' id='par_1_21' title="bbox 1843 1213 1884 3126">
     <span class='ocr_line' id='line_1_49' title="bbox 1843 1213 1884 3126; baseline 0 0"><span class='ocrx_word' id='word_1_296' title='bbox 1843 1213 1884 3126; x_wconf 95' lang='lat' dir='ltr'><strong> </strong></span> 
     </span>
    </p>
   </div>
  </div>
 </body>
</html>
