1884 3126
247 903 281 929 10

252 1192 284 1218 15

246 1482 282 1508 20

246 1765 283 1792 25

244 2060 282 2087 30

246 2345 282 2372 35

246 2634 282 2662 40

318 244 401 288 590
854 263 907 270 -—
968 239 1106 284 XIIII
1163 262 1217 269 --

318 372 442 413 dendi
492 372 624 412 amnis
674 370 817 424 gracia
868 369 1175 424 quinquaginta
1217 368 1392 410 nauium
1446 368 1622 409 classem
1665 368 1754 410 eius

316 430 552 485 principio!
581 427 826 480 obiiciebat,
858 431 998 479 ratus,
1043 426 1143 467 nihil
1186 426 1366 467 hostium
1408 425 1576 467 fortune
1612 430 1755 481 preter

316 491 490 528 mortem
524 489 597 525 aut
629 485 875 539 capcionem
906 483 1065 525 residui
1091 483 1196 525 fore.
1258 483 1451 538 Insignes
1483 484 1519 524 ei
1550 484 1751 537 sagittarii

316 543 473 584 Konon
507 548 548 583 et
573 541 739 582 Oirinus
764 541 896 595 fuere,
927 541 981 582 ab
1004 541 1222 583 Henrico'
1213 555 1256 581 111
1278 541 1528 582 Sclauorum
1550 541 1754 582 auxilium

315 601 534 642 Danmum
568 600 664 641 odio
698 600 824 640 missi.
868 599 1149 664 Bugiszlauus
1172 612 1339 654 quoque
1362 613 1457 639 cum
1489 599 1753 654 equestribus

316 658 446 723 copiis
478 657 801 711 superueniens,
833 657 1014 710 nauigiis
1038 658 1079 697 in
1100 657 1448 711 supplementum
1478 656 1598 697 fratri
1619 661 1755 698 trans-

314 715 464 767 missis,
498 714 748 769 lulinenses,
782 714 894 769 quod
931 728 1023 755 cum
1056 715 1229 755 nostris
1242 714 1331 754 acie
1355 727 1441 754 non
1472 715 1753 768 conflixerint,

314 773 527 827 ignauiam
560 773 617 813 eis
651 772 901 813 obiectando
936 772 1198 826 contempsit.
1249 771 1340 819 Que
1371 786 1437 812 res
1469 772 1577 813 adeo
1610 772 1755 814 Iuten-

315 831 421 872 sium
453 831 613 871 animos
644 835 760 870 metu
792 829 986 883 confecit,
1018 836 1065 870 ut
1096 829 1357 870 Absalonem
1390 830 1524 870 ueluti
1556 831 1754 872 concione

313 887 601 930 circundatum
623 888 761 943 palam
785 887 984 928 conuiciis
1017 887 1191 941 aggredi
1217 887 1406 928 deforme
1428 901 1512 928 non
1535 887 1752 941 ducerent,

314 947 403 987 eius
436 945 581 986 ductui
612 947 887 1000 imputantes,
922 945 1035 1000 quod
1058 945 1229 1000 proprie
1251 944 1540 986 festinacionis
1571 945 1752 1000 impulsu

314 1003 622 1045 commiserant.
695 1003 803 1050 Quin
845 1004 975 1043 eciam
1018 1003 1281 1044 muliebriter
1319 1007 1360 1043 et
1403 1004 1524 1058 quasi
1573 1017 1649 1058 per
1694 1003 1752 1044 la-

312 1066 503 1102 mentum
535 1063 652 1116 queri
686 1066 903 1116 ceperunt,
937 1061 1036 1101 olim
1068 1074 1213 1114 regum
1237 1061 1411 1101 consilia
1442 1061 1495 1102 ad
1528 1061 1751 1103 illustrium

312 1121 501 1160 uirorum
532 1119 751 1160 arbitrium
783 1119 1058 1174 pependisse,
1097 1132 1208 1159 nunc
1251 1119 1294 1158 in
1325 1118 1583 1160 stolidissimi
1616 1121 1753 1160 cuius-

315 1191 397 1231 que
428 1178 596 1218 monitis
628 1177 928 1230 sentenciaque
961 1177 1206 1218 consistere.
1268 1175 1498 1218 Enimuero
1531 1177 1666 1218 Danis
1700 1190 1750 1218 eo

314 1235 395 1275 loci
455 1239 705 1289 peruentum
766 1249 883 1287 esse,
936 1234 1049 1275 unde
1108 1234 1268 1274 reditus
1329 1247 1424 1288 spes
1470 1234 1753 1289 presumenda

314 1307 399 1333 non
438 1294 502 1333 sit.
564 1293 703 1339 Quam
745 1292 798 1332 ob
841 1306 929 1332 rem
975 1305 1112 1346 pauca
1155 1293 1346 1356 nauigia,
1392 1293 1543 1346 quibus
1582 1307 1658 1333 rex
1703 1306 1751 1333 ac

314 1350 523 1405 principes
547 1350 613 1390 dil
607 1351 672 1391 ibi
698 1355 886 1404 possent,
920 1350 1090 1404 publico
1113 1350 1330 1390 conamine
1352 1350 1516 1391 extrahi
1540 1355 1751 1404 oportere,

314 1422 367 1448 ne
399 1408 617 1448 Danorum
651 1409 761 1448 uires
795 1422 843 1448 ac
874 1422 1029 1448 nomen
1061 1421 1144 1448 uno
1178 1408 1380 1461 temporis
1412 1414 1627 1449 momento
1659 1407 1752 1448 fun-

314 1466 424 1506 ditus
467 1466 794 1506 collaberentur.
869 1465 1003 1513 Quam
1046 1465 1371 1506 inscctacionem
1418 1465 1609 1508 Absalon
1647 1465 1751 1507 adeo

315 1523 530 1578 pacienter
573 1538 621 1565 ac
664 1523 882 1565 moderate
922 1523 1038 1576 tulit,
1072 1527 1117 1563 ut
1147 1522 1249 1562 nihil
1282 1537 1335 1563 ex
1366 1529 1569 1564 consueto
1601 1523 1752 1564 mentis

316 1586 388 1622 aut
409 1582 552 1621 uultus
574 1582 719 1622 habitu
743 1581 957 1635 deponere
980 1581 1217 1633 uideretur3
1249 1580 1377 1635 idque
1409 1581 1546 1622 solum
1578 1579 1750 1623 monere

317 1645 539 1680 contentus
580 1639 680 1689 fuit,
724 1645 772 1680 ut
804 1653 874 1680 eas
908 1643 1069 1686 tantum
1103 1637 1154 1678 ad
1186 1651 1359 1692 presens
1383 1638 1397 1692 ΙΙ
1421 1653 1548 1681 uoces
1579 1639 1749 1693 profun-

315 1697 478 1750 derent,
520 1710 695 1751 quarum
738 1698 778 1738 in
818 1697 961 1737 futuro
1004 1697 1242 1738 meminisse
1274 1710 1358 1737 non
1399 1697 1569 1751 pudeat.
1640 1696 1753 1737 Huic

313 1754 422 1795 forte
472 1755 768 1797 obtrectacioni
817 1754 968 1796 Scorro
1012 1754 1249 1808 Wagnonis
1294 1755 1405 1795 filius
1451 1756 1750 1808 interueniens,

313 1814 494 1867 primum
536 1812 589 1853 ob
633 1813 827 1854 confusas
866 1812 1014 1868 populi
1056 1825 1208 1864 uoces,
1241 1813 1455 1853 cuiusnam
1498 1813 1557 1854 rei
1590 1813 1750 1854 mencio

313 1871 555 1918 haberetur,
587 1871 744 1926 liquido
778 1871 980 1911 exaudire
1012 1884 1093 1911 non
1125 1869 1277 1924 potuit.
1338 1870 1398 1910 At
1428 1871 1521 1921 ubi,
1562 1876 1752 1911 cessante

312 1928 448 1982 iurgio
482 1929 740 1983 remissoque
772 1929 963 1983 strepitu,
986 1927 1244 1969 Absalonem
1275 1928 1481 1969 maledico
1515 1929 1751 1970 astancium

314 2000 507 2027 sermone
537 1986 711 2027 lacerari
743 1987 956 2041 cognouit,
988 1986 1213 2039 Desipitis,
1248 1986 1397 2040 inquit,
1430 1987 1750 2039 commilitones,

311 2044 483 2099 piissimi
524 2058 571 2083 ac
612 2045 886 2085 ualentissimi
927 2044 1004 2084 uiri
1045 2043 1318 2095 industriam,
1345 2049 1568 2099 tanquam
1611 2043 1748 2085 scelus

313 2100 486 2156 aliquod
518 2106 591 2142 aut
631 2102 863 2155 flagicium,
897 2103 1080 2142 obscena
1112 2101 1338 2142 uerboium
1371 2102 1612 2156 petulancia
1652 2114 1749 2157 pro-

313 2159 541 2211 culcando,
582 2159 841 2214 ignauasque
887 2167 925 2200 et
967 2159 1160 2213 indignas
1203 2158 1384 2200 fortibus
1424 2173 1551 2200 uoces
1583 2160 1624 2200 in
1659 2159 1748 2200 eius

313 2217 550 2258 conuicium
591 2218 850 2259 muliebriter
892 2217 1096 2258 iaciendo
1157 2215 1305 2272 Neque
1351 2217 1462 2257 enim
1501 2223 1748 2258 strennuam

312 2289 362 2316 ac
381 2275 536 2315 fortem
559 2288 731 2330 operam
753 2276 895 2330 iniqua
918 2275 1190 2316 estimacione
1221 2288 1399 2329 pensare
1429 2273 1490 2315 fas
1524 2281 1598 2316 est.
1649 2274 1747 2328 Ipso

312 2332 517 2387 siquidem
561 2332 737 2374 ductore
779 2347 848 2374 eas
888 2341 1094 2374 terrarum
1124 2335 1265 2386 partes
1296 2333 1421 2373 armis
1460 2333 1746 2381 lustrauimus‚

1803 1651 1881 1685 (335

313 2404 417 2445 quas
457 2404 511 2431 ne
554 2391 740 2445 aspicere
779 2390 947 2445 quidem
989 2390 1217 2431 maioribus
1247 2391 1401 2431 nostris
1433 2390 1622 2444 contigit.
1650 2393 1656 2441 Ι
1689 2389 1745 2431 Et
1797 2408 1824 2432 1>
1844 2401 1860 2427 s

314 2462 414 2489 sane
457 2446 736 2503 prin*cipibus
778 2449 999 2499 ductandi,
1048 2447 1250 2488 militibus
1293 2448 1495 2503 sequendi
1531 2448 1595 2488 ius
1635 2461 1746 2489 com·
1766 2457 1864 2486 oux:

313 2507 433 2571 petit.
493 2505 608 2561 Ergo
641 2520 716 2547 nos
747 2506 927 2562 propriis
947 2503 1152 2559 <uiribus>
1182 2505 1270 2556 niti,
1302 2506 1449 2546 alienis
1482 2519 1583 2546 uero
1616 2505 1746 2560 impe-

313 2564 385 2604 riis
426 2565 515 2619 regi
559 2563 775 2605 conuenita
831 2562 980 2618 Neque
1021 2564 1131 2604 enim
1163 2563 1216 2603 ab
1248 2563 1395 2604 eodem
1435 2567 1478 2604 et
1508 2562 1675 2604 defendi
1708 2566 1749 2603 et

314 2620 476 2662 ductari
507 2622 719 2663 debemus.
782 2615 1054 2685 Quaprwoptei
1095 2634 1172 2662 nos
1214 2621 1274 2662 illi
1304 2626 1444 2676 grates
1486 2621 1641 2663 habere
1672 2634 1748 2676 pai
