1884 3126
212 938 244 965 10

206 1225 240 1252 15

284 285 366 327 388
631 312 633 314 .
854 284 907 306 '——
970 274 1038 317 XI
1098 301 1152 307 -

284 410 459 454 nominis
490 407 665 462 gloriam
690 407 876 460 equa‘ret,
909 404 1105 453 omnium,
1137 417 1218 458 que
1250 405 1428 457 paterna
1459 402 1716 457 corrupisset

282 468 444 514 inercia,
476 464 747 505 refeccionem
779 476 856 503 suc
880 461 1202 502 commendabat
1229 460 1447 511 industrie,
1479 464 1714 513 parentem-

282 539 361 580 que
391 536 565 578 perosus
597 535 721 561 auum
756 519 965 561 emulatus
997 524 1075 561 est.
1138 519 1323 559 Primum
1357 517 1482 571 igitur
1505 518 1715 559 Occultum

282 583 417 623 Olauo
464 579 681 620 consilium
723 577 887 631 prodit,
932 591 1067 632 eoque
1107 576 1147 616 id
1190 576 1329 631 ipsum
1360 575 1582 628 hortante,
1625 590 1715 618 rem

279 632 427 678 deinde
460 635 732 691 popularibus
775 636 921 689 aperit.
982 634 1146 675 Alacris
1180 633 1365 674 omnium
1410 633 1592 673 assensio
1624 633 1715 675 fuit.

279 694 374 747 Sed,
407 708 528 748 quem
561 707 637 734 rex
671 692 746 733 sibi
778 692 964 733 fraterne
998 691 1184 732 caritatis
1218 689 1504 731 uicissitudine
1541 705 1713 745 respon-

278 753 376 794 dere
421 750 674 805 crediderat,
730 751 909 791 latenter
952 750 1135 790 emulum
1184 748 1386 802 habebat,
1432 748 1714 804 insidioseque

276 810 364 850 eius
406 807 743 849 adumbracionis
790 807 984 861 ignarus,
1029 807 1225 848 affectum
1272 804 1417 847 referri
1448 806 1543 857 sibi,
1587 821 1711 862 quem

274 868 363 921 ipse
405 866 688 920 impenderet,
733 865 968 906 estimabat.
1041 865 1177 913 Quem
1212 864 1289 905 etsi
1330 862 1559 918 prudencia
1590 878 1712 906 secus

274 923 457 974 monuit,
499 923 697 965 sanctitas
742 927 883 963 tamen
925 923 1152 977 malignam
1186 921 1236 963 de
1269 920 1399 962 fratre
1432 922 1711 977 suspicionem

274 981 429 1022 referre
451 980 678 1035 prohibuit,
711 994 763 1021 ne
787 981 1143 1035 consanguineam
1174 980 1301 1021 fidem
1326 983 1486 1021 temere
1510 980 1712 1021 damnare

272 1040 398 1093 inque
444 1038 605 1079 fraudis
651 1043 766 1079 metu
814 1038 954 1080 hostes
1000 1052 1049 1079 ac
1094 1036 1353 1079 necessarios
1395 1036 1515 1078 iuxta
1554 1051 1711 1092 ponere

272 1097 500 1138 uideretur.
552 1095 711 1137 Verum
746 1095 919 1148 Olauus,
951 1096 1226 1137 affectacione
1256 1095 1375 1149 regni
1406 1095 1576 1149 pietatis
1611 1109 1711 1150 erga

272 1167 516 1208 germanum
557 1153 728 1205 oblitus,
773 1154 1038 1207 perfidissimi
1079 1154 1265 1209 pectoris
1311 1152 1502 1193 habitum
1549 1167 1711 1194 summa

272 1211 367 1252 fidei
410 1211 679 1253 simulacione
723 1211 915 1265 tegebat,
958 1212 1263 1266 uulgatumque
1303 1210 1413 1264 regis
1452 1211 1707 1266 propositum

217 1311 219 1315 ,
272 1275 354 1310 non
389 1270 525 1310 solum
556 1268 875 1310 adulacionibus
907 1269 1037 1323 fouit,
1071 1269 1143 1310 sed
1179 1268 1310 1309 eciam
1343 1268 1619 1310 hortamentis
1650 1269 1710 1310 in—

199 1512 236 1538 20

146 1794 233 1827 '25

195 2089 232 2116 30

196 2373 231 2400 35

269 1327 438 1379 struxit,
472 1341 552 1367 non
587 1326 697 1380 quod
730 1327 1069 1381 potentissimum
1093 1340 1271 1381 regnum
1302 1325 1354 1366 ab
1387 1339 1435 1367 eo
1468 1327 1706 1382 recuperari

269 1398 393 1439 posse
427 1391 627 1439 speraret,
661 1384 732 1424 sed
766 1389 814 1425 ut
846 1386 1052 1439 imperate
1075 1385 1131 1426 rei
1166 1384 1457 1424 difficultatem
1488 1384 1527 1424 in
1563 1385 1703 1425 odium

267 1442 511 1496 imperantis
534 1446 816 1482 conuerteret.
864 1442 1092 1484 Enimuero
1113 1441 1250 1483 fratris
1273 1440 1455 1481 animum
1486 1441 1703 1483 fastidiose

268 1501 490 1548 estimans,
524 1500 757 1554 piissimum
799 1500 887 1540 eius
920 1515 1107 1542 amorem
1139 1498 1377 1554 parricidali
1421 1498 1571 1540 fraude
1601 1514 1702 1554 pen-

266 1557 399 1599 sabat.
462 1557 568 1597 Nam
601 1571 692 1597 cum
723 1567 727 1606 l
755 1571 862 1608 eum,
895 1558 1006 1613 quod
1036 1557 1272 1611 neglectam
1305 1560 1400 1597 ante
1432 1557 1700 1599 seueritatem

267 1615 389 1656 nouis
420 1615 585 1668 legibus
619 1615 887 1666 restituisset,
927 1616 1087 1657 ciuibus
1120 1616 1303 1656 inuisum
1334 1615 1703 1666 animaduerteret,

267 1686 347 1726 quo
381 1672 523 1713 odium
556 1674 644 1714 eius
675 1673 933 1714 cumulacius
967 1673 1186 1726 redderet,
1219 1671 1332 1727 quod
1363 1672 1530 1726 publice
1564 1672 1704 1727 displi-

268 1734 400 1783 ceret,
443 1731 636 1785 priuatim
680 1731 836 1786 exequi
875 1731 1131 1772 stimulabat.
1193 1729 1249 1771 Et
1290 1743 1342 1770 ne
1385 1729 1499 1771 solus
1530 1730 1703 1771 insidias

266 1788 475 1831 uolueretq
518 1788 626 1829 lecta
671 1789 890 1842 societate,
933 1789 1191 1830 clandestine
1225 1787 1530 1829 coniurat-ionis
1564 1793 1701 1830 cetum

263 1845 475 1887 instruxit.
539 1845 628 1887 Nec
669 1847 825 1887 frustra
866 1847 1080 1901 ingenium
1121 1845 1211 1887 fuit.
1274 1845 1439 1900 Quippe
1483 1845 1703 1901 primores,

264 1916 444 1957 quorum
477 1903 684 1945 uiolencia
716 1905 842 1958 regiis
887 1904 1176 1946 sanccionibus
1208 1906 1351 1945 retusa
1381 1904 1540 1956 fuerat,
1575 1904 1702 1958 parri-

265 1960 407 2002 cidalis
453 1974 545 2002 cum
580 1961 715 2002 Olauo
758 1963 964 2016 propositi
996 1962 1260 2004 consorcium
1302 1961 1554 2002 habuerunt.
1616 1961 1702 2002 Ka—

265 2023 390 2060 nutus
420 2032 535 2069 uero,
570 2020 754 2060 omnium
785 2022 948 2062 animos
981 2020 1113 2074 glorie
1144 2019 1276 2072 magis
1309 2032 1433 2073 quam
1466 2019 1612 2060 sceleri
1642 2020 1702 2059 in-

263 2079 402 2117 tentos
434 2077 692 2129 existimans,
725 2078 927 2133 imperata
950 2078 1094 2130 classe,
1127 2076 1290 2132 Lymici
1312 2076 1437 2117 maris
1459 2077 1539 2118 oris
1572 2076 1701 2119 adue-

264 2133 399 2186 hitur,
445 2149 468 2175 a
513 2148 597 2190 quo
647 2135 918 2177 breuissimus
964 2136 1007 2176 in
1053 2134 1270 2176 Oceanum
1322 2134 1519 2175 transitus
1569 2139 1701 2189 patet,

263 2192 474 2245 quondam
497 2192 676 2246 nauigiis
711 2195 896 2246 peruius,
928 2207 1038 2234 nunc
1070 2206 1170 2233 uero
1200 2191 1418 2232 interiecta
1450 2191 1699 2233 harenarum

261 2249 373 2289 mole
415 2249 645 2303 preclusuS.
720 2250 801 2292 Hic
842 2265 916 2292 rex
960 2251 1192 2303 fraternum
1235 2249 1304 2289 diu
1342 2249 1598 2304 prestolatus
1631 2249 1701 2290 ad-

262 2312 450 2361 uentum,
481 2307 714 2362 nauigandi
753 2309 1026 2350 cunctacione
1051 2307 1261 2350 exercitus
1285 2307 1501 2348 alacritate
1533 2312 1595 2348 est
1630 2321 1701 2348 ex-

264 2377 422 2406 cussus
484 2364 593 2405 Nam
629 2365 812 2416 Olauus,
846 2366 1010 2408 reddita
1042 2365 1252 2406 tarditatis
1284 2364 1471 2415 racione,
1508 2364 1701 2406 ueniendi

261 2434 419 2461 moram
450 2422 490 2462 in
533 2422 620 2463 dies
660 2424 864 2474 extraxit,
903 2419 1303 2477 commentumque*
1337 2422 1537 2463 cassande
1569 2437 1699 2477 expe-

263 2477 433 2519 dicionis
465 2482 728 2532 excogitans,
759 2481 958 2523 alimenta
990 2480 1167 2536 perfidie
1201 2479 1389 2520 mendaci
1425 2480 1697 2535 impedimen-

262 2539 398 2576 torum
440 2538 718 2580 simulacione
761 2539 983 2593 querebat‚
1027 2552 1076 2580 eo
1117 2552 1279 2578 moram
1316 2536 1482 2579 trahere
1515 2538 1696 2592 cupiens,

265 2591 396 2634 donec
428 2599 499 2637 aut
531 2609 670 2650 regem
706 2596 793 2637 sine
825 2610 872 2651 eo
894 2596 1229 2651 proficiscentem
1251 2595 1416 2636 interim
1447 2595 1535 2650 ipse
1565 2609 1695 2649 regno

193 2660 231 2688 40
261 2649 470 2705 priuaret,
503 2653 571 2694 uel
615 2653 814 2696 tarditate
841 2654 1095 2709 suspensum
1137 2650 1404 2706 exercitu[m]
1437 2652 1697 2707 destitueret,

1758 1575 1786 1600 p.
1806 1568 1856 1594 584

1736 2429 1859 2458 cxvi.
