1884 3126
24 879 60 908 10

28 1170 63 1197 15

26 1459 64 1486 20

26 1750 63 1777 25

29 2035 65 2063 30

30 2325 67 2354 35

31 2612 67 2641 40

626 239 678 245 —
741 212 879 255 XIIII
940 237 992 243 —
1450 215 1562 257 547*

92 341 335 383 maturauit.
395 340 566 382 Interea
587 340 800 382 Henricus
822 341 1117 383 Holsatiorum
1147 341 1380 398 principem
1401 341 1533 384 Adol-

91 399 180 441 fum
210 413 304 441 cum
336 398 522 441 Henrico
554 398 872 454 Razaburgensi
903 399 1223 467 profectumque
1254 401 1427 443 Swerini
1459 414 1534 457 op-

93 457 192 513 pidi,
223 457 534 523 Guncellinum,
567 456 682 511 quod
712 457 859 513 nulper
889 472 913 499 a
935 458 1214 501 Saxonibus
1203 474 1244 501 1n
1276 463 1535 515 potestatem

93 515 313 557 redactum
360 516 424 557 ius
469 519 512 556 et
561 514 744 556 formam
794 515 976 557 ciuitatis
1028 521 1273 571 acceperat,
1322 530 1401 558 nec
1449 531 1535 559 non

91 573 364 627 Regnaldum
394 572 626 628 quendam,
665 587 812 629 parum
855 573 1017 639 origine
1054 574 1256 640 liberum,
1300 575 1537 631 opibusque

93 645 217 697 quam
248 645 405 686 genere
445 631 690 683 clariorem,
732 645 827 672 cum
856 630 1011 685 insigni
1042 633 1262 687 copiarum
1294 637 1412 687 parte
1443 647 1536 689 pre-

92 689 244 740 mittit,
279 689 529 743 expeditum
570 689 649 731 sibi
680 689 908 730 transitum
937 694 1175 744 paraturos.
1237 690 1433 739 Quorum
1476 692 1536 732 in-

92 761 284 802 gressum
331 747 470 789 Sclaui
516 761 610 789 cum
653 747 808 802 partim
854 746 989 798 fama,
1035 749 1188 803 partim
1242 749 1534 804 experimento

94 805 406 860 cognouissent,
438 818 530 846 cum
555 808 673 860 parte
707 805 892 846 hostium
914 804 1140 859 confligere
1163 820 1290 862 quam
1319 807 1537 853 uniuersos

92 863 269 917 aggredi
301 862 567 915 maluerunt,
608 862 782 904 multum
826 877 881 904 ex
913 877 1059 904 eorum
1092 863 1269 917 robore
1301 865 1335 906 si
1367 866 1536 920 preuios

95 920 417 976 oppressissent,
450 896 719 962 deflu⁷xurum
751 919 984 963 credentes
1033 920 1221 977 Cumque
1255 936 1416 964 summa
1439 937 1537 965 cura

95 993 143 1019 ac
176 979 504 1032 flagrantissimo
536 979 677 1020 studio
710 978 764 1020 ad
797 992 870 1020 eos
893 980 1192 1034 opprimendos
1221 981 1536 1034 contenderent,

94 1036 322 1079 demonem
352 1036 564 1078 horrende
595 1036 731 1079 forme
763 1050 945 1091 superne
975 1037 1204 1079 uerticibus
1246 1038 1538 1080 imminentem

94 1094 252 1137 uidere.
307 1094 400 1142 Quo
423 1101 613 1136 monstro
635 1099 838 1150 tanquam
860 1094 1061 1136 diuinitus
1093 1095 1180 1136 dati
1203 1095 1318 1138 ducis
1350 1097 1539 1139 aduentu

96 1152 260 1203 firmati,
293 1152 471 1208 sumptis
503 1153 679 1195 uictorie
700 1152 909 1208 auspiciis,
942 1167 996 1194 ex
1028 1154 1257 1208 improuiso
1290 1154 1472 1196 hostium
1494 1169 1538 1196 se

96 1211 241 1252 eastris
272 1210 550 1265 immergunt,
584 1225 739 1266 eosque
769 1211 998 1265 imparatos
1042 1211 1298 1254 confodiunt.
1360 1212 1538 1254 Adolfus

96 1274 137 1309 et
168 1269 423 1323 Regnaldus,
446 1268 486 1310 in
532 1269 625 1324 ipso
658 1274 893 1310 castrorum
933 1268 1053 1310 aditu
1082 1270 1315 1323 interfecti,
1347 1272 1539 1325 neglecte

95 1327 286 1368 militaris
319 1326 548 1382 prudencie
590 1341 723 1383 penas
767 1327 973 1381 sanguine
1004 1327 1314 1382 persoluerunt.
1378 1328 1535 1376 Quibus

96 1384 230 1439 prima
273 1383 375 1426 cede
414 1386 659 1439 prostratis,
707 1384 979 1426 Guncellinus
1028 1390 1069 1426 et
1115 1385 1348 1439 Henricus,
1389 1386 1537 1429 mediis

95 1443 347 1484 irruencium
379 1443 518 1496 globis
540 1443 686 1498 elapsi,
719 1442 922 1498 correptis
944 1443 1105 1497 aquilis,
1137 1443 1189 1483 ad
1211 1457 1256 1484 se
1282 1443 1538 1499 fugiencium

95 1500 305 1542 sociorum
336 1501 535 1556 reliquias
569 1506 835 1554 contraxere,
867 1514 917 1541 ac
949 1500 1120 1543 demum
1142 1502 1284 1543 hostes
1316 1502 1445 1557 prede
1476 1503 1537 1543 in-

96 1559 299 1600 cubantes
331 1558 533 1600 audacter
574 1559 733 1612 adorti,
775 1558 919 1614 fugam
964 1559 1140 1600 uictoria
1180 1564 1411 1602 mutauere.
1473 1558 1538 1601 Ita

96 1616 301 1669 Saxones,
333 1631 573 1673 quanquam
603 1616 828 1673 improuidi
863 1616 1019 1659 bellum
1051 1621 1301 1670 tentassent,
1334 1618 1538 1659 maiorem

96 1674 261 1715 cladem
290 1675 499 1730 gesserint
530 1689 581 1716 an
614 1676 877 1730 acceperint,
910 1675 1069 1716 uirtute
1103 1675 1273 1716 dubium
1315 1676 1537 1731 reliquere.

96 1732 190 1780 Quo
222 1737 412 1787 accepto,
446 1732 672 1786 Henricus,
703 1747 880 1774 suorum
905 1733 1092 1783 oedibus,
1125 1737 1172 1774 ut
1202 1747 1278 1788 par
1309 1737 1411 1787 erat,
1444 1748 1537 1788 per·

68 1796 259 1843 'motus,
302 1790 509 1845 exigende
552 1790 735 1833 uindicte
777 1790 916 1833 studio
961 1791 1013 1831 ad
1053 1791 1317 1833 obsidionem
1357 1790 1538 1833 Demine

95 1848 236 1901 urbis,
278 1853 602 1904 quantacunque
646 1850 784 1904 potuit
827 1848 1064 1901 celeritate,
1108 1849 1338 1891 contendit.
1400 1848 1539 1897 Quam

96 1911 319 1961 postquam
353 1908 464 1948 ultro
497 1907 550 1948 ab
592 1907 736 1949 incolis
770 1907 963 1949 obustam
995 1907 1223 1962 comperit,
1266 1912 1311 1948 ut
1341 1907 1538 1949 uniuersa

96 1965 227 2019 ipsius
269 1965 529 2006 monimenta
567 1965 813 2018 subrueret,
850 1965 1049 2020 reliquias
1092 1964 1274 2007 menium
1317 1964 1407 2007 solo
1442 1978 1539 2006 exe-

96 2023 214 2077 quari
246 2023 447 2078 precepit.
494 2022 550 2063 Et
581 2023 782 2079 quoniam
812 2024 855 2064 in
879 2023 1070 2065 homines
1091 2023 1273 2078 grassari
1296 2037 1378 2064 non
1410 2022 1538 2075 licuit,

96 2086 298 2135 tanquam
350 2094 375 2122 a
424 2081 549 2122 rebus
601 2082 727 2122 mutis
779 2081 1032 2136 supplicium
1082 2084 1327 2131 exacturus,
1388 2080 1540 2122 urbem

99 2137 358 2189 Gozcouam,
400 2138 526 2180 simili
565 2139 798 2180 incolarum
842 2139 1129 2194 trepidacione
1173 2137 1406 2188 desertam,
1449 2151 1538 2180 cre-

98 2195 298 2236 mandam
328 2197 504 2250 curauit.
550 2196 837 2251 Walogostini
868 2210 1046 2252 quoque,
1069 2196 1339 2237 finitimarum
1358 2195 1537 2248 urbium,

99 2267 277 2308 quarum
307 2253 469 2296 excidio
502 2253 794 2307 terrebanltur,
828 2254 1071 2309 exemplum
1098 2255 1244 2307 secuti,
1276 2253 1536 2295 clandestino

97 2312 277 2354 traiectu
306 2312 487 2353 fluminis
519 2326 616 2353 cum
646 2312 848 2354 uxoribus
880 2326 929 2353 ac
962 2312 1101 2353 liberis
1132 2312 1388 2367 muncipium
1422 2311 1538 2353 dese-

98 2374 209 2422 runt,
241 2374 416 2424 penates
441 2369 654 2412 duntaxat·
671 2370 795 2411 rebus
816 2384 975 2412 uacuos
998 2369 1142 2412 hostili
1164 2370 1317 2411 seuicie
1339 2368 1538 2412 relicturi.

100 2427 286 2475 Quorum
319 2427 471 2469 urbem
501 2442 578 2469 rex
608 2428 724 2470 nullo
747 2428 920 2481 negocio
952 2428 1232 2482 interceptam
1264 2426 1467 2468 militibus
1489 2440 1539 2468 ac

99 2483 318 2539 stipendiis
349 2485 531 2539 instruit,
558 2500 737 2541 eamque
769 2485 1086 2527 Wethemanno
1129 2489 1279 2541 pyrate
1312 2483 1540 2526 curandam

100 2542 336 2585 committit.
413 2542 631 2585 Oznenses
677 2556 865 2599 quoque,
907 2543 1002 2598 plus
1047 2557 1102 2584 ex
1147 2542 1323 2584 aliarum
1369 2541 1538 2584 urbium

98 2600 269 2641 fortuna
300 2601 480 2651 timoris,
527 2615 654 2657 quam
694 2616 747 2643 ex
779 2601 863 2643 suis
894 2600 1086 2642 menibus
1117 2599 1268 2641 fiducie
1311 2599 1538 2655 capientes,

1334 2667 1402 2704 35·

1590 476 1617 502 p.
1635 468 1688 496 '197
1704 478 1708 482 ’

1592 2272 1619 2296 p.
1637 2262 1690 2290 798
