1884 3126
228 896 262 923 10

227 1186 262 1213 15

225 1474 262 1501 20

223 1764 260 1791 25

224 2052 261 2080 30

225 2343 261 2370 35

226 2634 262 2662 40

302 237 384 278 186
878 259 931 265 -
994 233 1055 276 VI
1117 258 1167 265 ——

298 364 590 419 submotisque
622 365 716 405 loeo
748 378 823 406 suo
857 363 1067 419 corrigiis,
1110 362 1265 405 donum
1298 363 1351 405 ad
1383 363 1578 406 iniuriam
1609 369 1741 406 trans-

297 423 438 463 ferret.
522 422 651 463 Cuius
702 422 760 463 rei
812 421 1079 464 deformitate
1131 426 1293 463 tantum
1345 422 1505 463 muneri
1558 422 1740 464 criminis

298 480 515 534 afferebat,
549 484 595 521 ut
625 479 768 521 odium
797 494 872 536 pro
902 480 1043 534 gracia
1066 480 1282 535 percipere
1315 479 1543 522 uideretur.
1589 480 1739 536 Itaque

298 539 508 579 neminem
556 552 607 580 ex
648 538 837 580 honestis
883 538 1134 580 liberalitate
1171 538 1372 594 prosequi
1414 537 1583 591 solitus,
1631 539 1740 580 cirea

295 595 444 637 mimos
489 610 536 637 ac
578 596 832 638 ioculatores
876 596 1164 638 munificencia
1211 596 1359 637 studiis
1403 595 1461 636 uti
1506 597 1739 638 consueuit.

297 653 537 709 Oportebat
582 668 785 709 namque,
826 658 872 694 ut
919 653 1051 708 turpis
1095 653 1288 708 turpibus
1329 653 1581 694 commercia
1621 654 1740 694 fami-

297 711 488 752 liaritatis
520 711 797 767 impenderet,
830 716 872 752 et
903 712 1109 753 uiciorum
1131 711 1230 753 tabo
1266 712 1427 753 obsitus
1451 710 1571 766 culpe
1601 711 1739 753 socios

299 768 679 811 blandimentorum
727 770 931 811 lenocinio
977 769 1250 811 demulceret.
1327 769 1466 811 Fuere
1512 776 1654 810 tamen
1701 770 1737 811 ei

297 831 486 883 spectate
532 827 700 869 uirtutis
745 841 965 881 proceres,
1014 827 1234 882 Gegathus
1276 831 1318 869 et
1358 827 1621 877 Suibdauus‚
1667 828 1738 882 qui

294 886 401 927 inter
443 885 778 927 effeminatorum
820 885 1058 935 consorcia,
1103 885 1238 927 ueluti
1277 899 1442 940 gemme
1484 885 1738 928 stercoribus

295 943 441 997 insite,
493 944 720 999 conspicuo
772 943 1018 985 militarium
1070 957 1243 998 operum
1290 943 1457 998 fulgore
1507 943 1738 998 pollebant.

294 1001 444 1055 Itaque
486 1002 559 1043 soli
602 1001 810 1054 regiarum
853 1015 982 1056 opum
1028 1000 1272 1043 defensores
1317 1001 1553 1043 exstabant.
1604 1001 1739 1056 Igitur

293 1058 424 1115 prelio
486 1059 594 1101 inter
641 1059 876 1113 Hugletum
925 1063 967 1100 et
1012 1058 1234 1100 Haconem
1296 1063 1452 1114 cepto,
1513 1059 1737 1100 mimorum

295 1115 484 1172 grellges,
536 1117 685 1172 quibus
732 1116 1048 1158 instabilitatem
1094 1131 1320 1172 corporum
1369 1117 1520 1159 leuitas
1570 1117 1738 1172 peperit

294 1176 553 1227 animorum,
600 1174 775 1230 trepidis
822 1175 951 1216 aciem
1001 1175 1167 1216 soluere
1215 1174 1484 1228 decursibus,
1535 1180 1738 1230 tantaque

295 1234 405 1288 regis
456 1233 657 1274 beneficia
705 1234 792 1274 sola
835 1233 936 1288 fuge
982 1232 1250 1275 deformitate
1296 1237 1541 1288 pensarunt.
1618 1232 1736 1274 Tunc

296 1291 517 1345 Gegathus
551 1295 592 1332 et
623 1291 884 1340 Suibdauus‚
925 1291 1001 1331 soli
1035 1294 1097 1331 tot
1137 1290 1322 1332 hostium
1360 1290 1527 1333 milibus
1569 1290 1737 1344 obiecti,

295 1349 531 1391 incredibili
565 1349 718 1391 bellum
752 1349 910 1391 uirtute
944 1355 1180 1403 gesserunt,
1214 1354 1260 1390 ut
1291 1363 1375 1391 non
1398 1348 1578 1390 duorum
1609 1347 1736 1390 modo

294 1407 493 1460 militum,
541 1406 614 1448 sed
664 1406 851 1448 uniuersi
897 1407 1074 1460 agminis
1121 1411 1264 1461 partes
1311 1421 1436 1459 agere
1481 1407 1737 1449 uiderentur.

294 1465 378 1507 Sed
423 1470 463 1507 et
507 1465 727 1519 Gegathus
768 1464 989 1506 Haconem
1034 1464 1110 1506 sibi
1155 1464 1408 1520 pertinacius
1451 1464 1737 1506 imminentem

295 1527 413 1565 tanto
447 1523 629 1578 pectoris
660 1523 834 1564 uulnere
867 1522 1028 1576 affecit,
1071 1525 1118 1564 ut
1143 1523 1342 1564 iocinoris
1374 1537 1570 1578 suprema
1600 1522 1736 1564 deter-

294 1584 427 1635 geret.
502 1580 595 1622 Illic
645 1581 965 1632 Starcatherus,
1018 1579 1116 1622 dum
1167 1580 1278 1622 ferro
1326 1580 1570 1635 Gegathum
1620 1581 1736 1636 petit,

294 1639 613 1681 acerbissimum
646 1639 782 1694 eapite
812 1638 966 1680 uulnus
999 1638 1189 1694 excepit3
1221 1637 1335 1680 unde
1365 1643 1463 1693 post
1492 1638 1664 1680 modum
1695 1638 1734 1681 in

296 1696 484 1752 quodam
517 1697 721 1750 carmine,
764 1710 850 1738 non
891 1695 994 1738 alias
1034 1697 1263 1738 tristiorem
1304 1696 1385 1738 sibi
1424 1697 1594 1751 plagam
1634 1696 1734 1738 inci-

294 1755 418 1808 disse,
450 1754 678 1809 perhibuit,
710 1754 835 1809 quod.
867 1753 965 1797 licet
990 1753 1150 1795 discissi
1181 1754 1329 1809 eapitis
1352 1758 1493 1809 partes
1526 1754 1736 1796 exteriore

293 1813 416 1868 pellis
456 1812 617 1854 ambitu
648 1816 941 1865 necterentur,
982 1813 1120 1854 latens
1153 1816 1293 1854 tamen
1336 1812 1377 1854 in
1409 1812 1585 1863 uulnere
1628 1812 1737 1853 liuor

295 1871 486 1912 clausum
517 1870 752 1926 putredinis
799 1869 1338 1924 contagiumbccultabat.
1399 1869 1549 1912 Victor
1581 1870 1737 1912 occiso-

294 1943 375 1984 que
409 1927 612 1983 HugletO,
644 1927 718 1969 sed
750 1932 791 1969 et
823 1927 1175 1970 Hiberniensibus
1207 1928 1247 1969 in
1279 1927 1423 1983 fugam
1454 1927 1580 1975 actis,
1622 1927 1736 1970 Star-

294 1986 525 2038 catharus,
586 2000 859 2041 quoscunque
919 2000 972 2027 ex
1032 1985 1305 2028 histrionibus
1365 1986 1557 2042 capcioni
1616 1999 1737 2027 casus

293 2043 458 2094 obtulit,
481 2043 693 2085 cedendos
713 2042 887 2098 <uirgis>
914 2042 918 2095 Ι
946 2043 1122 2097 curauit,
1144 2044 1281 2085 sacius
1299 2047 1415 2085 ratus
1436 2043 1477 2084 in
1498 2057 1736 2085 scurrarum

294 2115 445 2156 agmen
479 2102 659 2144 cuticule
691 2101 842 2143 damno
877 2100 1097 2143 ridiculum
1125 2101 1283 2143 dictare
1314 2102 1578 2156 supplicium,
1612 2115 1736 2157 quam

294 2174 403 2215 pena
436 2160 583 2214 capitis
614 2160 827 2202 funestum
871 2160 1100 2214 impetrare
1133 2159 1368 2201 discrimen.
1431 2159 1499 2200 Ita
1542 2159 1737 2201 iocularis

294 2217 513 2260 ministerii
553 2217 808 2274 sordideque
855 2215 1112 2259 condicionis
1155 2220 1369 2259 cateruam
1411 2217 1617 2271 probroso
1649 2216 1737 2258 ani-

294 2275 602 2318 maduersionis
633 2289 787 2330 genere
818 2275 1047 2324 insecutus,
1085 2275 1268 2316 obsceno
1298 2274 1522 2317 uerberum
1553 2274 1734 2316 ludibrio

293 2333 497 2375 mulctare
531 2337 753 2376 contentus
795 2332 946 2375 extitit.
1007 2332 1114 2374 Tum
1152 2333 1259 2375 Dani
1302 2333 1413 2388 apud
1453 2332 1600 2374 urbem
1632 2332 1738 2374 Duf-

292 2391 438 2433 flinam
469 2391 605 2446 regias
653 2405 754 2447 opes
802 2391 935 2433 erario
969 2396 1133 2445 egestas
1180 2390 1349 2446 publico
1394 2396 1518 2445 raptu
1558 2389 1739 2432 conuelli

292 2449 525 2491 iusserunt.
586 2448 721 2492 Tante
753 2448 960 2504 siquidem
1002 2448 1305 2503 magnitudinis
1348 2448 1528 2503 pecunia
1569 2451 1738 2504 reperta

295 2507 447 2554 fuerat,
480 2511 526 2548 ut
558 2508 694 2548 minor
723 2506 966 2562 particionis
998 2521 1096 2548 cura
1128 2506 1286 2548 cunctis
1318 2506 1529 2547 existeret.

427 2565 538 2606 Post
578 2565 655 2607 hee
700 2564 997 2607 Starcatherus
1044 2564 1099 2606 ad
1143 2563 1416 2606 inhibendam
1458 2562 1736 2605 Orientalium

295 2621 583 2665 defeccionem
606 2637 690 2665 una
712 2636 806 2664 eum
828 2619 976 2675 Wino,
1008 2620 1257 2665 Sclauorum
1278 2621 1480 2678 principe,
1501 2620 1735 2677 delegatur.
