1884 3126
187 878 220 903 10

190 1170 219 1195 15

253 219 338 261 250
827 243 875 249 -
939 217 1030 262 VII
1090 242 1140 249 ——

255 346 307 388 ob
340 347 544 387 uirtutem
574 346 668 402 capi
699 347 846 401 pocius
879 360 1006 402 quam
1044 345 1179 387 occidi
1213 346 1389 388 curauit.
1454 345 1618 395 Quibus
1653 347 1696 388 in

253 403 547 445 commilicium
580 405 775 460 receptis,
807 404 1105 458 Aquitanniam
1139 405 1266 445 armis
1296 403 1548 459 perdomuit,
1580 419 1698 446 mox-

251 476 332 517 que
355 461 617 503 Britanniam
638 466 799 517 petens,
832 462 1118 504 Humbrorum
1150 476 1250 517 rege
1273 466 1499 517 prostrato,
1531 475 1698 517 promp-

252 519 434 560 tissimos
469 533 660 574 quosque
691 520 856 561 deuicte
886 520 1118 561 iuuentutis
1151 519 1337 562 adeiuit.>
1379 519 1570 567 Quorum
1603 533 1697 572 pre-

250 578 398 632 cipuus
439 576 541 618 Orin
579 581 584 627 1
623 583 906 633 cognomento
954 577 1221 619 Britannicus
1270 577 1519 619 habebatur.
1601 577 1695 619 Hac

253 649 397 676 rerum
427 635 540 676 fama
579 635 762 677 athletas
793 650 815 677 e
848 636 975 676 uariis
1020 635 1131 677 orbis
1163 635 1352 690 partibus
1390 635 1613 676 accersitos
1655 635 1697 676 in

253 693 557 734 mercenariam
587 707 758 734 manum
789 693 963 748 redegit.
1021 694 1212 741 Quorum
1234 693 1477 748 frequencia
1508 691 1697 747 a<u>otus

253 750 362 792 adeo
386 764 615 804 regnorum
638 752 826 792 omnium
848 756 988 792 motus
1020 751 1199 792 nominis
1221 751 1287 792 sui
1309 755 1470 792 terrore
1494 751 1697 805 cohibuit,

254 813 298 849 ut
344 822 488 850 eorum
536 809 770 851 rectoribus
818 815 1011 850 mutuum
1058 808 1316 851 conset-ende
1358 823 1505 850 manus
1547 823 1696 850 ausum

252 870 484 908 excuteret.
536 866 619 909 Sed
653 882 732 910 nec
764 867 984 922 quisquam
1019 867 1142 907 maris
1165 867 1504 908 dominacionem
1535 866 1696 922 absquo

254 925 344 966 eius
367 929 473 965 nutu
498 926 999 980 usurpare'presumpsit.
1054 924 1222 979 Quippe
1245 924 1458 979 quondam
1490 925 1530 965 in
1554 924 1697 966 Dano-

252 997 344 1024 rum
378 982 594 1037 republica
626 983 846 1023 diuiduum
880 989 989 1024 terre
1021 986 1063 1023 et
1091 982 1231 1037 pelagi
1261 982 1485 1037 imperium
1518 981 1610 1023 fuit.

391 1040 562 1082 Interea
607 1040 723 1095 apud
771 1040 958 1081 Suetiam
1003 1041 1178 1081 moritur
1223 1040 1445 1095 Ingeldus,
1488 1039 1697 1094 Ringone,

1750 583 1778 608 p.
1798 575 1849 601 367

252 1112 374 1153 quem
420 1113 474 1139 cx
506 1098 685 1139 Halaldi
726 1113 872 1140 sorore
913 1098 1164 1152 sustulerat,
1206 1098 1385 1153 paruulo
1429 1097 1482 1138 ad
1526 1097 1697 1138 modum
1744 1123 1749 1126 -

251 1156 337 1196 filio
371 1156 543 1208 relicto,
576 1171 701 1211 quem
734 1155 949 1197 Haraldus
973 1160 1159 1221 paterno
1192 1170 1339 1210 regno,
1379 1155 1487 1196 datis
1520 1156 1558 1197 ei
1588 1159 1696 1197 tuto-

251 1213 388 1263 ribus,
431 1214 620 1268 prefecit.
693 1213 759 1255 Ita
790 1214 1018 1269 prouinciis
1062 1214 1403 1269 principibusque
1435 1213 1695 1279 perdomitis,

253 1271 559 1327 quinquaginta
601 1286 733 1313 annos
776 1273 815 1312 in
859 1271 949 1313 ocio
993 1271 1152 1313 habuit.
1230 1271 1420 1319 Quorum
1466 1271 1607 1326 quiete
1643 1284 1696 1312 ne

252 1330 431 1370 militum
463 1330 626 1371 animos
658 1330 699 1370 in
733 1329 933 1370 desidiam
966 1330 1123 1371 resolui
1155 1333 1397 1385 pateretur,
1438 1328 1605 1370 assidue
1636 1329 1695 1370 eis

252 1386 428 1428 cauendi
474 1387 766 1443 inferendique
806 1388 914 1428 ictus
945 1388 1160 1429 racionem
1201 1401 1226 1428 a
1256 1387 1564 1440 gladiatoribus
1603 1401 1697 1442 per-

182 1458 198 1484 2
251 1444 494 1486 discendam
518 1446 744 1487 constituit.
799 1445 986 1493 Quorum
1011 1444 1197 1500 quidam,
1229 1445 1383 1500 insigni
1409 1445 1694 1486 dimicacionis

250 1506 342 1544 arte
374 1503 597 1550 callentes,
640 1503 823 1545 aduerse
866 1502 1018 1544 frontis
1058 1503 1328 1557 supercilium
1360 1502 1566 1543 infallibili
1608 1502 1696 1544 ictu

251 1561 376 1602 ferire
398 1562 604 1604 solebant.
639 1561 734 1610 Quo
754 1561 882 1616 siquis
911 1565 1083 1616 recepto
1104 1561 1336 1603 uersilitate
1361 1560 1566 1615 palpebre
1589 1559 1697 1600 timi-

252 1617 345 1660 dius
377 1619 640 1671 conniueret,
671 1633 773 1660 mox
805 1619 902 1660 aula
925 1619 1084 1660 eiectus
1117 1618 1337 1673 stipendiis
1369 1617 1694 1671 defungebatur.

388 1676 567 1718 Hisdem
601 1677 862 1742 temporibus
895 1676 1088 1727 Olonem,
1120 1676 1178 1730 Sy
1183 1676 1303 1718 uardi
1334 1676 1479 1725 filium,
1503 1651 1695 1716 &Haraldi

184 1747 217 1773 ρ’
251 1748 396 1775 sorore
428 1734 600 1785 editum,
626 1734 672 1788 Η
662 1749 703 1776 m
736 1735 918 1776 Daniam
942 1749 1006 1776 e
986 1734 1204 1788 Noruagie
1237 1734 1389 1775 finibus
1412 1732 1695 1799 conspiciendi

252 1792 449 1833 auunculi
483 1792 633 1846 cupido
666 1792 876 1847 perduxit
939 1792 1077 1840 Quem
1109 1792 1206 1847 quia
1235 1793 1417 1846 primum
1449 1792 1489 1832 in
1517 1790 1695 1832 Haraldi

251 1849 445 1891 clientela
478 1849 680 1904 habitum,
720 1855 818 1904 post
850 1850 1007 1891 bellum
1047 1864 1150 1891 uero
1192 1849 1408 1890 Sueticum
1437 1849 1697 1889 Danicarum

184 1966 189 1969 .
251 1921 391 1948 rerum
413 1908 589 1963 imperio
611 1908 793 1963 potitum
820 1907 825 1961 Ι
854 1911 1031 1950 constat
1056 1908 1275 1963 proposito
1297 1907 1512 1963 paulisper
1533 1906 1695 1960 attinet,

182 2038 219 2064 30

183 2323 218 2350 35

185 2616 219 2643 40

252 1979 333 2020 que
376 1965 429 2007 de
475 1966 562 2007 eius
607 1966 807 2021 operibus
854 1966 1054 2007 memorie
1095 1969 1203 2006 sunt
1238 1964 1420 2021 prodita,
1460 1977 1694 2006 recensere

248 2023 386 2077 Igitur
419 2023 512 2072 Olo,
545 2025 724 2066 tercium
757 2024 877 2066 etatis
917 2025 1096 2065 lustrum
1129 2023 1240 2078 apud
1282 2027 1445 2078 patrem
1487 2035 1693 2074 emensus,

251 2085 455 2136 quantum
487 2081 613 2122 animi
644 2082 932 2147 corporisque
948 2081 1116 2123 dotibus
1147 2080 1411 2131 inclaruerit,
1453 2078 1696 2121 incredibile

250 2138 445 2181 reddidit.
506 2140 712 2182 Preterea
753 2140 860 2181 adeo
893 2140 985 2181 uisu
1018 2139 1174 2181 efferus
1207 2143 1318 2190 erat,
1363 2142 1432 2188 ut,
1472 2137 1584 2193 quod
1627 2136 1697 2178 alii

251 2197 390 2250 armis,
422 2197 512 2252 ipse
545 2198 675 2239 oculis
708 2197 748 2238 in
781 2198 949 2239 hostem
978 2202 1134 2253 ageret,
1171 2210 1220 2237 ac
1249 2196 1525 2238 fortissimum
1555 2209 1698 2260 quem-

251 2268 333 2309 que
363 2254 557 2304 uibrante
589 2255 794 2305 luminum
835 2255 1012 2297 acritate
1042 2258 1232 2297 terreret.
1304 2253 1380 2295 Cui
1414 2267 1509 2295 cum
1541 2253 1696 2294 nuncio

250 2313 436 2354 delatum
480 2319 609 2367 esset,
643 2313 925 2366 Gunnonem,
966 2310 1331 2366 Thelema<r>chie
1371 2311 1549 2361 ducem,
1601 2324 1697 2351 cum

250 2370 335 2411 filio
368 2370 572 2413 Grimone
600 2347 750 2412 ⁷nemus
782 2371 1012 2437 Ethascog,
1048 2370 1162 2426 quod
1195 2374 1237 2412 et
1266 2369 1487 2411 fruticibus
1519 2367 1695 2424 preden·

250 2442 340 2469 sum
375 2433 417 2470 et
437 2429 619 2471 uallibus
641 2442 766 2483 quam
799 2429 981 2470 'maxime
1000 2442 1178 2484 opacum
1202 2432 1304 2478 erat,
1336 2440 1412 2482 per
1432 2426 1697 2468 latrocinium

251 2486 470 2540 obsidere,
515 2486 710 2528 facinoris
754 2486 1048 2541 indignacione
1088 2490 1348 2538 commotus,
1390 2499 1483 2525 cum
1521 2497 1624 2525 cane
1655 2487 1697 2524 et

251 2558 361 2599 equo
404 2520 640 2600 paiabilem
683 2558 708 2585 a
746 2549 865 2599 patre
911 2547 1172 2585 armaturam
1218 2542 1434 2608 deposcit,
1480 2543 1697 2583 iuuentam

252 2601 471 2656 damnans,
507 2617 589 2658 que
622 2602 812 2643 debitum
842 2603 991 2644 uirtuti
1022 2606 1188 2658 tempus
1221 2600 1375 2642 inercia
1419 2576 1547 2641 dilabi
1578 2603 1697 2655 pate-

1749 1737 1841 1771 (140)
1876 1741 1884 1796 1

1750 1920 1778 1945 p.
1798 1911 1848 1938 368
