1884 3126
213 941 249 968 10

213 1229 249 1256 15

210 1515 247 1542 20

208 1804 245 1831 25

211 2092 247 2119 30

209 2381 246 2408 35

283 289 365 330 406
849 303 902 310 -—
960 277 1052 318 ΧΠ
1116 301 1169 305 -

284 418 373 455 etas
405 411 551 454 honori
583 408 881 463 tempestiuum
929 406 1148 458 effecerat,
1192 404 1303 458 regis
1335 402 1524 458 partibus
1555 401 1724 457 perfun-

285 471 415 512 ctorie
439 469 580 509 donat.
622 465 849 507 Scialmoni
872 478 973 505 uero
998 462 1203 513 Candido,
1236 460 1568 516 splendidissime
1596 464 1723 515 atque

282 526 548 580 integerrime
580 523 793 578 dignitatis
826 522 928 574 uiro,
961 522 1026 563 cui
1059 535 1143 562 non
1175 520 1307 561 solum
1339 518 1474 560 tocius
1498 517 1725 572 Sialandie,

283 584 356 626 sed
388 583 518 623 eciam
549 581 703 635 Rugie,
734 580 955 634 uectigalis
987 593 1011 620 a
1043 593 1086 619 se
1117 578 1243 627 facte,
1277 576 1622 632 procuracionem
1655 576 1726 617 de-

281 641 457 692 tulerat,
504 638 747 693 peragendo
797 638 906 679 circa
953 635 1171 677 Kanutum
1223 634 1490 675 educacionis
1539 633 1726 675 officium

282 696 468 740 mandat.
515 695 686 736 Ericum
719 699 873 747 autem,
907 695 1150 735 obscuriore
1181 692 1274 733 loco
1308 697 1468 742 natum,
1500 691 1726 733 hebeciore

282 768 447 810 quoque
479 767 577 794 cura
609 754 880 807 complexus,
920 752 1093 793 minoris
1125 749 1319 805 potencie
1350 749 1562 791 tutoribus
1594 750 1726 805 appli-

281 812 407 854 cauit.
470 810 633 859 Quibus
666 811 904 866 dispositis,
948 815 994 849 ut
1026 808 1273 863 granditatis
1305 821 1381 849 sue
1413 808 1598 863 speciem
1631 821 1726 849 con-

281 874 484 911 sentaneo
511 882 736 924 corporum
758 868 904 909 habitu
936 868 1155 915 minueret,
1187 865 1506 921 procerissimos
1539 879 1728 921 quosque

279 926 636 983 peregrinacionis
657 926 882 981 participes
911 925 1028 979 legit,
1060 924 1202 979 sicque
1224 923 1360 965 aliene
1382 928 1544 965 stature
1566 930 1728 979 speeta-

280 985 374 1027 culo
405 998 479 1026 sue
512 983 758 1025 miraculum
793 983 1068 1038 temperauit‚
1107 996 1160 1023 ne
1192 982 1415 1036 singularis
1448 981 1536 1023 eius
1567 982 1726 1035 magni-

280 1042 383 1084 tudo
416 1042 651 1083 uisentibus
685 1042 842 1082 exteris
873 1040 1055 1082 ludib1i0
1100 1039 1222 1082 foret.
1286 1039 1376 1081 Nec
1407 1040 1528 1094 piger
1559 1039 1726 1082 Botilde

281 1099 333 1142 ad
368 1099 652 1141 consectanda
685 1099 821 1140 mariti
854 1098 994 1139 studia
1026 1098 1191 1139 animus
1231 1097 1324 1139 fuit.
1387 1096 1522 1146 Quem
1556 1097 1727 1152 quidem

283 1156 432 1199 eodem
455 1161 570 1211 uoto,
597 1156 668 1198 sed
694 1156 866 1198 diuiduo
889 1157 1014 1197 thoro
1037 1160 1196 1209 secut-a,
1227 1155 1510 1211 profeccionis
1533 1155 1727 1198 meritum

281 1215 488 1271 pudicicia
520 1214 765 1256 cumulauit.

418 1272 499 1314 Sed
523 1287 662 1328 neque
680 1272 828 1314 Ericus
850 1271 1000 1327 patrie,
1023 1286 1148 1327 quam
1171 1271 1371 1323 deseruit,
1394 1284 1535 1312 curam
1559 1270 1726 1313 abiecit.

279 1330 345 1371 Ne
386 1330 495 1371 enim
536 1330 646 1372 Dani
692 1332 771 1371 sub
820 1335 998 1371 externo
1045 1329 1245 1384 pontifice
1292 1343 1507 1371 sacrorum
1553 1342 1727 1371 munera

282 1388 558 1439 celebrarent,
591 1388 726 1429 missis
757 1387 811 1429 ad
845 1389 1001 1428 curiam
1034 1388 1207 1442 legatis,
1253 1388 1292 1428 in
1327 1392 1622 1428 ornamentum
1653 1386 1726 1428 do-

279 1447 453 1487 mestice
501 1446 716 1501 religionis
744 1446 748 1497 Ι
776 1445 948 1487 maximi
980 1444 1211 1487 sacerdocii
1242 1446 1407 1499 insigne
1439 1445 1726 1501 expetendum

280 1504 455 1545 curauit.
516 1503 607 1545 Nec
660 1518 755 1544 eum
806 1504 998 1545 Romane
1060 1504 1347 1558 promissionis
1406 1502 1509 1544 fides
1561 1502 1725 1546 fefellit.

278 1561 503 1602 Profectus
535 1562 645 1602 enim
678 1577 702 1602 a
734 1562 848 1603 curia
879 1562 1058 1615 legatus,
1092 1562 1161 1617 qui
1194 1562 1301 1603 sacri
1331 1561 1505 1615 insignis
1528 1574 1726 1615 preroga-

279 1619 368 1660 tiua
391 1622 533 1660 nostre
552 1620 689 1674 gentis
715 1619 1006 1660 sacerdocium
1038 1618 1273 1673 adornaret,
1307 1634 1412 1671 cum,
1446 1619 1726 1661 celeberrimis

278 1676 499 1718 Danorum
522 1677 696 1718 urbibus
717 1677 931 1732 inspectis,
964 1682 1116 1718 cuncta
1138 1678 1419 1720 curiosissime
1444 1676 1726 1719 collustrando

278 1748 362 1775 non
382 1735 584 1776 minorem
602 1732 901 1790 perso*narum
922 1749 1046 1790 quam
1065 1736 1279 1777 ciuitatum
1299 1738 1534 1790 respectum
1555 1735 1724 1790 egisset,

279 1791 464 1844 Lundie,
508 1792 561 1833 ob
605 1793 797 1847 egregios
830 1793 975 1834 Asceri
1017 1807 1173 1846 mores,
1216 1798 1304 1834 tum
1347 1793 1460 1848 quod
1494 1792 1547 1834 ad
1581 1807 1672 1834 eam
1705 1807 1727 1834 e

279 1849 466 1892 finitimis
499 1850 743 1905 regionibus
775 1855 889 1893 terra
920 1851 1108 1905 marique
1140 1851 1342 1893 transitus
1374 1850 1540 1892 abunde
1566 1855 1724 1907 pateat,

279 1906 392 1949 hunc
432 1908 700 1963 potissimum
743 1908 949 1950 honorem
992 1908 1269 1951 deferendum
1303 1909 1574 1951 existimauit.
1634 1908 1726 1951 Nec

279 1965 412 2007 solum
444 1980 536 2006 eam
569 1966 780 2007 Saxonica
813 1966 977 2009 dicione
1009 1968 1139 2019 eruit,
1170 1967 1244 2008 sed
1279 1967 1411 2009 eciam
1443 1967 1587 2008 Suetie
1617 1965 1725 2008 Nor-

279 2023 505 2079 uagieque‚
538 2024 751 2079 religionis
782 2024 927 2075 titulo,
971 2026 1214 2080 magistram
1247 2025 1398 2066 effecit.
1458 2023 1548 2066 Nec
1578 2038 1724 2080 parum

278 2080 417 2122 Dania
435 2081 630 2124 Romane
663 2083 911 2136 benignitati
945 2082 1085 2135 debet,
1117 2097 1201 2138 qua
1233 2097 1314 2124 non
1348 2083 1483 2124 solum
1517 2082 1725 2124 libertatis

278 2138 356 2192 ius,
388 2139 461 2180 sed
493 2140 622 2180 eciam
656 2145 898 2182 exterarum
930 2154 1070 2182 rerum
1103 2140 1333 2182 dominium
1365 2147 1560 2182 assecuta
1591 2144 1666 2182 est.

416 2196 585 2238 Interea
635 2197 784 2239 Ericus
835 2199 1012 2254 petitam
1062 2199 1234 2254 nauigio
1284 2198 1486 2239 Rusciam
1537 2199 1726 2241 terrestri

279 2268 527 2309 permensus
548 2254 710 2308 itinere,
744 2270 898 2311 magna
921 2256 1108 2299 Orientis
1139 2260 1257 2312 parte
1289 2262 1543 2309 transcursa,
1577 2256 1725 2298 Bizan-

278 2312 383 2353 tium
406 2312 615 2354 ueniebat.
660 2313 793 2361 Quem
825 2315 1057 2370 imperator
1087 2328 1357 2370 nequaquam
1390 2315 1494 2356 urbe
1527 2315 1724 2369 excipere

278 2383 429 2422 ausus,
472 2378 594 2412 extra
634 2372 772 2414 menia
813 2372 987 2414 tendere
1029 2373 1188 2414 iussum
1234 2372 1533 2428 hospitalitatis
1577 2372 1724 2414 officiis

279 2428 637 2483 prosequebatur,
669 2434 785 2471 ratus
817 2430 1033 2484 religionis
1065 2430 1341 2471 simulacione
1374 2429 1516 2470 dolum
1549 2429 1723 2472 intendi.

279 2484 498 2540 Siquidem
520 2486 676 2527 famam
700 2487 787 2528 eius
809 2502 858 2529 ac
881 2487 1215 2543 magnitudinem
1237 2488 1476 2543 suspicione
1494 2488 1723 2540 insecutus,

279 2542 479 2597 impensis
502 2558 597 2586 eum
621 2557 744 2600 quam
768 2546 961 2587 menibus
992 2546 1138 2587 fouere
1169 2546 1332 2588 maluit.
1376 2545 1443 2587 Ad
1466 2545 1543 2587 hec
1564 2545 1724 2597 Danos,

281 2614 451 2642 summa.
474 2616 499 2643 a
530 2616 574 2644 se
605 2602 892 2644 familiaritate
933 2604 1097 2656 cultos,
1141 2603 1288 2645 eadem
1327 2603 1574 2658 suspicionis
1606 2617 1724 2644 occa-

213 2668 250 2696 40
282 2656 396 2700 sione
427 2660 619 2712 notabat,
650 2660 825 2716 perinde
848 2674 896 2703 ac
918 2661 1118 2712 maiorem
1142 2661 1266 2718 patrii
1289 2662 1401 2717 regis
1424 2674 1547 2716 quam
1571 2661 1726 2721 stipen-

1781 1452 1807 1476 p.
1829 1444 1880 1470 610

1762 1744 1884 1775 cxxlb
