1884 3126
295 240 377 285 516
830 258 883 264 ——
943 229 1118 277 XIIII.
1146 257 1194 265 —-

295 365 492 409 mendum
525 377 621 404 eum
653 359 912 404 descendere
933 358 1242 415 profundidatis
1276 362 1391 401 metu
1425 358 1733 413 cunctantibus,

295 424 390 465 Non
420 423 500 474 hic,
541 421 697 474 inquit,
742 433 790 459 ea
823 417 1077 472 proceritate
1111 422 1186 467 est,
1223 431 1348 472 quam
1380 422 1534 467 uestra,
1567 418 1732 472 milites,

296 494 448 536 equare
489 492 571 519 non
612 477 757 533 possit.
821 475 972 530 Neque
1005 475 1116 516 enim
1157 475 1464 516 uadabiliorem
1499 475 1575 516 sibi
1607 489 1732 531 quam

294 538 412 580 nobis
444 536 655 590 gurgitem
679 539 871 587 occupat.
922 533 1060 581 Quam
1089 535 1094 582 l
1120 547 1268 573 uocem
1302 533 1432 574 frater
1466 533 1553 574 cius
1577 532 1731 574 Esber-

248 609 263 632 -'›
294 611 370 637 nus
412 593 725 635 exhortacionis
774 592 866 631 loco
914 591 1174 644 suscipienS,
1222 604 1461 645 quanquam
1510 591 1733 632 barbarum

232 895 263 920 1()

230 1469 266 1495 20

231 1757 267 1784 ‘25

232 2046 268 2072 30

294 652 462 694 latentis
505 650 594 691 saxi
640 649 843 690 beneficio
886 649 1060 689 utinen
1104 649 1339 699 dubitaret,
1380 648 1506 689 saluti
1538 663 1609 690 sue
1634 648 1734 701 fra-

295 715 406 751 terne
444 708 676 748 uoluntatis
716 706 936 761 imperium
981 706 1179 761 pretulit,
1228 706 1401 761 aliisque
1447 707 1733 755 renuentibus,

295 781 424 822 aquas
459 766 598 806 hostili
632 779 779 806 eruore
812 764 986 805 infectas
1019 764 1143 804 armis
1168 768 1345 805 onustus
1377 764 1561 805 intrauit.
1608 763 1734 805 Cum-

298 839 399 880 que,
433 824 581 864 emissa
622 824 662 863 in
705 822 930 863 barbarum
973 821 1137 872 lancea,
1179 821 1313 862 solum
1355 827 1548 876 repetere
1590 822 1733 874 uellet,

295 882 416 924 undis
452 882 653 922 uerticem
693 880 931 930 inuolutus,
976 878 1186 933 profundo
1219 893 1263 920 se
1305 879 1541 934 excipiente
1574 879 1734 921 demer-

295 941 422 994 gitur,
453 940 740 994 perissetque,
782 938 859 978 nisi
890 937 1096 979 sociorum
1128 937 1347 991 presencia
1385 937 1542 978 auxilio
1573 937 1733 980 fuisset.

295 997 523 1038 Enimuero
557 995 739 1048 Olauus,
785 994 905 1035 undis
946 1008 1040 1035 eum
1083 994 1331 1036 abstrahere
1363 996 1558 1050 cupiens,
1591 996 1733 1036 stimu-

295 1057 426 1096 latum
473 1054 704 1094 calcaribus
748 1066 900 1108 equum
940 1053 980 1093 in
1022 1052 1125 1093 illud
1158 1052 1415 1107 profundum
1451 1054 1547 1106 egit,
1581 1067 1734 1108 excep-

295 1118 472 1167 tumque
516 1112 686 1152 brachio
727 1112 870 1151 leuare
903 1116 1100 1159 conatus,
1141 1123 1250 1164 pene
1282 1111 1386 1152 sella
1416 1124 1570 1165 pronus
1605 1125 1733 1152 excu-

249 1182 263 1206 ἰ
296 1171 410 1211 titur.
471 1169 617 1223 Igitur,
651 1174 826 1223 urgente
849 1169 948 1218 fato,
982 1181 1054 1208 sue
1088 1182 1211 1222 quam
1235 1168 1371 1210 aliene
1405 1168 1530 1209 saluti
1562 1170 1734 1224 propior

297 1228 449 1280 extitit,
482 1227 666 1281 sibique,
700 1231 864 1281 ceptam
897 1226 1014 1266 amici
1050 1240 1190 1266 curam
1232 1225 1552 1280 postponendo,
1585 1241 1735 1268 eonsu-

296 1286 387 1327 luit.
437 1284 567 1325 Cuius
590 1287 850 1339 propositum
872 1283 1073 1324 Nicolaus
1098 1284 1266 1338 quidam
1297 1284 1452 1325 foreius
1485 1298 1609 1339 quam
1642 1285 1735 1326 feli-

299 1344 385 1384 cius
418 1343 639 1394 emulatus,
671 1356 753 1383 non
787 1341 1056 1396 temperauit,
1090 1355 1172 1396 quo
1206 1342 1341 1383 minus
1383 1342 1591 1384 concitato
1625 1356 1733 1397 equo

298 1402 505 1455 gurgitem
538 1405 717 1454 peteret.
779 1399 862 1440 Sed
896 1399 947 1440 ab
980 1400 1145 1453 incepto
1177 1413 1244 1450 se,
1276 1399 1365 1454 pari
1396 1400 1581 1454 periculo
1614 1414 1734 1442 reuo-

297 1464 429 1505 catus,
453 1458 663 1499 abstinuit.
708 1457 843 1510 Igitur
866 1458 1054 1512 equitum
1089 1471 1168 1511 ope
1201 1457 1368 1499 defecto
1392 1457 1580 1512 peditum
1606 1472 1734 1513 opera

298 1517 457 1558 seruari
490 1516 678 1571 contigit.
728 1515 918 1570 Cumque
940 1515 1070 1556 littori
1092 1515 1309 1557 restitutus
1332 1515 1492 1568 fuisset,
1526 1516 1734 1557 extinctus

299 1575 351 1616 ab
396 1573 654 1615 intuentibus
701 1574 952 1628 putabatur,
998 1571 1104 1614 adeo
1151 1573 1325 1628 illapsus
1372 1574 1539 1628 corpori
1584 1574 1735 1614 humor

299 1632 526 1673 anhelitum
561 1631 814 1673 occultabat.
861 1630 1053 1671 Tandem
1084 1631 1207 1672 sociis
1239 1644 1388 1685 corpus
1419 1646 1540 1672 suum
1574 1631 1734 1672 diucius

299 1690 580 1744 agitantibus,
622 1689 784 1729 uomitu
823 1688 979 1730 undam
1022 1702 1197 1742 egerere
1240 1689 1362 1743 cepit.
1436 1688 1564 1730 Cuius
1608 1703 1733 1731 onere

296 1748 511 1800 liberatus,
545 1747 754 1801 suspicere
786 1747 918 1800 magis
952 1760 1077 1801 quam
1102 1747 1241 1801 eloqui
1271 1747 1418 1788 ualuit.
1471 1746 1636 1801 Itaque,
1665 1747 1735 1801 qui

300 1805 488 1855 aderant,
522 1819 673 1860 corpus
707 1806 796 1845 eins
818 1805 973 1858 frigore
998 1805 1336 1860 obstupefactum
1361 1805 1572 1860 applicate
1607 1806 1734 1846 uestis

299 1863 491 1905 fomento
532 1863 910 1917 prosequebantur.
973 1861 1134 1910 Quibus
1175 1862 1478 1918 percalefactus
1519 1876 1603 1903 non
1639 1877 1734 1903 oeu-

299 1921 436 1962 lorum
468 1920 607 1973 modo,
640 1920 713 1961 sed
747 1921 878 1961 eciam
909 1921 1025 1961 uocis
1059 1934 1179 1961 usum
1211 1920 1493 1975 recuperauit.
1536 1919 1734 1962 Cet-eruin

299 1979 390 2034 ipso
434 1978 499 2019 die
540 1978 645 2019 adeo
690 1977 916 2032 exsanguis
960 1978 1208 2030 permansit,
1240 1983 1286 2018 ut
1319 1979 1391 2019 uix
1423 1992 1519 2019 eum
1549 1977 1734 2018 funebris

300 2037 382 2077 oris
416 2040 516 2078 note
548 2036 803 2078 desererent.
865 2035 956 2077 Nec
996 2036 1166 2077 silencio
1200 2035 1520 2077 oblitterandam
1563 2036 1734 2077 alterius

300 2093 452 2136 Danici
475 2094 626 2148 equitis
649 2094 849 2135 uirtutem
873 2094 1080 2144 existimo,
1113 2094 1182 2148 qui
1207 2107 1314 2146 cum,
1337 2093 1502 2135 nemine
1524 2094 1732 2134 sociorum

300 2152 543 2203 comitante,
575 2152 720 2204 fugam
753 2151 934 2192 hostium
968 2151 1130 2192 auidius
1162 2165 1286 2206 quam
1320 2151 1488 2192 caucius
1521 2151 1734 2192 insecutus

299 2210 459 2262 fuisset,
492 2209 692 2261 barbaris,
726 2210 796 2264 qui
829 2209 1080 2263 effugerant,
1111 2213 1159 2250 ut
1188 2224 1233 2250 se
1267 2209 1324 2250 eis
1357 2208 1607 2263 capiendum
1639 2222 1734 2263 pre-

301 2267 432 2319 beret,
464 2268 726 2320 rogantibus,
759 2272 899 2321 spreta
931 2280 1067 2321 prece,
1100 2280 1207 2321 equo
1241 2266 1436 2318 desiliuit,
1469 2275 1731 2321 mortemque

235 2334 270 2358 ΞΠ»
301 2325 501 2366 dimicans
532 2338 654 2379 quam
686 2324 851 2366 deditus
885 2326 1019 2366 lucem
1049 2325 1246 2379 amplecti
1282 2325 1440 2366 maluit.
1502 2324 1640 2377 Igitur
1670 2324 1731 2364 in-

235 2622 270 2649 40

302 2382 415 2435 genti
446 2382 632 2423 hostium
663 2390 834 2423 caterua
865 2382 915 2423 ad
950 2397 993 2423 se
1026 2380 1371 2437 opssprimendum
1402 2382 1575 2434 nitente,
1608 2386 1727 2436 quot-

301 2445 404 2494 quot
444 2440 638 2495 proprius
680 2444 964 2490 accesserant,
1005 2439 1240 2493 interfecit,
1275 2453 1323 2481 ae
1356 2439 1446 2480 sine
1478 2440 1563 2479 ulla
1595 2440 1734 2494 specie

302 2502 437 2538 metus
465 2503 469 2548 Ι
497 2511 690 2553 pugnans
731 2512 857 2552 super
896 2497 1048 2538 factam
1081 2511 1104 2537 a
1137 2511 1179 2538 se
1212 2502 1396 2551 stragem
1434 2497 1569 2551 plenis
1603 2497 1733 2551 glorie

303 2555 544 2596 uulneribus
562 2556 730 2597 corruit.
764 2555 914 2609 Itaque
937 2569 1018 2597 non
1041 2555 1178 2596 solum
1199 2554 1439 2596 innumeros
1461 2554 1536 2595 fati
1558 2555 1733 2596 comites

303 2611 458 2664 habuit,
501 2612 574 2654 sed
616 2614 748 2654 eciam
789 2614 1034 2668 superstites
1075 2612 1330 2654 fortitudinis
1373 2626 1448 2653 sue
1489 2611 1732 2667 spectaculo

1807 561 1813 569 .
1835 542 1884 568 754
