1884 3126
58 1178 94 1205 15

58 1467 95 1494 20

58 1757 94 1784 25

58 2046 94 2073 30

59 2336 95 2363 35

62 2625 97 2652 40

696 250 746 256 -
786 227 892 298 ,XV
966 253 1002 258 -
1481 230 1562 272 647

128 353 378 396 sacerdotali
433 354 607 395 concilio
654 368 728 410 per
780 355 997 411 epistolam
1045 355 1278 411 uisitat0,*
1318 361 1561 398 cunctarum

130 412 279 455 Scanie
331 410 596 453 ecclesiarum
649 412 920 455 obseracione
969 414 1106 468 puniri
1156 415 1356 470 precepit.
1433 415 1562 456 Cuius

130 470 253 512 edicti
286 470 521 524 premonita
564 469 682 524 plebs
722 485 797 524 per
827 471 936 513 idem
968 476 1134 527 tempus
1167 478 1265 514 ante
1297 472 1420 515 edem
1454 473 1563 514 Lau-

129 528 259 570 rencii
301 528 341 568 in
380 527 627 568 concionem
671 532 833 569 armata
875 528 1104 571 descendit.
1165 530 1230 571 Ad
1264 544 1387 585 quam
1425 544 1562 572 sacer-

129 586 247 628 dotes
281 585 384 626 binis
418 584 574 626 ordinis
609 585 672 626 sui
707 586 818 639 uiris,
851 587 920 641 qui
941 587 1190 640 pontificalis
1224 588 1347 630 edicti
1378 589 1559 642 rigorem

129 648 414 700 exponerent,
447 643 608 694 missis,
651 657 865 684 sacrorum
897 645 1180 693 cessacionem
1218 645 1431 701 dininique
1463 645 1562 686 taci-

128 702 370 743 turnitatem
404 700 543 754 officii,
575 700 610 741 si
632 700 886 742 decimarum
919 702 1174 744 solucionem
1204 703 1389 744 abnuere
1421 717 1561 758 perse-

129 764 328 801 uerasset.
360 758 504 799 minati
537 763 647 799 sunt.
699 757 959 813 Delegantur
982 760 1157 802 totidem
1187 774 1209 801 e
1239 761 1363 815 plebe
1396 766 1561 802 mutuas

127 817 367 859 sacerdocio
400 817 533 857 minas
563 816 820 857 intentaturi.
865 817 932 858 Ab
965 817 1027 858 his
1058 832 1304 872 responsum
1329 823 1404 868 est,
1426 832 1562 859 sacer-

126 875 246 916 dotes
288 874 488 915 alimenta
529 888 605 914 sua
649 875 785 928 plebi,
827 889 908 915 non
949 876 1137 930 pontifici
1178 875 1350 928 debere,
1384 890 1563 930 quorum

134 947 305 975 munere
329 936 369 973 et
390 932 592 973 beneficio
615 932 858 974 necessariis
885 932 969 973 uite
1003 933 1145 973 usibus
1166 933 1355 974 instructi
1386 947 1562 974 noscan-

1601 366 1715 395 oxm-

127 998 206 1034 tur.
270 990 476 1038 Quocirca
517 997 589 1031 aut
634 990 785 1031 diuinis
827 991 1076 1043 inseruiant,
1119 995 1190 1032 aut
1230 991 1380 1045 ingrati
1425 990 1560 1046 patria
1610 1009 1614 1023 ·

127 1049 293 1100 cedant,
325 1049 360 1090 si
393 1052 589 1089 neutrum
623 1048 819 1102 egissent,
851 1062 934 1089 non
965 1048 1095 1090 solum
1128 1048 1329 1089 bonorum
1377 1048 1559 1089 omnium

127 1121 291 1159 penam,
325 1105 397 1147 sed
446 1106 581 1146 eciam
620 1120 721 1147 seua
750 1110 754 1153 l
781 1106 1064 1147 membrorum
1105 1105 1307 1160 supplicia
1338 1106 1559 1160 recepturi.

126 1164 192 1206 Ad
242 1166 319 1206 heo
364 1164 499 1204 clerus
542 1178 745 1219 responso
794 1163 1128 1205 constantissime
1174 1164 1296 1217 dato,
1338 1178 1380 1204 se
1424 1177 1562 1218 neque

126 1223 272 1264 mortis
303 1226 419 1263 metu
450 1235 588 1276 neque
620 1222 882 1277 paupertatis
915 1225 1133 1275 respectu,
1178 1235 1260 1275 quo
1293 1221 1427 1266 minus
1459 1221 1562 1261 anti-

127 1282 234 1322 stitis
266 1281 330 1322 sui
360 1280 582 1334 imperium
623 1283 870 1334 perageret,
914 1284 1172 1320 cessaturum
1205 1278 1398 1319 affirmat.
1458 1278 1562 1318 Tam

125 1340 195 1394 pia
228 1343 397 1392 tamque
430 1337 625 1391 religiosa
659 1337 757 1378 cleri
781 1337 1022 1379 constancia
1055 1336 1236 1377 euictum
1269 1337 1438 1389 uulgus,
1470 1350 1562 1390 pre-

127 1397 245 1438 cibus
290 1397 421 1437 minas
466 1395 689 1447 mutando,
735 1395 874 1450 quoad
918 1395 1105 1441 Absalon
1149 1394 1362 1435 conueniri
1406 1397 1561 1447 posset,

127 1455 339 1496 sentencie
372 1453 622 1495 dilacionem
654 1453 869 1507 poscebat.
931 1451 1063 1493 Ciuile
1097 1451 1304 1506 siquidem
1337 1451 1489 1491 bellum
1519 1463 1563 1491 se

127 1513 410 1554 excitaturum
443 1511 630 1561 timebat,
664 1511 696 1551 si
730 1511 767 1551 in
802 1509 1042 1551 sacerdotes
1074 1510 1151 1550 sibi
1191 1508 1408 1550 nobilitate
1439 1521 1563 1562 pares

126 1570 465 1626 animaduertere
498 1569 742 1611 studuisset.
805 1567 910 1609 Nam
947 1581 1042 1608 cum
1073 1567 1113 1607 in
1146 1566 1296 1607 Scania
1328 1566 1563 1619 alienigene

126 1628 333 1682 indigenis
383 1623 583 1682 permixti
631 1626 872 1667 sacerdocia
923 1630 1148 1680 gererent,
1199 1623 1377 1678 amplior
1422 1629 1562 1664 tamen

127 1686 378 1741 digniorque
404 1685 644 1727 domesticis
669 1684 908 1725 reuerencia
931 1682 1211 1738 prestabatur.
1246 1681 1341 1729 Quo
1365 1680 1563 1721 effectum

127 1751 203 1796 est,
239 1751 284 1785 ut
317 1744 538 1798 utriusque
572 1741 727 1784 ordinis
760 1755 965 1783 consensu
1000 1741 1285 1791 mitterentur,
1329 1739 1398 1794 qui
1429 1739 1562 1779 iustas

128 1801 507 1843 animaduersionis
550 1800 740 1842 inducias
780 1800 1033 1853 flagitarent.
1095 1796 1223 1838 Haud
1257 1810 1355 1850 egre
1393 1796 1444 1836 ab
1476 1795 1562 1836 Ab-

127 1861 271 1902 salone
305 1860 480 1901 obtente
512 1862 622 1909 sunt,
655 1858 748 1912 plus
770 1857 995 1898 clemencie
1028 1869 1151 1909 quam
1184 1854 1398 1895 seueritati
1429 1852 1563 1893 indul-

127 1917 314 1972 gendum
353 1921 545 1972 putante.
608 1916 787 1957 Multum
831 1915 881 1955 ab
917 1913 1063 1954 eodem
1105 1912 1338 1967 graciarum
1371 1910 1564 1952 sacerdo-

128 1976 222 2016 talis
266 1980 389 2017 cetus·
426 1975 667 2016 constancie
705 1973 980 2029 persolutum.
1042 1969 1322 2011 Nihilominus
1365 1967 1561 2023 populus,

127 2048 219 2075 cum
253 2038 498 2088 contemptu
531 2031 744 2082 beneficii,
778 2031 988 2085 regiorum
1033 2027 1419 2083 pontificaliumque
1443 2025 1561 2079 ‚mili-

128 2097 218 2133 tum
266 2095 442 2146 penates
493 2090 660 2146 publice
712 2088 891 2143 diripere
941 2086 1242 2141 perseuerauit.
1322 2084 1562 2138 Appetente

127 2149 285 2204 publici
330 2149 472 2204 ieiunii
518 2153 708 2203 tempore
751 2160 826 2187 rex
873 2144 1086 2195 Scaniam,
1132 2140 1562 2194 eius,Sialandieque

129 2207 280 2248 milicia
327 2207 589 2257 succinctus,
636 2205 841 2258 Helsingo
881 2202 1056 2243 transitu
1102 2201 1227 2255 petit,
1279 2197 1562 2239 Fioniensium

129 2265 405 2320 Iutorumque
438 2265 696 2311 comitatum,
730 2262 782 2303 ob
816 2260 978 2315 prebita
1009 2259 1060 2300 ab
1094 2259 1152 2298 eis
1184 2255 1424 2298 iamdudum
1457 2254 1564 2295 sedi-

128 2323 236 2363 cioni
268 2323 540 2373 irritamenta,
574 2326 781 2376 pertesus.
843 2318 1053 2365 Absalon,
1100 2315 1153 2356 ob
1194 2312 1425 2355 chrismatis
1468 2325 1564 2352 con-

128 2379 360 2421 feccionem
394 2379 624 2435 pontificali
657 2377 796 2418 officio
831 2374 1220 2423 administrandam,
1252 2370 1461 2412 Lundiam
1494 2368 1562 2410 de·

128 2443 352 2492 properat,
397 2438 467 2478 ubi
508 2450 667 2492 paucos
702 2448 790 2475 cum
825 2446 924 2487 rege
956 2432 1043 2473 dies
1073 2430 1258 2482 feriatus,
1289 2428 1426 2469 uicino
1469 2439 1564 2467 rure

129 2509 172 2536 se
205 2496 386 2551 excepit.
436 2495 529 2536 Hac
560 2494 672 2535 fama
703 2490 1046 2546 septentrionalis
1079 2486 1228 2529 Scanie
1258 2484 1438 2540 populus
1470 2496 1564 2524 cum

129 2552 490 2596 Hallandensibus
532 2551 715 2603 excitus,
756 2563 873 2590 more
920 2547 1100 2602 gentis,
1125 2544 1250 2586 misso
1297 2555 1373 2598 per
1420 2555 1565 2582 omnes

128 2610 290 2669 stipite,
332 2612 410 2656 sub
451 2610 590 2666 specie
631 2605 813 2665 petende
844 2604 1051 2648 libertatis
1094 2601 1195 2644 belli
1236 2599 1403 2642 titulum
1434 2597 1565 2657 fingit,

1614 1122 1639 1148 p.
1658 1114 1708 1140 943
