<?xml version="1.0" encoding="UTF-8"?>
<!DOCTYPE html PUBLIC "-//W3C//DTD XHTML 1.0 Transitional//EN"
    "http://www.w3.org/TR/xhtml1/DTD/xhtml1-transitional.dtd">
<html xmlns="http://www.w3.org/1999/xhtml" xml:lang="en" lang="en">
 <head>
  <title>
</title>
<meta http-equiv="Content-Type" content="text/html;charset=utf-8" />
  <meta name='ocr-system' content='tesseract 3.04.00' />
  <meta name='ocr-capabilities' content='ocr_page ocr_carea ocr_par ocr_line ocrx_word'/>
</head>
<body>
  <div class='ocr_page' id='page_1' title='image "./saxonisgrammatic00saxouoft_0117.png"; bbox 0 0 1884 3126; ppageno 0'>
   <div class='ocr_carea' id='block_1_1' title="bbox 780 213 1630 259">
    <p class='ocr_par' dir='ltr' id='par_1_1' title="bbox 780 213 1630 259">
     <span class='ocr_line' id='line_1_1' title="bbox 780 213 1630 259; baseline 0.005 -4"><span class='ocrx_word' id='word_1_1' title='bbox 780 213 1031 255; x_wconf 82' lang='lat'>——1—</span> <span class='ocrx_word' id='word_1_2' title='bbox 1575 218 1630 259; x_wconf 86' lang='lat'>23</span> 
     </span>
    </p>
   </div>
   <div class='ocr_carea' id='block_1_2' title="bbox 318 340 1402 456">
    <p class='ocr_par' dir='ltr' id='par_1_2' title="bbox 318 340 1402 456">
     <span class='ocr_line' id='line_1_2' title="bbox 318 340 1402 398; baseline 0.003 -16"><span class='ocrx_word' id='word_1_3' title='bbox 318 340 472 383; x_wconf 81' lang='lat' dir='ltr'><strong>Inferis</strong></span> <span class='ocrx_word' id='word_1_4' title='bbox 504 355 571 383; x_wconf 91' lang='lat' dir='ltr'>me</span> <span class='ocrx_word' id='word_1_5' title='bbox 602 341 673 397; x_wconf 90' lang='lat' dir='ltr'>qui</span> <span class='ocrx_word' id='word_1_6' title='bbox 703 342 898 394; x_wconf 78' lang='lat' dir='ltr'>retraxit,</span> <span class='ocrx_word' id='word_1_7' title='bbox 931 342 1196 385; x_wconf 89' lang='lat' dir='ltr'>execrandus</span> <span class='ocrx_word' id='word_1_8' title='bbox 1227 346 1402 398; x_wconf 87' lang='lat' dir='ltr'>oppetat</span> 
     </span>
     <span class='ocr_line' id='line_1_3' title="bbox 318 398 1302 456; baseline 0.003 -16"><span class='ocrx_word' id='word_1_9' title='bbox 318 398 580 454; x_wconf 75' lang='lat' dir='ltr'>Tartar-oque</span> <span class='ocrx_word' id='word_1_10' title='bbox 612 399 805 441; x_wconf 87' lang='lat' dir='ltr'>deuocati</span> <span class='ocrx_word' id='word_1_11' title='bbox 837 401 1007 456; x_wconf 82' lang='lat' dir='ltr'>spiritus</span> <span class='ocrx_word' id='word_1_12' title='bbox 1037 415 1168 456; x_wconf 89' lang='lat' dir='ltr'>penas</span> <span class='ocrx_word' id='word_1_13' title='bbox 1200 401 1302 443; x_wconf 89' lang='lat' dir='ltr'>luat.</span> 
     </span>
    </p>
   </div>
   <div class='ocr_carea' id='block_1_3' title="bbox 118 479 1355 1055">
    <p class='ocr_par' dir='ltr' id='par_1_3' title="bbox 118 479 1355 1055">
     <span class='ocr_line' id='line_1_4' title="bbox 317 479 1317 536; baseline 0.003 -15"><span class='ocrx_word' id='word_1_14' title='bbox 317 479 429 522; x_wconf 88' lang='lat' dir='ltr'>Nam</span> <span class='ocrx_word' id='word_1_15' title='bbox 461 483 556 522; x_wconf 88' lang='lat' dir='ltr'>cum</span> <span class='ocrx_word' id='word_1_16' title='bbox 587 481 863 536; x_wconf 88' lang='lat' dir='ltr'>monstrigeni</span> <span class='ocrx_word' id='word_1_17' title='bbox 894 482 1073 524; x_wconf 81' lang='lat' dir='ltr'><strong>turbinis</strong></span> <span class='ocrx_word' id='word_1_18' title='bbox 1104 486 1197 523; x_wconf 87' lang='lat' dir='ltr'>atra</span> <span class='ocrx_word' id='word_1_19' title='bbox 1227 482 1317 524; x_wconf 90' lang='lat' dir='ltr'>lues</span> 
     </span>
     <span class='ocr_line' id='line_1_5' title="bbox 318 538 1187 596; baseline 0.001 -16"><span class='ocrx_word' id='word_1_20' title='bbox 318 538 476 580; x_wconf 90' lang='lat' dir='ltr'>Intima</span> <span class='ocrx_word' id='word_1_21' title='bbox 506 544 659 581; x_wconf 87' lang='lat' dir='ltr'>conatu</span> <span class='ocrx_word' id='word_1_22' title='bbox 689 540 889 595; x_wconf 88' lang='lat' dir='ltr'>presserit</span> <span class='ocrx_word' id='word_1_23' title='bbox 920 544 1022 582; x_wconf 86' lang='lat' dir='ltr'>exta</span> <span class='ocrx_word' id='word_1_24' title='bbox 1051 541 1187 596; x_wconf 88' lang='lat' dir='ltr'>graui,</span> 
     </span>
     <span class='ocr_line' id='line_1_6' title="bbox 132 595 1310 653; baseline 0.002 -15"><span class='ocrx_word' id='word_1_25' title='bbox 132 605 149 632; x_wconf 88' lang='lat'>5</span> <span class='ocrx_word' id='word_1_26' title='bbox 319 595 462 653; x_wconf 81' lang='lat' dir='ltr'><strong>Atque</strong></span> <span class='ocrx_word' id='word_1_27' title='bbox 495 611 643 639; x_wconf 89' lang='lat' dir='ltr'>manus</span> <span class='ocrx_word' id='word_1_28' title='bbox 674 598 793 640; x_wconf 90' lang='lat' dir='ltr'>uiuos</span> <span class='ocrx_word' id='word_1_29' title='bbox 824 599 1004 640; x_wconf 88' lang='lat' dir='ltr'>uerrerit</span> <span class='ocrx_word' id='word_1_30' title='bbox 1034 612 1176 653; x_wconf 88' lang='lat' dir='ltr'>ungue</span> <span class='ocrx_word' id='word_1_31' title='bbox 1209 599 1310 653; x_wconf 89' lang='lat' dir='ltr'>fero,</span> 
     </span>
     <span class='ocr_line' id='line_1_7' title="bbox 319 655 1305 712; baseline 0.002 -16"><span class='ocrx_word' id='word_1_32' title='bbox 319 655 511 697; x_wconf 85' lang='lat' dir='ltr'>Artubus</span> <span class='ocrx_word' id='word_1_33' title='bbox 542 656 700 698; x_wconf 85' lang='lat' dir='ltr'>auulsis</span> <span class='ocrx_word' id='word_1_34' title='bbox 718 670 913 712; x_wconf 51' lang='lat' dir='ltr'>&amp;orpora</span> <span class='ocrx_word' id='word_1_35' title='bbox 943 661 1066 712; x_wconf 89' lang='lat' dir='ltr'>rapta</span> <span class='ocrx_word' id='word_1_36' title='bbox 1098 670 1258 711; x_wconf 85' lang='lat' dir='ltr'>secans,</span> <span class='ocrx_word' id='word_1_37' title='bbox 1303 678 1305 680; x_wconf 78' lang='grc'><strong>-</strong></span> 
     </span>
     <span class='ocr_line' id='line_1_8' title="bbox 319 713 1299 771; baseline 0.001 -16"><span class='ocrx_word' id='word_1_38' title='bbox 319 713 450 767; x_wconf 87' lang='lat' dir='ltr'>Tunc,</span> <span class='ocrx_word' id='word_1_39' title='bbox 482 713 697 769; x_wconf 90' lang='lat' dir='ltr'>Hadinge,</span> <span class='ocrx_word' id='word_1_40' title='bbox 730 715 807 757; x_wconf 90' lang='lat' dir='ltr'>tibi</span> <span class='ocrx_word' id='word_1_41' title='bbox 837 715 927 756; x_wconf 91' lang='lat' dir='ltr'>uita</span> <span class='ocrx_word' id='word_1_42' title='bbox 959 719 1172 771; x_wconf 88' lang='lat' dir='ltr'>superstes</span> <span class='ocrx_word' id='word_1_43' title='bbox 1208 715 1299 765; x_wconf 81' lang='lat' dir='ltr'>erit,</span> 
     </span>
     <span class='ocr_line' id='line_1_9' title="bbox 317 770 1251 828; baseline 0.001 -15"><span class='ocrx_word' id='word_1_44' title='bbox 317 770 408 813; x_wconf 86' lang='lat' dir='ltr'>Nec</span> <span class='ocrx_word' id='word_1_45' title='bbox 438 773 605 828; x_wconf 79' lang='lat' dir='ltr'>rapient</span> <span class='ocrx_word' id='word_1_46' title='bbox 636 787 782 815; x_wconf 89' lang='lat' dir='ltr'>manes</span> <span class='ocrx_word' id='word_1_47' title='bbox 812 773 950 815; x_wconf 87' lang='lat' dir='ltr'>infera</span> <span class='ocrx_word' id='word_1_48' title='bbox 980 787 1112 828; x_wconf 87' lang='lat' dir='ltr'>regna</span> <span class='ocrx_word' id='word_1_49' title='bbox 1142 777 1251 827; x_wconf 89' lang='lat' dir='ltr'>tuos,</span> 
     </span>
     <span class='ocr_line' id='line_1_10' title="bbox 318 829 1355 887; baseline 0.001 -15"><span class='ocrx_word' id='word_1_50' title='bbox 318 829 409 872; x_wconf 87' lang='lat' dir='ltr'>Nec</span> <span class='ocrx_word' id='word_1_51' title='bbox 439 831 582 886; x_wconf 89' lang='lat' dir='ltr'>grauis</span> <span class='ocrx_word' id='word_1_52' title='bbox 613 831 654 872; x_wconf 92' lang='lat' dir='ltr'>in</span> <span class='ocrx_word' id='word_1_53' title='bbox 689 831 862 887; x_wconf 85' lang='lat' dir='ltr'>Stygias</span> <span class='ocrx_word' id='word_1_54' title='bbox 893 831 1064 887; x_wconf 86' lang='lat' dir='ltr'>spiritus</span> <span class='ocrx_word' id='word_1_55' title='bbox 1093 831 1172 873; x_wconf 88' lang='lat' dir='ltr'>ibit</span> <span class='ocrx_word' id='word_1_56' title='bbox 1202 845 1355 887; x_wconf 87' lang='lat' dir='ltr'>aquas;</span> 
     </span>
     <span class='ocr_line' id='line_1_11' title="bbox 118 888 1310 945; baseline 0.001 -15"><span class='ocrx_word' id='word_1_57' title='bbox 118 896 150 924; x_wconf 88' lang='lat'>10</span> <span class='ocrx_word' id='word_1_58' title='bbox 317 888 495 931; x_wconf 79' lang='lat' dir='ltr'>Femina</span> <span class='ocrx_word' id='word_1_59' title='bbox 526 889 600 931; x_wconf 89' lang='lat' dir='ltr'>sed</span> <span class='ocrx_word' id='word_1_60' title='bbox 630 894 806 943; x_wconf 88' lang='lat' dir='ltr'>nostros,</span> <span class='ocrx_word' id='word_1_61' title='bbox 839 890 1013 931; x_wconf 87' lang='lat' dir='ltr'>erimine</span> <span class='ocrx_word' id='word_1_62' title='bbox 1045 903 1188 945; x_wconf 88' lang='lat' dir='ltr'>pressa</span> <span class='ocrx_word' id='word_1_63' title='bbox 1220 904 1310 943; x_wconf 90' lang='lat' dir='ltr'>suo,</span> 
     </span>
     <span class='ocr_line' id='line_1_12' title="bbox 316 947 1160 1004; baseline 0 -15"><span class='ocrx_word' id='word_1_64' title='bbox 316 947 512 989; x_wconf 88' lang='lat' dir='ltr'>Placabit</span> <span class='ocrx_word' id='word_1_65' title='bbox 542 948 716 1002; x_wconf 91' lang='lat' dir='ltr'>cineres,</span> <span class='ocrx_word' id='word_1_66' title='bbox 747 948 840 1004; x_wconf 87' lang='lat' dir='ltr'>ipsa</span> <span class='ocrx_word' id='word_1_67' title='bbox 870 948 1014 989; x_wconf 87' lang='lat' dir='ltr'>futura</span> <span class='ocrx_word' id='word_1_68' title='bbox 1045 948 1160 1001; x_wconf 83' lang='lat' dir='ltr'>cinis,</span> 
     </span>
     <span class='ocr_line' id='line_1_13' title="bbox 319 1005 1287 1055; baseline 0 -8"><span class='ocrx_word' id='word_1_69' title='bbox 319 1005 410 1055; x_wconf 84' lang='lat' dir='ltr'>Que</span> <span class='ocrx_word' id='word_1_70' title='bbox 441 1006 603 1048; x_wconf 87' lang='lat' dir='ltr'>miseris</span> <span class='ocrx_word' id='word_1_71' title='bbox 633 1006 793 1049; x_wconf 90' lang='lat' dir='ltr'>umbris</span> <span class='ocrx_word' id='word_1_72' title='bbox 824 1006 906 1048; x_wconf 88' lang='lat' dir='ltr'>huc</span> <span class='ocrx_word' id='word_1_73' title='bbox 937 1020 1126 1048; x_wconf 86' lang='lat' dir='ltr'>remeare</span> <span class='ocrx_word' id='word_1_74' title='bbox 1158 1005 1287 1048; x_wconf 90' lang='lat' dir='ltr'>dedit.</span> 
     </span>
    </p>
   </div>
   <div class='ocr_carea' id='block_1_4' title="bbox 318 1081 1395 1196">
    <p class='ocr_par' dir='ltr' id='par_1_4' title="bbox 318 1081 1395 1196">
     <span class='ocr_line' id='line_1_14' title="bbox 318 1081 1395 1137; baseline -0.002 -13"><span class='ocrx_word' id='word_1_75' title='bbox 318 1081 473 1124; x_wconf 83' lang='lat' dir='ltr'>Inferis</span> <span class='ocrx_word' id='word_1_76' title='bbox 504 1096 571 1124; x_wconf 91' lang='lat' dir='ltr'>me</span> <span class='ocrx_word' id='word_1_77' title='bbox 602 1083 674 1137; x_wconf 90' lang='lat' dir='ltr'>qui</span> <span class='ocrx_word' id='word_1_78' title='bbox 703 1082 888 1136; x_wconf 84' lang='lat' dir='ltr'>reduxit,</span> <span class='ocrx_word' id='word_1_79' title='bbox 919 1081 1182 1124; x_wconf 80' lang='lat' dir='ltr'>execrandus</span> <span class='ocrx_word' id='word_1_80' title='bbox 1220 1084 1395 1137; x_wconf 91' lang='lat' dir='ltr'>oppetat</span> 
     </span>
     <span class='ocr_line' id='line_1_15' title="bbox 319 1139 1301 1196; baseline -0.001 -14"><span class='ocrx_word' id='word_1_81' title='bbox 319 1139 580 1196; x_wconf 87' lang='lat' dir='ltr'>Tartaroque</span> <span class='ocrx_word' id='word_1_82' title='bbox 611 1140 806 1183; x_wconf 90' lang='lat' dir='ltr'>deuocati</span> <span class='ocrx_word' id='word_1_83' title='bbox 835 1141 1006 1196; x_wconf 87' lang='lat' dir='ltr'>spiritus</span> <span class='ocrx_word' id='word_1_84' title='bbox 1036 1154 1167 1196; x_wconf 90' lang='lat' dir='ltr'>penas</span> <span class='ocrx_word' id='word_1_85' title='bbox 1199 1140 1301 1182; x_wconf 89' lang='lat' dir='ltr'>luat.</span> 
     </span>
    </p>
   </div>
   <div class='ocr_carea' id='block_1_5' title="bbox 116 1214 1633 1448">
    <p class='ocr_par' dir='ltr' id='par_1_5' title="bbox 116 1214 1633 1448">
     <span class='ocr_line' id='line_1_16' title="bbox 116 1214 1632 1273; baseline -0.001 -15"><span class='ocrx_word' id='word_1_86' title='bbox 116 1224 150 1253; x_wconf 88' lang='lat'>15</span> <span class='ocrx_word' id='word_1_87' title='bbox 318 1216 457 1272; x_wconf 85' lang='lat' dir='ltr'>Igitur</span> <span class='ocrx_word' id='word_1_88' title='bbox 478 1230 575 1258; x_wconf 88' lang='lat' dir='ltr'>cum</span> <span class='ocrx_word' id='word_1_89' title='bbox 596 1217 710 1273; x_wconf 90' lang='lat' dir='ltr'>apud</span> <span class='ocrx_word' id='word_1_90' title='bbox 732 1216 969 1273; x_wconf 87' lang='lat' dir='ltr'>predictum</span> <span class='ocrx_word' id='word_1_91' title='bbox 990 1230 1139 1258; x_wconf 88' lang='lat' dir='ltr'>nemus</span> <span class='ocrx_word' id='word_1_92' title='bbox 1161 1219 1379 1271; x_wconf 89' lang='lat' dir='ltr'>compacto</span> <span class='ocrx_word' id='word_1_93' title='bbox 1403 1214 1632 1257; x_wconf 84' lang='lat' dir='ltr'>ramalibus</span> 
     </span>
     <span class='ocr_line' id='line_1_17' title="bbox 181 1273 1633 1330; baseline -0.001 -14"><span class='ocrx_word' id='word_1_94' title='bbox 181 1278 293 1316; x_wconf 87' lang='lat' dir='ltr'>tecto</span> <span class='ocrx_word' id='word_1_95' title='bbox 316 1279 482 1317; x_wconf 90' lang='lat' dir='ltr'>noctem</span> <span class='ocrx_word' id='word_1_96' title='bbox 504 1279 694 1330; x_wconf 86' lang='lat' dir='ltr'>agerent,</span> <span class='ocrx_word' id='word_1_97' title='bbox 716 1275 917 1317; x_wconf 85' lang='lat' dir='ltr'>inusitate</span> <span class='ocrx_word' id='word_1_98' title='bbox 938 1274 1190 1330; x_wconf 86' lang='lat' dir='ltr'>granditatis</span> <span class='ocrx_word' id='word_1_99' title='bbox 1207 1288 1356 1315; x_wconf 90' lang='lat' dir='ltr'>manus</span> <span class='ocrx_word' id='word_1_100' title='bbox 1373 1273 1633 1315; x_wconf 78' lang='lat' dir='ltr'>domicilium</span> 
     </span>
     <span class='ocr_line' id='line_1_18' title="bbox 180 1330 1633 1389; baseline -0.001 -14"><span class='ocrx_word' id='word_1_101' title='bbox 180 1330 359 1388; x_wconf 69' lang='lat' dir='ltr'>pelnitus</span> <span class='ocrx_word' id='word_1_102' title='bbox 399 1347 619 1389; x_wconf 87' lang='lat' dir='ltr'>pererrare</span> <span class='ocrx_word' id='word_1_103' title='bbox 660 1337 899 1389; x_wconf 84' lang='lat' dir='ltr'>conspecta.</span> <span class='ocrx_word' id='word_1_104' title='bbox 972 1332 1065 1381; x_wconf 82' lang='lat' dir='ltr'>Quo</span> <span class='ocrx_word' id='word_1_105' title='bbox 1110 1336 1296 1374; x_wconf 86' lang='lat' dir='ltr'>monstro</span> <span class='ocrx_word' id='word_1_106' title='bbox 1337 1332 1507 1373; x_wconf 89' lang='lat' dir='ltr'>territus</span> <span class='ocrx_word' id='word_1_107' title='bbox 1543 1331 1633 1373; x_wconf 90' lang='lat' dir='ltr'>Ha-</span> 
     </span>
     <span class='ocr_line' id='line_1_19' title="bbox 181 1387 1632 1448; baseline -0.001 -16"><span class='ocrx_word' id='word_1_108' title='bbox 181 1391 335 1446; x_wconf 90' lang='lat' dir='ltr'>dingus</span> <span class='ocrx_word' id='word_1_109' title='bbox 375 1391 549 1433; x_wconf 90' lang='lat' dir='ltr'>nutricis</span> <span class='ocrx_word' id='word_1_110' title='bbox 590 1406 714 1448; x_wconf 91' lang='lat' dir='ltr'>opem</span> <span class='ocrx_word' id='word_1_111' title='bbox 755 1392 966 1447; x_wconf 88' lang='lat' dir='ltr'>implorat.</span> <span class='ocrx_word' id='word_1_112' title='bbox 1001 1391 1146 1432; x_wconf 68' lang='lat' dir='ltr'>&#39;Tunc</span> <span class='ocrx_word' id='word_1_113' title='bbox 1183 1390 1458 1445; x_wconf 88' lang='lat' dir='ltr'>Harthgrepa</span> <span class='ocrx_word' id='word_1_114' title='bbox 1480 1387 1495 1444; x_wconf 86' lang='grc' dir='ltr'>ΙΙ</span> <span class='ocrx_word' id='word_1_115' title='bbox 1518 1390 1632 1431; x_wconf 79' lang='lat' dir='ltr'>artus</span> 
     </span>
    </p>
   </div>
   <div class='ocr_carea' id='block_1_6' title="bbox 181 1448 1653 1505">
    <p class='ocr_par' dir='ltr' id='par_1_6' title="bbox 181 1448 1653 1505">
     <span class='ocr_line' id='line_1_20' title="bbox 181 1448 1653 1505; baseline -0.001 -15"><span class='ocrx_word' id='word_1_116' title='bbox 181 1449 403 1505; x_wconf 79' lang='lat' dir='ltr'>explicans</span> <span class='ocrx_word' id='word_1_117' title='bbox 434 1464 482 1491; x_wconf 88' lang='lat' dir='ltr'>ac</span> <span class='ocrx_word' id='word_1_118' title='bbox 514 1464 668 1505; x_wconf 86' lang='lat' dir='ltr'>magno</span> <span class='ocrx_word' id='word_1_119' title='bbox 699 1465 743 1493; x_wconf 90' lang='lat' dir='ltr'>se</span> <span class='ocrx_word' id='word_1_120' title='bbox 774 1454 946 1505; x_wconf 89' lang='lat' dir='ltr'>turgore</span> <span class='ocrx_word' id='word_1_121' title='bbox 978 1449 1234 1502; x_wconf 87' lang='lat' dir='ltr'>distendens,</span> <span class='ocrx_word' id='word_1_122' title='bbox 1272 1462 1443 1490; x_wconf 89' lang='lat' dir='ltr'>manum</span> <span class='ocrx_word' id='word_1_123' title='bbox 1475 1448 1653 1490; x_wconf 75' lang='lat' dir='ltr'>arocius·</span> 
     </span>
    </p>
   </div>
   <div class='ocr_carea' id='block_1_7' title="bbox 113 1506 1636 2439">
    <p class='ocr_par' dir='ltr' id='par_1_7' title="bbox 113 1506 1636 1797">
     <span class='ocr_line' id='line_1_21' title="bbox 113 1506 1634 1564; baseline -0.002 -15"><span class='ocrx_word' id='word_1_124' title='bbox 113 1518 151 1545; x_wconf 83' lang='lat'>20</span> <span class='ocrx_word' id='word_1_125' title='bbox 181 1508 491 1564; x_wconf 84' lang='lat' dir='ltr'>apprehensam</span> <span class='ocrx_word' id='word_1_126' title='bbox 537 1509 708 1551; x_wconf 84' lang='lat' dir='ltr'>alumno</span> <span class='ocrx_word' id='word_1_127' title='bbox 762 1508 932 1564; x_wconf 88' lang='lat' dir='ltr'>prebuit</span> <span class='ocrx_word' id='word_1_128' title='bbox 984 1507 1326 1549; x_wconf 78' lang='lat' dir='ltr'>abscindendam.</span> <span class='ocrx_word' id='word_1_129' title='bbox 1403 1506 1472 1547; x_wconf 81' lang='lat' dir='ltr'>Ex</span> <span class='ocrx_word' id='word_1_130' title='bbox 1518 1506 1634 1548; x_wconf 89' lang='lat' dir='ltr'>cuius</span> 
     </span>
     <span class='ocr_line' id='line_1_22' title="bbox 181 1563 1635 1623; baseline -0.001 -16"><span class='ocrx_word' id='word_1_131' title='bbox 181 1566 410 1608; x_wconf 87' lang='lat' dir='ltr'>teterrimis</span> <span class='ocrx_word' id='word_1_132' title='bbox 431 1566 677 1609; x_wconf 88' lang='lat' dir='ltr'>uulneribus</span> <span class='ocrx_word' id='word_1_133' title='bbox 698 1568 793 1623; x_wconf 89' lang='lat' dir='ltr'>plus</span> <span class='ocrx_word' id='word_1_134' title='bbox 815 1567 903 1608; x_wconf 89' lang='lat' dir='ltr'>tabi</span> <span class='ocrx_word' id='word_1_135' title='bbox 925 1580 1052 1622; x_wconf 89' lang='lat' dir='ltr'>quam</span> <span class='ocrx_word' id='word_1_136' title='bbox 1075 1565 1231 1607; x_wconf 87' lang='lat' dir='ltr'>cruoris</span> <span class='ocrx_word' id='word_1_137' title='bbox 1254 1564 1454 1606; x_wconf 88' lang='lat' dir='ltr'>manauit.</span> <span class='ocrx_word' id='word_1_138' title='bbox 1506 1563 1635 1605; x_wconf 84' lang='lat' dir='ltr'>Cuius</span> 
     </span>
     <span class='ocr_line' id='line_1_23' title="bbox 182 1623 1635 1680; baseline -0.002 -14"><span class='ocrx_word' id='word_1_139' title='bbox 182 1625 285 1666; x_wconf 83' lang='lat' dir='ltr'>facti</span> <span class='ocrx_word' id='word_1_140' title='bbox 306 1628 399 1679; x_wconf 87' lang='lat' dir='ltr'>post</span> <span class='ocrx_word' id='word_1_141' title='bbox 420 1624 591 1666; x_wconf 91' lang='lat' dir='ltr'>modum</span> <span class='ocrx_word' id='word_1_142' title='bbox 624 1625 678 1666; x_wconf 92' lang='lat' dir='ltr'>ab</span> <span class='ocrx_word' id='word_1_143' title='bbox 712 1625 885 1680; x_wconf 88' lang='lat' dir='ltr'>originis</span> <span class='ocrx_word' id='word_1_144' title='bbox 916 1639 990 1666; x_wconf 87' lang='lat' dir='ltr'>sue</span> <span class='ocrx_word' id='word_1_145' title='bbox 1022 1623 1284 1666; x_wconf 80' lang='lat' dir='ltr'>consortibus</span> <span class='ocrx_word' id='word_1_146' title='bbox 1315 1623 1474 1664; x_wconf 85' lang='lat' dir='ltr'>laniata</span> <span class='ocrx_word' id='word_1_147' title='bbox 1503 1636 1635 1678; x_wconf 90' lang='lat' dir='ltr'>penas</span> 
     </span>
     <span class='ocr_line' id='line_1_24' title="bbox 182 1680 1636 1738; baseline -0.002 -14"><span class='ocrx_word' id='word_1_148' title='bbox 182 1682 407 1738; x_wconf 66' lang='lat' dir='ltr'>pependitg</span> <span class='ocrx_word' id='word_1_149' title='bbox 440 1697 578 1738; x_wconf 92' lang='lat' dir='ltr'>neque</span> <span class='ocrx_word' id='word_1_150' title='bbox 600 1683 662 1724; x_wconf 92' lang='lat' dir='ltr'>illi</span> <span class='ocrx_word' id='word_1_151' title='bbox 684 1687 757 1725; x_wconf 91' lang='lat' dir='ltr'>aut</span> <span class='ocrx_word' id='word_1_152' title='bbox 777 1687 927 1725; x_wconf 89' lang='lat' dir='ltr'>nature</span> <span class='ocrx_word' id='word_1_153' title='bbox 950 1682 1141 1724; x_wconf 89' lang='lat' dir='ltr'>condicio</span> <span class='ocrx_word' id='word_1_154' title='bbox 1165 1686 1238 1723; x_wconf 91' lang='lat' dir='ltr'>aut</span> <span class='ocrx_word' id='word_1_155' title='bbox 1259 1681 1443 1736; x_wconf 88' lang='lat' dir='ltr'>corporis</span> <span class='ocrx_word' id='word_1_156' title='bbox 1474 1680 1636 1735; x_wconf 89' lang='lat' dir='ltr'>magni-</span> 
     </span>
     <span class='ocr_line' id='line_1_25' title="bbox 183 1738 1635 1797; baseline -0.002 -15"><span class='ocrx_word' id='word_1_157' title='bbox 183 1740 298 1789; x_wconf 83' lang='lat' dir='ltr'>tudo,</span> <span class='ocrx_word' id='word_1_158' title='bbox 330 1755 413 1797; x_wconf 85' lang='lat' dir='ltr'>quo</span> <span class='ocrx_word' id='word_1_159' title='bbox 446 1741 582 1784; x_wconf 90' lang='lat' dir='ltr'>minus</span> <span class='ocrx_word' id='word_1_160' title='bbox 614 1742 790 1784; x_wconf 85' lang='lat' dir='ltr'>infestos</span> <span class='ocrx_word' id='word_1_161' title='bbox 820 1741 1007 1783; x_wconf 87' lang='lat' dir='ltr'>hostium</span> <span class='ocrx_word' id='word_1_162' title='bbox 1038 1754 1201 1795; x_wconf 88' lang='lat' dir='ltr'>ungues</span> <span class='ocrx_word' id='word_1_163' title='bbox 1237 1739 1514 1795; x_wconf 86' lang='lat' dir='ltr'>experiretur,</span> <span class='ocrx_word' id='word_1_164' title='bbox 1546 1738 1635 1794; x_wconf 89' lang='lat' dir='ltr'>opi-</span> 
     </span>
    </p>

    <p class='ocr_par' dir='ltr' id='par_1_8' title="bbox 114 1799 424 1842">
     <span class='ocr_line' id='line_1_26' title="bbox 114 1799 424 1842; baseline 0.016 -5"><span class='ocrx_word' id='word_1_165' title='bbox 114 1809 151 1837; x_wconf 82' lang='lat'>25</span> <span class='ocrx_word' id='word_1_166' title='bbox 181 1799 318 1841; x_wconf 88' lang='lat' dir='ltr'>tulata</span> <span class='ocrx_word' id='word_1_167' title='bbox 349 1803 424 1842; x_wconf 89' lang='lat' dir='ltr'>est.</span> 
     </span>
    </p>

    <p class='ocr_par' dir='ltr' id='par_1_9' title="bbox 183 1853 1635 2089">
     <span class='ocr_line' id='line_1_27' title="bbox 324 1853 1634 1914; baseline -0.003 -15"><span class='ocrx_word' id='word_1_168' title='bbox 324 1858 561 1914; x_wconf 81' lang='lat' dir='ltr'>Spoliatum</span> <span class='ocrx_word' id='word_1_169' title='bbox 582 1858 744 1900; x_wconf 92' lang='lat' dir='ltr'>nutrice</span> <span class='ocrx_word' id='word_1_170' title='bbox 766 1857 1017 1913; x_wconf 89' lang='lat' dir='ltr'>Hadingum</span> <span class='ocrx_word' id='word_1_171' title='bbox 1039 1855 1281 1912; x_wconf 87' lang='lat' dir='ltr'>grandeuus</span> <span class='ocrx_word' id='word_1_172' title='bbox 1312 1855 1420 1897; x_wconf 89' lang='lat' dir='ltr'>forte</span> <span class='ocrx_word' id='word_1_173' title='bbox 1449 1853 1634 1910; x_wconf 84' lang='lat' dir='ltr'>quidam,</span> 
     </span>
     <span class='ocr_line' id='line_1_28' title="bbox 183 1912 1635 1968; baseline -0.003 -10"><span class='ocrx_word' id='word_1_174' title='bbox 183 1916 317 1958; x_wconf 88' lang='lat' dir='ltr'>altero</span> <span class='ocrx_word' id='word_1_175' title='bbox 361 1916 487 1959; x_wconf 87' lang='lat' dir='ltr'>orbus</span> <span class='ocrx_word' id='word_1_176' title='bbox 530 1916 679 1968; x_wconf 83' lang='lat' dir='ltr'>oculo,</span> <span class='ocrx_word' id='word_1_177' title='bbox 723 1916 957 1958; x_wconf 90' lang='lat' dir='ltr'>solitarium</span> <span class='ocrx_word' id='word_1_178' title='bbox 994 1916 1236 1968; x_wconf 88' lang='lat' dir='ltr'>miseratus,</span> <span class='ocrx_word' id='word_1_179' title='bbox 1279 1913 1426 1956; x_wconf 90' lang='lat' dir='ltr'>Lisero</span> <span class='ocrx_word' id='word_1_180' title='bbox 1468 1912 1635 1954; x_wconf 88' lang='lat' dir='ltr'>cuidam</span> 
     </span>
     <span class='ocr_line' id='line_1_29' title="bbox 186 1970 1634 2032; baseline -0.003 -15"><span class='ocrx_word' id='word_1_181' title='bbox 186 1976 321 2032; x_wconf 88' lang='lat' dir='ltr'>pirate</span> <span class='ocrx_word' id='word_1_182' title='bbox 344 1975 524 2017; x_wconf 88' lang='lat' dir='ltr'>solemni</span> <span class='ocrx_word' id='word_1_183' title='bbox 544 1975 759 2031; x_wconf 81' lang='lat' dir='ltr'>paccionis</span> <span class='ocrx_word' id='word_1_184' title='bbox 781 1975 872 2016; x_wconf 92' lang='lat' dir='ltr'>iure</span> <span class='ocrx_word' id='word_1_185' title='bbox 889 1974 1094 2016; x_wconf 86' lang='lat' dir='ltr'>conciliat.</span> <span class='ocrx_word' id='word_1_186' title='bbox 1129 1972 1346 2028; x_wconf 80' lang='lat' dir='ltr'>Siquidem</span> <span class='ocrx_word' id='word_1_187' title='bbox 1368 1971 1492 2013; x_wconf 88' lang='lat' dir='ltr'>icturi</span> <span class='ocrx_word' id='word_1_188' title='bbox 1513 1970 1634 2012; x_wconf 85' lang='lat' dir='ltr'>fedus</span> 
     </span>
     <span class='ocr_line' id='line_1_30' title="bbox 183 2028 1634 2089; baseline -0.004 -13"><span class='ocrx_word' id='word_1_189' title='bbox 183 2037 351 2076; x_wconf 90' lang='lat' dir='ltr'>ueteres</span> <span class='ocrx_word' id='word_1_190' title='bbox 381 2034 564 2089; x_wconf 89' lang='lat' dir='ltr'>uestigia</span> <span class='ocrx_word' id='word_1_191' title='bbox 594 2047 670 2075; x_wconf 86' lang='lat' dir='ltr'>sua</span> <span class='ocrx_word' id='word_1_192' title='bbox 701 2034 836 2075; x_wconf 90' lang='lat' dir='ltr'>mutui</span> <span class='ocrx_word' id='word_1_193' title='bbox 868 2032 1082 2088; x_wconf 87' lang='lat' dir='ltr'>sanguinis</span> <span class='ocrx_word' id='word_1_194' title='bbox 1113 2031 1356 2087; x_wconf 85' lang='lat' dir='ltr'>aspersione</span> <span class='ocrx_word' id='word_1_195' title='bbox 1380 2028 1634 2086; x_wconf 87' lang='lat' dir='ltr'>perfundere</span> 
     </span>
    </p>

    <p class='ocr_par' dir='ltr' id='par_1_10' title="bbox 115 2086 1634 2380">
     <span class='ocr_line' id='line_1_31' title="bbox 115 2086 1631 2147; baseline -0.005 -12"><span class='ocrx_word' id='word_1_196' title='bbox 115 2102 152 2130; x_wconf 82' lang='lat'>30</span> <span class='ocrx_word' id='word_1_197' title='bbox 182 2095 503 2143; x_wconf 84' lang='lat' dir='ltr'>consueuerant,</span> <span class='ocrx_word' id='word_1_198' title='bbox 533 2092 820 2136; x_wconf 90' lang='lat' dir='ltr'>amiciciarum</span> <span class='ocrx_word' id='word_1_199' title='bbox 842 2092 995 2147; x_wconf 89' lang='lat' dir='ltr'>pignus</span> <span class='ocrx_word' id='word_1_200' title='bbox 1016 2090 1168 2132; x_wconf 89' lang='lat' dir='ltr'>alterni</span> <span class='ocrx_word' id='word_1_201' title='bbox 1200 2088 1361 2131; x_wconf 87' lang='lat' dir='ltr'>cruoris</span> <span class='ocrx_word' id='word_1_202' title='bbox 1383 2086 1631 2130; x_wconf 86' lang='lat' dir='ltr'>commercio</span> 
     </span>
     <span class='ocr_line' id='line_1_32' title="bbox 181 2145 1633 2205; baseline -0.004 -13"><span class='ocrx_word' id='word_1_203' title='bbox 181 2150 402 2193; x_wconf 90' lang='lat' dir='ltr'>firmaturi.</span> <span class='ocrx_word' id='word_1_204' title='bbox 448 2149 542 2199; x_wconf 79' lang='lat' dir='ltr'>Quo</span> <span class='ocrx_word' id='word_1_205' title='bbox 576 2154 698 2205; x_wconf 89' lang='lat' dir='ltr'>pacto</span> <span class='ocrx_word' id='word_1_206' title='bbox 719 2149 890 2192; x_wconf 88' lang='lat' dir='ltr'>Liserus</span> <span class='ocrx_word' id='word_1_207' title='bbox 912 2152 954 2191; x_wconf 88' lang='lat' dir='ltr'>et</span> <span class='ocrx_word' id='word_1_208' title='bbox 976 2148 1203 2203; x_wconf 86' lang='lat' dir='ltr'>Hadingus</span> <span class='ocrx_word' id='word_1_209' title='bbox 1230 2146 1472 2188; x_wconf 83' lang='lat' dir='ltr'>arctissimis</span> <span class='ocrx_word' id='word_1_210' title='bbox 1504 2145 1633 2187; x_wconf 90' lang='lat' dir='ltr'>socie-</span> 
     </span>
     <span class='ocr_line' id='line_1_33' title="bbox 181 2203 1634 2262; baseline -0.005 -12"><span class='ocrx_word' id='word_1_211' title='bbox 181 2209 279 2251; x_wconf 84' lang='lat' dir='ltr'>tatis</span> <span class='ocrx_word' id='word_1_212' title='bbox 315 2208 494 2251; x_wconf 88' lang='lat' dir='ltr'>uinculis</span> <span class='ocrx_word' id='word_1_213' title='bbox 535 2208 727 2262; x_wconf 88' lang='lat' dir='ltr'>colligati</span> <span class='ocrx_word' id='word_1_214' title='bbox 766 2207 957 2259; x_wconf 88' lang='lat' dir='ltr'>Lokero‚</span> <span class='ocrx_word' id='word_1_215' title='bbox 998 2206 1202 2248; x_wconf 84' lang='lat' dir='ltr'>Curetum</span> <span class='ocrx_word' id='word_1_216' title='bbox 1232 2209 1435 2261; x_wconf 84' lang='lat' dir='ltr'>tyranno,</span> <span class='ocrx_word' id='word_1_217' title='bbox 1475 2203 1634 2245; x_wconf 91' lang='lat' dir='ltr'>bellum</span> 
     </span>
     <span class='ocr_line' id='line_1_34' title="bbox 181 2262 1634 2322; baseline -0.005 -14"><span class='ocrx_word' id='word_1_218' title='bbox 181 2266 448 2309; x_wconf 88' lang='lat' dir='ltr'>denunciant.</span> <span class='ocrx_word' id='word_1_219' title='bbox 511 2265 676 2315; x_wconf 81' lang='lat' dir='ltr'>Quibus</span> <span class='ocrx_word' id='word_1_220' title='bbox 716 2267 925 2322; x_wconf 88' lang='lat' dir='ltr'>superatis</span> <span class='ocrx_word' id='word_1_221' title='bbox 967 2265 1203 2319; x_wconf 88' lang='lat' dir='ltr'>fugientem</span> <span class='ocrx_word' id='word_1_222' title='bbox 1246 2262 1498 2317; x_wconf 87' lang='lat' dir='ltr'>Hadingum</span> <span class='ocrx_word' id='word_1_223' title='bbox 1540 2274 1634 2316; x_wconf 91' lang='lat' dir='ltr'>pre-</span> 
     </span>
     <span class='ocr_line' id='line_1_35' title="bbox 180 2319 1632 2380; baseline -0.006 -13"><span class='ocrx_word' id='word_1_224' title='bbox 180 2325 317 2377; x_wconf 84' lang='lat' dir='ltr'>dictus</span> <span class='ocrx_word' id='word_1_225' title='bbox 359 2338 488 2367; x_wconf 85' lang='lat' dir='ltr'>senex</span> <span class='ocrx_word' id='word_1_226' title='bbox 529 2324 584 2366; x_wconf 90' lang='lat' dir='ltr'>ad</span> <span class='ocrx_word' id='word_1_227' title='bbox 623 2328 799 2380; x_wconf 89' lang='lat' dir='ltr'>penates</span> <span class='ocrx_word' id='word_1_228' title='bbox 838 2338 933 2366; x_wconf 88' lang='lat' dir='ltr'>suos</span> <span class='ocrx_word' id='word_1_229' title='bbox 973 2337 1080 2378; x_wconf 89' lang='lat' dir='ltr'>equo</span> <span class='ocrx_word' id='word_1_230' title='bbox 1121 2320 1419 2364; x_wconf 89' lang='lat' dir='ltr'>deuehendum</span> <span class='ocrx_word' id='word_1_231' title='bbox 1457 2319 1632 2372; x_wconf 86' lang='lat' dir='ltr'>curauit,</span> 
     </span>
    </p>

    <p class='ocr_par' dir='ltr' id='par_1_11' title="bbox 116 2379 1633 2439">
     <span class='ocr_line' id='line_1_36' title="bbox 116 2379 1633 2439; baseline -0.005 -14"><span class='ocrx_word' id='word_1_232' title='bbox 116 2393 153 2420; x_wconf 84' lang='grc'>35</span> <span class='ocrx_word' id='word_1_233' title='bbox 183 2383 324 2439; x_wconf 91' lang='lat' dir='ltr'>ibique</span> <span class='ocrx_word' id='word_1_234' title='bbox 368 2382 615 2424; x_wconf 86' lang='lat' dir='ltr'>suauissime</span> <span class='ocrx_word' id='word_1_235' title='bbox 661 2381 878 2424; x_wconf 84' lang='lat' dir='ltr'>cuiusdam</span> <span class='ocrx_word' id='word_1_236' title='bbox 923 2381 1110 2437; x_wconf 85' lang='lat' dir='ltr'>pocionis</span> <span class='ocrx_word' id='word_1_237' title='bbox 1154 2379 1356 2422; x_wconf 89' lang='lat' dir='ltr'>beneficio</span> <span class='ocrx_word' id='word_1_238' title='bbox 1397 2381 1633 2420; x_wconf 88' lang='lat' dir='ltr'>recreatum</span> 
     </span>
    </p>
   </div>
   <div class='ocr_carea' id='block_1_8' title="bbox 1660 1338 1743 1430">
    <p class='ocr_par' dir='ltr' id='par_1_12' title="bbox 1660 1338 1743 1430">
     <span class='ocr_line' id='line_1_37' title="bbox 1660 1338 1743 1372; baseline -0.012 -7"><span class='ocrx_word' id='word_1_239' title='bbox 1660 1347 1690 1372; x_wconf 79' lang='lat' dir='ltr'>p.</span> <span class='ocrx_word' id='word_1_240' title='bbox 1709 1338 1743 1365; x_wconf 83' lang='lat'>40</span> 
     </span>
     <span class='ocr_line' id='line_1_38' title="bbox 1669 1395 1740 1430; baseline 0 0"><span class='ocrx_word' id='word_1_241' title='bbox 1669 1395 1740 1430; x_wconf 77' lang='lat'><strong>(12)</strong></span> 
     </span>
    </p>
   </div>
   <div class='ocr_carea' id='block_1_9' title="bbox 186 2434 1743 2496">
    <p class='ocr_par' dir='ltr' id='par_1_13' title="bbox 186 2434 1743 2496">
     <span class='ocr_line' id='line_1_39' title="bbox 186 2434 1743 2496; baseline -0.005 -13"><span class='ocrx_word' id='word_1_242' title='bbox 186 2439 425 2496; x_wconf 75' lang='lat' dir='ltr'>uege*ciori</span> <span class='ocrx_word' id='word_1_243' title='bbox 457 2440 643 2495; x_wconf 88' lang='lat' dir='ltr'>corporis</span> <span class='ocrx_word' id='word_1_244' title='bbox 673 2440 873 2482; x_wconf 89' lang='lat' dir='ltr'>firmitate</span> <span class='ocrx_word' id='word_1_245' title='bbox 914 2443 1202 2482; x_wconf 78' lang='lat' dir='ltr'>constaturam</span> <span class='ocrx_word' id='word_1_246' title='bbox 1243 2436 1442 2493; x_wconf 85' lang='lat' dir='ltr'>predixit.</span> <span class='ocrx_word' id='word_1_247' title='bbox 1503 2434 1632 2477; x_wconf 82' lang='lat' dir='ltr'>Cuius</span> <span class='ocrx_word' id='word_1_248' title='bbox 1659 2441 1743 2470; x_wconf 78' lang='lat' dir='ltr'>Vllb</span> 
     </span>
    </p>
   </div>
   <div class='ocr_carea' id='block_1_10' title="bbox 188 2495 1549 2671">
    <p class='ocr_par' dir='ltr' id='par_1_14' title="bbox 188 2495 1549 2671">
     <span class='ocr_line' id='line_1_40' title="bbox 188 2495 1328 2554; baseline -0.004 -13"><span class='ocrx_word' id='word_1_249' title='bbox 188 2500 356 2554; x_wconf 89' lang='lat' dir='ltr'>augurii</span> <span class='ocrx_word' id='word_1_250' title='bbox 386 2499 593 2540; x_wconf 89' lang='lat' dir='ltr'>monitum</span> <span class='ocrx_word' id='word_1_251' title='bbox 623 2497 864 2540; x_wconf 90' lang='lat' dir='ltr'>huiusmodi</span> <span class='ocrx_word' id='word_1_252' title='bbox 894 2498 1078 2539; x_wconf 89' lang='lat' dir='ltr'>carmine</span> <span class='ocrx_word' id='word_1_253' title='bbox 1108 2495 1328 2552; x_wconf 84' lang='lat' dir='ltr'>probauit:</span> 
     </span>
     <span class='ocr_line' id='line_1_41' title="bbox 323 2550 1549 2611; baseline -0.006 -13"><span class='ocrx_word' id='word_1_254' title='bbox 323 2557 436 2599; x_wconf 87' lang='lat' dir='ltr'>Hinc</span> <span class='ocrx_word' id='word_1_255' title='bbox 468 2560 511 2598; x_wconf 94' lang='lat' dir='ltr'>te</span> <span class='ocrx_word' id='word_1_256' title='bbox 542 2555 787 2598; x_wconf 89' lang='lat' dir='ltr'>tendentem</span> <span class='ocrx_word' id='word_1_257' title='bbox 817 2569 985 2611; x_wconf 87' lang='lat' dir='ltr'>gressus</span> <span class='ocrx_word' id='word_1_258' title='bbox 1015 2554 1243 2610; x_wconf 88' lang='lat' dir='ltr'>profugum</span> <span class='ocrx_word' id='word_1_259' title='bbox 1273 2555 1390 2594; x_wconf 88' lang='lat' dir='ltr'>ratus</span> <span class='ocrx_word' id='word_1_260' title='bbox 1420 2550 1549 2592; x_wconf 86' lang='lat' dir='ltr'>hostis</span> 
     </span>
     <span class='ocr_line' id='line_1_42' title="bbox 322 2611 1365 2671; baseline -0.004 -15"><span class='ocrx_word' id='word_1_261' title='bbox 322 2615 521 2671; x_wconf 90' lang='lat' dir='ltr'>Impetet,</span> <span class='ocrx_word' id='word_1_262' title='bbox 553 2618 601 2656; x_wconf 94' lang='lat' dir='ltr'>ut</span> <span class='ocrx_word' id='word_1_263' title='bbox 631 2618 776 2657; x_wconf 88' lang='lat' dir='ltr'>teneat</span> <span class='ocrx_word' id='word_1_264' title='bbox 805 2614 955 2656; x_wconf 88' lang='lat' dir='ltr'>uinclis</span> <span class='ocrx_word' id='word_1_265' title='bbox 985 2613 1201 2669; x_wconf 89' lang='lat' dir='ltr'>faucisque</span> <span class='ocrx_word' id='word_1_266' title='bbox 1232 2611 1365 2653; x_wconf 87' lang='lat' dir='ltr'>ferine</span> 
     </span>
    </p>
   </div>
  </div>
 </body>
</html>
