1884 3126
167 976 203 1003 10

165 1267 201 1293 15

162 1716 200 1744 20

162 2054 199 2081 25

168 2342 206 2369 30

164 2630 200 2658 35

240 222 294 265 66

828 225 1097 268 ...II-

353 350 411 394 Et
441 367 566 408 nunc,
597 353 764 408 Biarco,
795 355 928 411 uiges,
960 369 1200 412 quanquam
1231 355 1468 398 cunctacior
1499 369 1605 411 eque

353 409 573 466 Extiteris,
606 411 890 469 damnumque
921 428 1036 457 more
1068 414 1277 470 probitate
1308 426 1518 468 repensas.

650 527 711 571 At
741 529 894 572 Biarco
912 544 920 572 :

351 621 537 678 Carpere
565 637 632 665 me
662 623 843 665 necdum
874 623 1119 678 probrisque
1151 624 1356 665 lacessere
1388 622 1556 664 cessas?

352 680 489 723 Multa
519 695 656 723 moras
688 681 838 723 afferre
870 681 1017 723 solent.
1064 680 1260 736 Namque
1292 681 1440 722 obuius
1472 680 1580 721 ensis

351 737 588 781 Cunctandi
620 739 747 781 michi
778 753 903 781 causa
933 739 1025 792 fuit,
1058 753 1181 794 quem
1215 738 1407 781 Sueticus
1438 738 1570 780 hostis

349 795 402 837 In
434 811 527 839 mea
557 797 778 853 preualido
810 798 1012 839 contorsit
1043 801 1213 851 pectora
1244 798 1349 838 nisu.

349 853 441 897 Nec
471 869 597 911 parce
628 855 816 910 gladium
849 855 989 911 capuli
1020 855 1262 897 moderator
1294 855 1461 910 adegit3

348 911 460 955 Nam
492 917 695 968 quantum
725 914 768 954 in
798 912 910 955 nudo
941 913 1011 954 uel
1043 913 1193 955 inermi
1224 927 1395 967 corpore
1428 912 1491 954 fas
1523 915 1598 965 est,

349 969 451 1025 Egit
481 972 524 1013 in
555 975 739 1025 armato3
771 971 829 1012 sic
861 971 954 1012 duri
985 971 1174 1026 tegmina
1203 970 1305 1013 ferri

349 1027 410 1069 Vt
440 1029 586 1071 molles
617 1029 781 1070 traiecit
812 1042 964 1083 aquas3
996 1043 1073 1070 nec
1104 1029 1193 1084 opis
1225 1028 1351 1070 michi
1384 1028 1606 1084 quicquam

349 1085 515 1142 Aspera
545 1087 671 1129 lorice
703 1090 872 1142 poterat
908 1087 1170 1128 committere
1201 1087 1346 1130 moles

348 1143 406 1186 Et
436 1159 547 1186 nunc
577 1145 648 1187 ille
678 1145 752 1186 ubi
783 1145 848 1196 sit,
880 1145 950 1200 qui
981 1145 1112 1199 uulgo
1145 1144 1297 1186 dicitur
1329 1144 1459 1186 Othin

351 1202 634 1258 Armipotens,
665 1217 749 1244 uno
783 1216 948 1258 semper
980 1201 1207 1244 contentus
1230 1203 1395 1245 ocello?

347 1259 426 1302 Dic
457 1261 598 1315 michi,
630 1260 758 1315 Ruta⁷
790 1274 951 1316 precor,
983 1274 1160 1316 usquam
1192 1261 1225 1302 si
1257 1260 1462 1316 conspicis
1493 1260 1643 1301 illum?

645 1375 716 1417 Ad
747 1375 824 1418 hec
855 1375 972 1418 Ruta
985 1394 993 1416 :

300 1502 302 1504 .
347 1468 472 1510 Adde
503 1469 670 1510 oculum
702 1469 872 1524 propius
904 1473 946 1510 et
976 1472 1141 1510 nostras
1173 1468 1361 1524 prospice
1393 1467 1547 1522 chelas,

346 1526 460 1568 Ante
491 1530 729 1568 sacraturus
759 1527 922 1569 uictrici
952 1527 1113 1568 lumina
1143 1527 1278 1581 signo,

349 1585 393 1627 Si
423 1586 487 1626 uis
518 1589 756 1640 presentem
788 1589 877 1627 tuto
909 1598 1161 1640 cognoscere
1193 1583 1388 1625 Martem.

644 1701 752 1742 Tum
784 1700 935 1742 Biarco
950 1715 958 1742 :

348 1804 392 1846 Si
422 1810 569 1860 potero
602 1805 857 1848 horrendum
888 1805 1047 1861 Frigge
1078 1809 1268 1861 spectare
1300 1804 1514 1857 maritum,

349 1863 729 1919 Quantumcunque
761 1864 857 1905 albo
888 1865 1038 1919 clypeo
1071 1865 1123 1906 sit
1155 1867 1303 1916 tectus,
1335 1866 1376 1904 et
1407 1862 1538 1903 altum

346 1920 513 1963 Flectat
544 1936 711 1977 equum,
743 1922 904 1963 Lethra
935 1936 1200 1977 nequaquam
1231 1935 1372 1975 sospes
1404 1920 1561 1972 abibit;

347 1978 430 2020 Fas
461 1984 523 2021 est
554 1980 803 2034 belligerum
835 1980 948 2021 bello
980 1985 1243 2034 prosternere
1275 1979 1432 2020 diuum.

345 2036 458 2078 Ante
490 2038 629 2079 oculos
659 2038 770 2092 regis
802 2037 942 2079 clades
973 2038 1162 2093 speciosa
1194 2037 1391 2079 cadentes

346 2094 557 2150 Excipiat.
604 2095 718 2137 Dum
747 2096 837 2137 uita
868 2100 1022 2149 manet,
1054 2095 1296 2137 studeamus
1326 2095 1502 2136 honeste

347 2152 479 2195 Posse
511 2154 629 2206 mori,
662 2154 904 2208 clarumque
936 2167 1064 2195 manu
1094 2153 1319 2208 decerpere
1350 2152 1490 2195 funus.

346 2209 417 2252 Ad
447 2215 573 2266 caput
604 2212 778 2253 extincti
809 2211 967 2252 moriar
997 2211 1113 2252 ducis
1146 2211 1335 2262 obrutus,
1367 2224 1415 2252 ac
1446 2214 1492 2251 tu

347 2268 551 2310 Eiusdem
580 2269 758 2324 pedibus
788 2269 1003 2311 moriendo
1034 2268 1221 2310 allabere
1253 2283 1425 2324 pronus,

351 2326 411 2368 Vt
440 2326 596 2379 uideat,
628 2327 813 2383 quisquis
843 2330 1041 2380 congesta
1073 2326 1281 2368 cadauera
1310 2327 1476 2379 lustrat,

349 2385 541 2434 Qualiter
571 2389 789 2440 acceptum
821 2385 991 2426 domino
1023 2385 1291 2440 pensauimus
1322 2398 1484 2426 aurum.

346 2442 488 2484 Preda
518 2442 672 2484 erimus
703 2443 851 2490 coruis,
883 2443 1116 2497 aquilisque
1147 2442 1370 2498 rapacibus
1403 2456 1509 2495 esca,

347 2499 636 2555 Vesceturque
666 2515 800 2542 uorax
830 2501 958 2542 nostri
989 2500 1097 2556 dape
1129 2500 1311 2556 corporis
1341 2500 1440 2542 ales.

348 2557 425 2602 Sic*
446 2558 548 2600 belli
578 2558 807 2613 intrepidos
837 2572 1031 2614 proceres
1061 2558 1306 2601 occumbere
1337 2571 1413 2613 par
1445 2562 1519 2611 est,

345 2615 559 2658 Illustrem
592 2616 978 2671 socioxcomplexos
1009 2616 1155 2658 funere
1188 2629 1345 2670 regem.

1693 1723 1722 1748 p.
1744 1714 1791 1741 107

1695 2229 1725 2254 p.
1748 2221 1795 2247 118

1707 2392 1778 2427 (38)
