1884 3126
258 1324 274 1351 5

685 824 951 880 SAXONIS
989 825 1380 879 GRAMMATICI

637 966 1056 1010 HIsTORIE
1107 966 1428 1009 DANIcE

742 1106 872 1136 LIBER
902 1106 1090 1136 DECIMVS
1121 1106 1319 1143 QVINTVS.

459 1219 580 1292 Post
618 1250 697 1292 hec
739 1265 838 1301 rex,
877 1250 1068 1293 nondum
1112 1251 1290 1292 ulcionis
1321 1251 1362 1292 in
1406 1265 1547 1292 rerum
1580 1265 1753 1292 suarum

306 1317 498 1367 raptores
530 1314 776 1357 sacietatem
801 1315 994 1371 adeptus,
1027 1315 1308 1370 expedicione
1329 1314 1587 1370 <Solau>iam
1608 1320 1753 1372 petere

309 1372 467 1415 statuit.
537 1372 674 1421 Quam
717 1372 840 1424 dum,
881 1374 1285 1428 septentrionalibus
1329 1373 1435 1415 Iutis
1475 1373 1753 1429 supersedere

307 1429 442 1482 iussis,
473 1430 677 1472 australes
703 1431 913 1473 immenso
945 1435 1171 1486 uentorum
1213 1432 1316 1473 flatu
1348 1436 1564 1487 peterent,
1597 1431 1754 1473 Slesui-

307 1488 496 1529 censium
546 1489 724 1530 antistes
754 1488 1051 1541 ‘Fredericus,
1112 1489 1465 1545 perfectissimum
1517 1489 1753 1531 honestatis

305 1546 531 1599 specimen,
564 1546 664 1587 dum
697 1546 781 1588 ueli
812 1547 1105 1602 magnitudine
1137 1548 1336 1589 eximiam
1368 1561 1568 1588 aurarum
1599 1547 1754 1589 molem

237 1617 272 1644 10
301 1602 673 1660 intolerabilesque
717 1604 988 1659 nauigacioni
1042 1610 1167 1647 notos
1220 1605 1542 1660 complectitur,
1584 1604 1754 1647 defecta

305 1660 592 1715 gubernaculo
624 1676 791 1718 puppe,
825 1676 922 1704 cum
955 1663 1149 1705 omnibus
1181 1677 1291 1718 pene
1324 1663 1448 1704 sociis
1479 1662 1753 1718 periclitatus,

306 1723 521 1762 contracte
551 1720 695 1762 classis
727 1721 890 1762 animos
922 1721 1084 1774 ingenti
1114 1721 1253 1763 luctus
1285 1721 1517 1762 acerbitate
1558 1720 1751 1763 confecit.

307 1775 437 1819 Cuius
470 1777 558 1820 fato
588 1778 726 1819 minus
757 1779 878 1820 triste
911 1793 997 1820 non
1026 1778 1120 1832 fuit,
1154 1778 1281 1834 quod,
1305 1779 1515 1821 sociorum
1538 1778 1752 1820 cadaueri-

306 1834 385 1876 bus
407 1836 518 1878 ultro
540 1837 733 1891 repertis,
766 1836 901 1878 solum
925 1837 1014 1879 eius
1037 1850 1188 1891 corpus
1219 1837 1452 1892 impensius
1474 1837 1754 1892 perquisitum

236 1908 272 1936 15
303 1897 401 1934 ante
432 1893 603 1948 spiritus
636 1894 770 1935 sancti
802 1895 977 1936 solenne
1010 1894 1273 1950 deprehendi
1306 1908 1389 1937 non
1420 1895 1574 1949 potuit.
1622 1894 1752 1936 Cuius

235 2196 274 2224 20

237 2484 273 2511 25

305 1954 498 2006 tempore
532 1951 770 1993 Sialandico
801 1944 933 1993 lit'tori
965 1953 1188 2007 appulsum
1220 1966 1306 1994 non
1340 1953 1470 1994 odore
1503 1953 1644 2003 triste
1676 1966 1755 1994 nec

306 2012 482 2064 aspectu
529 2009 718 2052 deforme
761 2014 1021 2065 compertum
1068 2014 1155 2062 est,
1202 2024 1372 2065 prorsus
1419 2014 1466 2050 ut
1509 2011 1755 2077 corruptela

305 2079 488 2108 uacuum
507 2068 785 2109 existimares.
823 2067 916 2116 Quo
939 2069 1198 2123 integritatis
1218 2067 1364 2110 habitu
1386 2068 1651 2109 sanctitatem
1673 2068 1754 2109 uiri

307 2123 508 2166 diuinitus
556 2126 814 2167 declaratam
868 2126 1133 2168 crediderim.
1215 2124 1304 2167 Nec
1355 2126 1494 2166 minus
1546 2130 1753 2168 ueneratu

306 2182 493 2236 dignum,
527 2183 638 2238 quod
671 2183 798 2236 idem,
831 2183 990 2225 frustra
1020 2183 1074 2224 ab
1105 2183 1248 2224 amicis
1270 2184 1474 2238 quesitus,
1506 2183 1594 2225 eius
1627 2184 1753 2238 potis-

306 2240 456 2281 simum
487 2240 639 2282 festum
673 2242 860 2296 corporis
893 2242 959 2283 sui
980 2242 1228 2297 repercione
1251 2241 1481 2283 clarescere
1516 2242 1663 2293 uoluit,
1688 2242 1752 2282 cui
1816 2258 1817 2261 ¹

305 2297 532 2352 peculiaris
564 2300 700 2340 cultus
724 2299 866 2341 officio
889 2298 1095 2341 honorem
1118 2299 1276 2340 habere
1300 2304 1595 2341 consueuerat.
1642 2298 1751 2340 Tum

307 2369 410 2397 uero
454 2355 629 2411 insignis
669 2356 899 2408 Absalonis
939 2358 1120 2412 gemitus
1162 2361 1276 2409 erat,
1319 2356 1592 2412 precordialis
1632 2357 1753 2398 amici

309 2427 452 2455 casum
474 2413 670 2480 lugentis:
714 2414 809 2456 Rex
837 2414 843 2467 Ι
872 2415 1002 2481 copiis
1027 2414 1141 2470 apud
1162 2414 1388 2456 Falstriam
1411 2414 1574 2467 obuius,
1597 2419 1749 2455 uocata

303 2472 511 2513 maiorum
551 2473 774 2525 concione,
813 2473 1034 2528 prouisum
1072 2472 1172 2526 sibi,
1212 2472 1369 2527 inquit,
1411 2472 1587 2527 paruula
1625 2486 1751 2512 manu

306 2542 481 2583 magnas
523 2530 707 2571 hostium
750 2531 893 2587 copias
935 2544 1018 2572 non
1060 2530 1293 2583 lacessere,
1337 2544 1429 2571 eam
1473 2530 1625 2571 milicie
1657 2544 1751 2571 con-

309 2586 516 2629 dicionem
547 2588 734 2642 habenti,
767 2589 835 2630 cui
866 2588 1093 2643 pluiimum
1119 2588 1255 2642 glorie
1288 2588 1357 2629 uel
1380 2587 1593 2643 opprobrii
1625 2587 1751 2629 debe-

310 2648 415 2688 atur.
478 2645 617 2697 Quam
649 2645 702 2688 ob
735 2660 821 2688 rem
863 2660 908 2688 se
949 2646 1097 2702 pocius
1128 2645 1335 2687 Absaloni
1366 2644 1630 2699 Kanutoque
1666 2645 1750 2687 filio

512 2729 520 2746 Ν
