1884 3126
370 223 451 264 584
901 236 951 242 -—
1012 210 1152 253 XIIII
1210 234 1266 239 —

370 359 511 389 eorum
532 344 674 385 horror
694 337 959 392 increbruit,*
981 343 1027 379 ut
1047 339 1089 380 in
1119 342 1328 393 postrema
1359 338 1448 379 acie
1479 338 1692 379 collocatis
1711 353 1797 379 non
1817 347 1884 376 cm

369 404 506 445 solum
527 403 698 450 metum,
729 397 800 438 sed
823 396 968 450 fugam
990 396 1209 437 incuteret.
1253 395 1414 437 Verum
1437 409 1461 435 a
1486 395 1802 449 precedentibus

369 473 506 509 secus,
551 470 598 496 ac
645 455 858 505 rebantur,
904 454 1092 508 excepti,
1132 467 1215 494 non
1255 453 1418 493 minore
1458 453 1619 506 impetu
1656 457 1802 503 castra,
1834 472 1838 477 ·

369 529 494 571 quam
525 513 794 565 reliquerant,
827 510 1086 565 repetebant.
1133 509 1379 565 Complures
1401 523 1455 550 ex
1476 510 1535 551 eis
1565 511 1670 563 cesi,
1691 511 1801 552 solus

320 587 336 614 5
368 588 389 615 e
420 571 572 613 nostris
603 569 788 619 Olauus,
820 572 967 622 guttur
998 568 1081 609 telo
1113 568 1311 608 traiectus
1343 567 1557 622 multoque
1588 568 1801 622 sanguinis

368 628 570 684 profluuio
602 625 860 675 debilitatus,
892 625 1145 666 semianimis
1176 625 1218 665 in
1249 625 1366 665 littus
1397 625 1591 666 refertur.
1636 625 1800 667 Primus

366 685 567 727 Nicolaus
598 682 776 723 Sticonis
806 682 930 734 filius,
961 683 1026 723 uir
1057 696 1212 736 genere
1244 686 1286 723 et
1316 681 1477 722 uiribus
1509 682 1628 723 iuxta
1661 683 1798 737 splen-

367 743 506 790 didus,
548 740 765 781 defensam
804 754 829 780 a
867 739 1057 781 barbaris
1092 743 1095 782 Ι
1134 740 1413 781 municionem
1453 739 1625 794 irrupit,
1656 741 1726 781 sed
1756 742 1799 781 in
1853 759 1881 784 p.

366 801 456 854 ipso
490 812 589 839 mox
619 797 735 837 aditu
766 797 1007 838 uehementi
1046 797 1167 838 fustis
1207 797 1292 838 ictu
1332 802 1533 851 exceptus
1565 798 1798 852 procubuit.

297 871 332 898 10
364 857 496 905 Quem
518 855 613 896 Ako
645 854 776 895 frater
797 854 959 908 proprii
980 855 1161 909 corporis
1183 854 1348 896 obiectu
1375 859 1597 908 protegere
1619 856 1799 910 cupiens,

364 914 500 954 dirum
546 913 588 953 in
633 915 803 966 gutture
849 912 1002 953 uulnus
1051 911 1230 967 excepit.
1309 911 1495 959 Quorum
1547 912 1799 954 fortitudinis

363 971 544 1024 uestigia
576 969 703 1011 ceteri
734 969 777 1009 in
808 969 950 1021 secuti,
983 969 1094 1010 facto
1125 969 1372 1023 irrupcionis
1404 969 1552 1023 gradu,
1584 984 1676 1011 cum
1707 985 1800 1012 con-

362 1033 526 1081 temptu
557 1026 840 1081 periculorum
871 1027 1050 1068 atrocius
1081 1027 1124 1067 in
1146 1026 1309 1068 hostem
1339 1031 1596 1080 grassantur.
1641 1028 1800 1075 Quibus

363 1086 509 1137 eciam,
555 1085 626 1139 qui
657 1084 845 1125 excubiis
876 1089 1084 1138 preerant,
1117 1084 1458 1138 superuenientes
1490 1098 1611 1139 opem
1642 1085 1798 1138 tulere3

292 1156 329 1184 15
360 1143 433 1184 alii
486 1142 606 1182 malis
648 1141 847 1196 appositis
889 1141 1138 1182 munimenti
1186 1142 1401 1195 fastigium
1444 1142 1799 1197 transcendentes,

362 1199 525 1241 ferendi
556 1199 679 1240 sociis
719 1199 867 1240 auxilii
912 1198 1048 1240 studio
1080 1199 1299 1240 hostilibus
1340 1213 1429 1241 sese
1469 1199 1605 1253 globis
1636 1200 1800 1242 immer-

361 1261 480 1312 gunt.
544 1256 680 1297 Tanta
722 1261 864 1297 autem
903 1256 947 1296 in
978 1257 1179 1298 barbaros
1221 1260 1382 1310 strages
1425 1258 1610 1298 exercita
1641 1262 1726 1310 est,
1756 1263 1801 1299 ut

361 1329 411 1356 ex
446 1315 537 1369 ipsa
569 1328 712 1355 eorum
744 1313 1013 1355 multitudine
1036 1328 1087 1355 ne
1110 1313 1242 1355 cladis
1264 1314 1433 1368 quidem
1452 1315 1628 1356 nuncius
1658 1329 1800 1370 super-

362 1376 444 1413 stes
495 1371 760 1425 reperiretur.
842 1370 901 1411 At
951 1372 1108 1425 nostri,
1158 1371 1287 1426 prede
1333 1372 1660 1427 participacione
1708 1378 1801 1414 acta

293 1443 331 1470 20
362 1429 612 1483 refectisque
634 1429 828 1482 nauigiis,
851 1428 1056 1470 nobilium
1077 1429 1281 1470 sociorum
1314 1429 1522 1471 cadauera
1540 1429 1800 1483 sal[l]ientes,

362 1487 616 1541 ignobilibus
638 1485 797 1526 ibidem
818 1487 1048 1539 tumulatis,
1071 1487 1114 1527 in
1135 1487 1316 1541 patriam
1337 1487 1561 1529 referenda
1582 1488 1797 1530 curabant.

361 1544 453 1592 Qua
484 1544 600 1595 inita,
633 1543 954 1584 Waldemarum
995 1543 1107 1598 apud
1150 1543 1483 1599 Ryngstadium,
1521 1559 1675 1599 magna
1706 1559 1801 1586 cum

362 1602 613 1656 optimatum
645 1601 900 1656 frequencia,
932 1602 1048 1655 regio
1081 1606 1288 1656 apparatu
1322 1601 1543 1644 feriantem
1565 1603 1800 1657 reperiunt3

359 1658 431 1699 ubi
476 1657 716 1699 Lundensis
760 1658 969 1712 pontificis
1010 1659 1267 1709 ministerio,
1316 1660 1433 1701 cuius
1473 1659 1514 1700 id
1561 1659 1797 1716 exequendi

290 1731 328 1758 25
360 1716 542 1757 officium
576 1720 678 1767 erat,
711 1720 753 1757 et
785 1716 914 1770 patris
960 1716 1049 1758 eius
1091 1731 1186 1757 ossa
1226 1731 1297 1757 are
1337 1717 1586 1770 traduntur,
1619 1722 1660 1758 et
1690 1717 1798 1759 filius

361 1778 523 1828 septem
556 1787 684 1814 annos
716 1777 861 1824 natus,
903 1773 1128 1826 Kanutus,
1168 1789 1244 1816 rex
1287 1780 1582 1828 consecratur,
1612 1775 1726 1829 regia
1758 1776 1800 1816 in
1853 1823 1859 1829 .

361 1832 463 1872 sella
504 1844 690 1885 purpura
728 1836 992 1873 uenustatur,
1063 1831 1224 1879 Quibus
1265 1832 1407 1874 debita
1446 1833 1650 1886 religione
1693 1834 1800 1875 cele-

361 1888 503 1935 bratis,
538 1888 694 1943 Helgo,
726 1888 917 1943 pontifex
953 1889 1183 1940 Asloensis,
1217 1894 1258 1931 et
1280 1889 1521 1945 Stephanus
1542 1889 1800 1945 Vpsalensis,

361 1945 416 1986 ab
446 1944 620 2000 Erlingo
662 1946 797 1997 missi,
842 1945 1022 1988 ediciore
1063 1947 1158 1988 loco
1194 1955 1425 2002 occupato,
1458 1962 1605 2003 pacem
1638 1947 1801 1989 Norua-

291 2017 329 2045 30
359 2003 573 2056 giensibus
617 2003 797 2058 benigno
836 2005 1118 2059 precabantur
1161 2005 1361 2060 alloquio.
1434 2004 1568 2053 Quam
1611 2020 1636 2046 a
1663 2009 1668 2055 Ι
1696 2020 1799 2058 rege
1859 2023 1884 2049 p·

362 2074 412 2101 eo
445 2061 710 2116 potissimum
743 2060 810 2103 die
842 2061 1155 2103 concedendam
1181 2077 1275 2104 esse
1305 2063 1608 2113 monstrabant,
1641 2077 1724 2118 quo
1759 2069 1799 2105 et

360 2117 487 2159 filium
521 2117 758 2160 diademate
802 2123 842 2159 et
883 2125 1102 2173 parentem
1145 2120 1294 2161 altario
1327 2120 1577 2162 honoratum
1611 2121 1799 2163 uidisset.

360 2175 625 2231 Tantumque
670 2177 894 2218 excellenti
942 2192 1083 2219 eorum
1130 2177 1325 2218 facundie
1376 2178 1579 2219 tributum
1625 2184 1710 2231 est,
1753 2185 1801 2219 ut

360 2232 533 2288 Erlingo
563 2233 780 2275 familiaris
812 2234 1013 2290 colloquii
1044 2235 1182 2276 aditus
1203 2237 1529 2291 promitteretur.
1579 2235 1644 2276 Ad
1675 2250 1799 2291 quem

291 2304 328 2331 35
361 2289 595 2343 Esbernus,
627 2297 827 2345 poscente
860 2291 1072 2347 Helgone,
1105 2295 1289 2334 nondum
1314 2294 1517 2334 resanatis
1543 2293 1800 2343 uulneribus,

361 2349 527 2402 legatus
560 2348 766 2402 dirigitur,
797 2349 974 2404 Erlingo
1008 2355 1049 2391 et
1079 2350 1207 2392 Iuaro
1240 2349 1604 2405 Noruagiensibus
1635 2351 1799 2392 interim

362 2404 558 2447 obsidum
589 2406 680 2448 loco
713 2406 825 2462 apud
857 2421 998 2461 regem
1030 2408 1218 2450 retentis.
1264 2408 1402 2449 Multa
1432 2409 1491 2449 illi
1525 2410 1563 2450 in
1597 2409 1800 2450 concione

360 2463 562 2517 Erlingus
594 2464 839 2517 insolenter,
872 2465 938 2506 hic
969 2465 1100 2506 multa
1129 2465 1304 2519 Erlingo
1337 2465 1538 2507 audacter
1567 2466 1798 2521 respondit.

363 2520 458 2567 Quo
481 2520 681 2575 Erlingus
712 2521 828 2563 domi
859 2536 934 2564 sue
967 2522 1149 2575 detento,
1172 2522 1494 2564 Waldemarum
1521 2523 1797 2574 allocuturus,

296 2591 330 2616 ω
363 2577 617 2620 Sialandiam
640 2583 822 2634 quatuor
842 2580 1034 2635 nauigiis,
1059 2580 1275 2635 Stephano
1298 2579 1523 2636 Vpsalensi
1560 2582 1799 2635 comitatus,
