1884 3126
284 899 319 925 10

286 1188 319 1215 15

280 2056 316 2083 30

281 2347 317 2374 35

279 2634 314 2662 40

359 237 438 277 106
918 261 971 266 —-
1032 236 1127 279 IIII
1188 262 1239 269 —-

355 369 439 405 tam
473 368 514 406 et
545 363 808 420 splendidam
854 369 1028 408 mortem
1062 364 1309 408 discriminis
1341 367 1560 421 interesse,
1591 371 1793 422 quantum

355 421 537 477 dignitas
569 437 592 463 a
631 428 878 479 contemptu
924 423 1081 465 distare
1128 424 1409 479 cognoscitur.
1470 423 1607 466 Tanta
1652 430 1792 467 autem

355 479 646 522 Hermutrude
688 481 863 523 caritate
902 481 1147 533 tenebatur,
1189 487 1235 523 ut
1275 482 1477 523 maiorem
1521 482 1663 524 future
1704 484 1793 524 eius

354 538 585 588 uiduitatis,
617 552 742 592 quam
773 540 943 594 proprie
973 540 1087 581 necis
1119 539 1438 581 sollicitudinem
1461 540 1596 581 animo
1626 540 1793 582 insitam

352 599 551 650 gestaret,
585 597 783 652 omnique
815 597 953 638 studio
987 598 1339 652 circunspiceret,
1373 587 1553 653 qualiter
1585 598 1621 639 ei
1648 613 1794 640 secun-

354 654 428 695 das
460 654 634 709 nupcias
666 659 763 696 ante
808 654 905 697 belli
948 655 1184 710 ingressum
1229 655 1518 698 conscisceret.
1581 656 1794 704 Quamob—

353 725 439 752 rem
473 711 783 765 Hermutruda,
822 712 982 754 uirilem
1024 713 1215 768 professa
1259 713 1478 756 fiduciam,
1524 728 1578 755 ne
1618 715 1660 755 in
1703 717 1794 756 acie

354 769 521 825 quidem
545 785 589 812 se
612 784 707 811 eum
730 770 992 812 deserturam
1015 771 1257 826 spopondit,
1280 770 1578 813 detestabilem
1600 772 1792 826 inquiens

351 828 572 881 feminam,
617 842 698 883 que
743 828 893 870 marito
935 833 1070 870 morte
1114 828 1277 870 conseri
1320 828 1578 872 formidaret.
1657 830 1793 878 Quam

350 886 639 940 promissionis
683 887 916 928 nouitatem
961 900 1111 941 parum
1156 891 1341 929 executa
1383 890 1458 929 est.
1547 887 1654 928 Nam
1697 903 1790 929 cum

353 942 576 985 Amlethus
609 943 722 999 apud
755 943 908 985 Iutiam
940 959 964 985 a
990 944 1164 998 Vigleto
1203 944 1294 986 acie
1326 945 1602 1000 interemptus
1634 945 1794 998 fuisset,

354 1001 461 1042 ultro
485 1002 526 1042 in
548 1002 718 1043 uictoris
752 1002 924 1056 predam
948 1003 1281 1057 amplexumque
1297 1003 1516 1044 concessit.
1558 1003 1625 1044 Ita
1647 1008 1793 1045 uotum

353 1073 476 1100 omne
500 1059 723 1101 femineum
745 1060 911 1101 fortune
935 1060 1120 1102 uarietas
1142 1060 1307 1114 abripit,
1338 1065 1575 1116 temporum
1607 1062 1791 1104 mutacio

353 1117 559 1171 dissoluit,
592 1122 633 1159 et
665 1118 880 1159 muliebris
911 1118 1039 1159 animi
1070 1117 1194 1159 fidem
1227 1117 1389 1160 lubrico
1422 1119 1565 1160 nixam
1612 1120 1792 1175 uestigio

351 1175 513 1217 fortuiti
547 1189 686 1216 rerum
719 1189 840 1217 casus
873 1179 1128 1229 extenuant,
1169 1189 1252 1230 que
1283 1177 1390 1217 sicut
1422 1176 1476 1217 ad
1506 1177 1792 1231 pollicendum

351 1233 496 1283 facilis,
528 1234 587 1274 ita
609 1232 660 1273 ad
683 1232 1012 1288 persoluendum
1046 1234 1202 1288 segnis,
1235 1234 1361 1275 uariis
1394 1234 1626 1289 uoluptatis
1657 1236 1793 1278 irrita-

352 1292 503 1333 mentis
543 1291 811 1346 astringitur,
856 1296 983 1346 atque
1014 1291 1067 1332 ad
1099 1291 1291 1333 recencia
1327 1305 1494 1346 semper
1526 1292 1690 1334 auidius
1723 1308 1793 1334 ex-

352 1348 546 1404 petenda,
578 1353 772 1390 ueterum
803 1350 1030 1399 immemor,
1063 1349 1215 1391 anhela
1246 1363 1423 1404 preceps
1460 1350 1688 1404 cupiditate
1712 1350 1791 1393 dis-

352 1407 495 1449 sultat.
536 1406 619 1448 Hic
640 1407 829 1450 Amlethi
852 1408 991 1448 exitus
1020 1406 1111 1460 fuit,
1144 1406 1213 1462 qui
1246 1407 1279 1448 si
1310 1421 1454 1462 parem
1485 1414 1635 1449 nature
1667 1413 1793 1464 atque

282 1478 296 1503 2
348 1465 517 1506 fortune
562 1464 873 1519 indulgenciam
921 1469 1121 1520 expertus
1167 1464 1339 1518 fuisset,
1386 1471 1581 1520 equasset
1626 1467 1793 1520 fulgore

349 1537 539 1577 superOS,
566 1523 781 1565 Herculea
811 1523 1040 1564 uirtutibus
1072 1536 1201 1578 opera
1232 1523 1572 1566 transcendisset.
1613 1524 1792 1578 Insignis

351 1582 440 1622 cius
482 1581 700 1635 sepultura
751 1595 800 1623 ac
839 1581 1007 1622 nomine
1069 1594 1240 1635 campus
1287 1581 1399 1636 apud
1442 1581 1597 1623 Iutiam
1639 1587 1788 1624 exstat.

350 1638 566 1693 Vigletum
614 1639 878 1693 tranquillam
925 1652 973 1679 ac
1002 1638 1225 1680 ¹diutinam
1275 1639 1397 1693 regni
1447 1640 1791 1693 procuracionem

351 1710 569 1738 emensum
600 1697 772 1738 morbus
806 1697 1078 1751 consumpsit.

488 1754 565 1796 Cui
604 1755 714 1796 filius
745 1754 1040 1797 Wermundus
1083 1753 1284 1795 succedit.
1345 1753 1430 1796 Hic
1461 1754 1636 1809 prolixis
1678 1760 1790 1797 tran·

351 1811 569 1866 quillitatis
600 1812 698 1855 ociis
730 1812 973 1854 felicissima
1002 1816 1239 1867 temporum
1264 1812 1405 1866 quiete
1439 1811 1638 1866 decursis,
1669 1812 1791 1854 diuti-

349 1867 488 1923 na<m>
520 1870 753 1912 domestice
785 1870 899 1926 pacis
944 1870 1226 1911 constanciam
1270 1870 1518 1911 inconcussa
1556 1885 1694 1912 rerum
1728 1886 1791 1913 se-

350 1928 528 1969 curitate
570 1928 791 1969 tractabat.
852 1927 971 1969 Idem
1017 1928 1144 1983 prolis
1186 1941 1336 1982 expers
1378 1927 1593 1969 iuuentam
1635 1930 1790 1983 exegit,

349 1985 490 2026 senior
522 1999 624 2027 uero
647 1986 995 2028 filiumVffonem
1028 2000 1121 2027 sero
1152 1984 1324 2026 fortune
1356 1999 1528 2027 munere
1557 1987 1789 2041 suscitauit,

349 2055 442 2083 cum
491 2044 649 2085 nullam
701 2044 737 2084 ei
793 2044 984 2086 sobolem
1030 2044 1175 2098 elapsa
1221 2047 1284 2084 tot
1329 2056 1536 2084 annorum
1584 2045 1790 2086 curricula

349 2101 624 2155 peperissent.
696 2101 780 2142 Hic
811 2101 909 2143 Vffo
960 2114 1116 2143 coeuos
1163 2114 1352 2155 quosque
1398 2099 1597 2157 eorpolris
1642 2102 1789 2144 habitu

349 2173 660 2214 supergressus,
692 2159 798 2201 adeo
822 2159 985 2201 hebetis
1007 2158 1223 2214 ineptique
1245 2159 1369 2200 animi
1391 2159 1594 2215 principio
1617 2160 1789 2201 iuuente

349 2217 613 2259 existimatus
643 2222 720 2270 est,
752 2221 798 2259 ut
830 2217 1004 2272 priuatis
1037 2230 1085 2258 ac
1116 2216 1295 2271 publicis
1325 2216 1454 2259 rebus
1484 2217 1640 2259 inutilis
1672 2218 1788 2259 uide-

348 2277 474 2316 retur.
517 2274 732 2329 Siquidem
764 2275 816 2316 ab
847 2276 1018 2316 ineunte
1053 2279 1166 2317 etate
1197 2288 1429 2330 numquam
1459 2275 1576 2317 lusus
1608 2280 1679 2317 aut
1710 2276 1788 2318 ioci

1845 2124 1871 2148 P·

350 2332 696 2374 consuetudinem
746 2332 963 2388 pre*buit,
1015 2332 1207 2387 adeoque
1256 2332 1437 2374 humane
1487 2332 1785 2375 delectacionis
1806 2344 1884 2372 xx}

348 2404 508 2432 uacuus
529 2391 621 2445 fuit,
653 2395 699 2431 ut
719 2391 930 2432 labiorum
953 2390 1259 2432 continenciam
1279 2390 1366 2444 iugi
1388 2391 1557 2433 silencio
1576 2397 1787 2447 premeret

348 2452 391 2489 et
428 2448 698 2490 seueritatem
739 2449 822 2490 oris
863 2462 887 2489 a
917 2448 1079 2490 ridendi
1121 2461 1294 2503 prorsus
1337 2448 1475 2490 officio
1519 2453 1786 2504 temperaret.

347 2505 509 2547 Verum
540 2510 586 2547 ut
616 2505 868 2548 incunabula
908 2505 1153 2547 stoliditatis
1193 2506 1390 2560 opinione
1427 2506 1582 2548 referta
1623 2506 1784 2559 habuit,

347 2563 404 2604 ita
435 2568 532 2619 post
562 2564 735 2605 modum
767 2563 1023 2606 condicionis
1056 2566 1344 2618 contemptum
1377 2563 1565 2605 claritate
1593 2564 1784 2615 mutauit,

346 2625 386 2662 et
416 2622 619 2678 quamtum
649 2622 811 2664 inercie,
836 2621 1123 2676 spectaculum
1154 2619 1253 2674 fuit,
1286 2626 1452 2663 tantum
1484 2621 1712 2677 prudencie
1745 2627 1786 2663 et
