1884 3126
360 246 441 289 580
892 265 941 271 ——
1003 237 1142 282 XIIII
1206 261 1254 270 —-

357 372 598 415 iactandum
631 374 733 423 erat,
763 370 873 411 inter
903 369 1145 423 religiosam
1177 368 1408 410 astancium
1449 369 1793 411 ammiracionem

358 431 527 486 proprio
549 428 730 482 impulsu
752 427 866 468 humi
891 426 1059 468 decidit.
1107 426 1172 467 Ea
1193 439 1260 467 res
1295 432 1335 467 et
1359 426 1545 467 mulieris
1579 427 1794 468 infamiam

355 487 513 528 leuauit
537 490 577 527 et
597 484 826 525 uisencium
850 485 1008 525 animos
1034 484 1225 538 religioni
1248 484 1468 538 proniores
1502 484 1653 527 effecit.
1702 483 1792 526 Neo

356 549 513 585 temere
545 542 715 597 quidem
760 542 1008 596 pudiciciam
1050 555 1171 583 suam
1213 545 1299 582 tam
1331 542 1524 596 ancipitis
1556 543 1794 597 argumenti

307 615 323 641 5
356 601 510 641 iudicio
543 599 734 651 credidit,
768 600 834 639 cui
866 599 1054 653 corporis
1086 598 1300 653 animique
1322 598 1519 640 fiduciam
1553 608 1666 641 certe
1697 614 1792 656 syn-

357 658 538 698 ceritatis
571 657 832 697 consciencia
863 657 1130 697 ministrauit.
1175 655 1311 711 Capta
1341 655 1497 710 Rugia,
1531 671 1626 698 cum
1657 657 1796 698 adhuc

355 715 542 770 pyratice
575 714 689 754 labes
714 719 886 755 cunctos
909 714 1033 754 maris
1057 714 1191 755 nostri
1214 727 1407 755 secessus
1430 713 1611 764 fedaret,
1633 715 1796 756 sollerti

354 771 577 812 Danorum
607 772 800 812 instituto
829 775 834 820 1
865 772 1082 827 prouisum
1115 779 1191 824 est,
1226 775 1285 823 ut,
1318 785 1464 812 eorum
1486 772 1620 814 classe
1655 786 1796 814 recen-
1849 785 1877 809 t>-

354 829 453 885 sita,
496 833 644 883 quarta
687 843 853 884 queque
896 830 1016 870 nauis
1050 829 1275 870 aduersum
1309 830 1540 871 maritimos
1571 830 1795 884 predones,

282 906 320 932 10
353 886 493 940 quoad
525 892 764 940 temporum
798 887 966 928 habitus
998 887 1168 939 sineret,
1203 886 1440 928 excubandi
1475 887 1613 928 officio
1646 888 1795 941 funge-

351 950 489 996 retur,
530 944 675 999 sicque
719 945 982 999 quorundam
1017 944 1241 985 assiduitas
1272 945 1570 986 uniuersorum
1602 946 1794 988 laborem

350 1003 605 1043 absolueret.
667 1001 852 1043 Tantum
888 1003 997 1043 enim
1031 1002 1242 1044 commodi
1274 1016 1379 1056 gens
1404 1007 1547 1043 nostra
1579 1004 1620 1043 in
1651 1003 1793 1058 pauci-

349 1060 445 1100 tatis
492 1060 708 1111 continua,
754 1064 960 1114 quantum
1001 1060 1042 1101 in
1085 1060 1364 1101 multitudinis
1404 1060 1598 1101 intercisa
1641 1061 1794 1103 milicia

348 1117 591 1171 reponebat.
655 1117 704 1157 In
728 1117 742 1169 Η
766 1118 879 1172 quod
914 1132 1067 1158 munus
1098 1117 1364 1171 potissimum
1394 1118 1571 1160 iuuenes
1604 1119 1790 1173 coniugi·
1848 1121 1880 1154 (3

280 1191 317 1218 15
350 1188 471 1215 orum
501 1179 699 1229 expertes
732 1175 815 1229 legi
847 1175 1029 1230 placuit.
1062 1189 1114 1217 ne
1147 1175 1299 1216 milicie
1330 1175 1515 1216 studium
1547 1176 1657 1217 thori
1691 1177 1793 1217 cari-

350 1237 439 1273 tate
470 1237 745 1287 torpesceret.
808 1232 964 1274 Iisdem
998 1233 1188 1274 Absalon
1224 1238 1264 1273 et
1296 1232 1624 1288 Christophorus
1666 1234 1793 1275 duces

350 1289 576 1331 adduntur.
655 1289 735 1337 Qui
794 1290 1009 1332 domestici
1055 1291 1151 1331 freti
1199 1290 1412 1332 liminibus
1461 1305 1546 1332 non
1598 1293 1792 1344 contenti,

350 1347 483 1389 eciam
513 1348 712 1401 Rugiana
743 1348 886 1389 littora
918 1363 966 1389 ac
987 1349 1206 1390 Leutieios
1235 1349 1534 1390 scrutabantur
1565 1349 1791 1391 anfractus.

485 1406 569 1446 Per
600 1405 709 1446 idem
744 1410 909 1460 tempus
943 1406 1071 1461 legati
1104 1407 1237 1461 regis,
1270 1420 1400 1461 quos,
1431 1411 1478 1447 ut
1510 1407 1588 1448 sibi
1619 1413 1792 1462 paterne

278 1479 316 1506 ρο
346 1464 484 1504 anime
518 1463 783 1504 sanctitatem
804 1464 935 1504 sacris
958 1465 1186 1506 honoribus
1210 1465 1403 1505 uenerari
1431 1465 1587 1517 liceret,
1609 1465 1791 1506 Romam

347 1522 652 1573 transmiserat,
686 1525 993 1562 consentaneas
1015 1528 1117 1563 uoto
1141 1523 1284 1563 literas
1317 1522 1585 1564 rettulerunt.
1628 1523 1790 1570 Quibus

348 1579 551 1633 cognitis,
593 1592 691 1633 rex,
736 1580 850 1620 omni
876 1580 880 1632 Ι
910 1579 1072 1620 Danica
1103 1581 1323 1621 nobilitate
1366 1580 1444 1620 sub
1478 1580 1614 1621 edicto
1648 1580 1791 1636 Ryng-
1848 1591 1875 1615 p·

346 1636 527 1678 stadium
570 1641 773 1690 euocata,
816 1637 925 1678 circa
968 1637 1142 1691 solenne
1182 1638 1374 1688 Ioannis,
1414 1637 1527 1692 quod
1569 1638 1609 1679 in
1650 1639 1788 1680 estiuo

346 1694 529 1735 solsticio
563 1694 723 1747 colitur,
757 1699 799 1735 et
830 1696 996 1748 parenti
1029 1696 1206 1737 celestes
1240 1696 1422 1737 honores
1457 1699 1498 1736 et
1531 1695 1614 1737 filio
1648 1696 1790 1751 regios

276 1767 313 1794 25
345 1752 560 1793 celebrare
593 1751 845 1805 constituit,*
873 1753 1056 1794 maxima
1079 1753 1280 1795 claritatis
1301 1753 1559 1795 incrementa
1590 1759 1786 1808 acceptu·
1807 1755 1884 1783 0¹1⁸

346 1823 437 1850 rum
471 1824 515 1851 se
546 1814 685 1862 ratus,
728 1811 763 1850 si
808 1824 890 1851 una
923 1810 1157 1866 eademque
1189 1812 1284 1852 luce
1326 1825 1380 1852 ex
1411 1811 1460 1852 iis
1494 1811 1673 1852 alterum
1705 1825 1790 1863 ara,

346 1868 527 1909 alterum
560 1882 716 1909 corona
758 1868 978 1919 donasset,
1023 1874 1069 1909 ut
1114 1874 1156 1910 et
1189 1870 1311 1910 huius
1353 1868 1579 1917 infanciam
1612 1883 1791 1923 regnum

346 1926 571 1980 reciperet,
623 1930 663 1966 et
709 1926 820 1966 illius
863 1927 1055 1981 spiritum
1102 1927 1271 1981 publica
1315 1926 1465 1980 religio
1511 1931 1789 1968 consecraret.

348 1982 432 2025 Sed
465 1997 604 2038 neque
627 1998 671 2025 se
696 1984 781 2024 ulla
814 1983 896 2024 alia
919 1998 971 2024 ex
1003 1998 1047 2025 re
1079 1988 1242 2025 tantum
1276 1984 1508 2039 uoluptatis
1540 1984 1790 2025 hausturum

275 2056 312 2084 30
345 2040 568 2092 credebat,
610 2054 733 2095 quam
776 2042 810 2082 si
850 2042 893 2082 in
932 2042 1018 2082 filio
1062 2042 1295 2084 maiestatis
1339 2056 1413 2083 sue
1455 2042 1633 2096 insignia
1666 2043 1787 2083 uiuus

347 2099 590 2153 conspicere
628 2100 850 2153 potuisset.
923 2099 1035 2147 Quin
1083 2100 1214 2141 eciam
1243 2102 1248 2150 l
1274 2113 1430 2147 naues,
1478 2113 1502 2140 a
1551 2101 1787 2155 propinqua
1841 2119 1873 2145 p.

344 2157 534 2198 stacione
574 2162 821 2208 reuocatas,
862 2157 1134 2212 longinquam
1177 2170 1304 2212 agere
1347 2157 1490 2209 iussit,
1531 2171 1613 2211 quo
1663 2157 1787 2199 cicius

344 2214 553 2269 profunde
593 2214 787 2255 barbarie
830 2220 1001 2269 pyratas
1043 2215 1327 2259 offenderent,
1370 2220 1467 2255 ante
1506 2214 1676 2269 feriam,
1708 2229 1788 2270 que

342 2272 515 2314 Ioannis
539 2277 747 2325 censetur,
769 2273 1063 2327 participande
1087 2272 1349 2315 solennitatis
1368 2272 1510 2326 gracia
1527 2286 1784 2315 reuersuraS.

272 2345 308 2372 35
341 2329 622 2371 Discedentes
654 2344 820 2385 quoque
855 2331 1117 2385 premonuit,
1158 2345 1210 2372 ne
1245 2330 1368 2371 huius
1400 2331 1567 2383 generis
1598 2334 1785 2385 pyratas,

343 2388 533 2429 callidius
558 2401 682 2442 quam
705 2388 859 2429 sorcius
883 2389 1110 2443 confligere
1133 2389 1291 2442 solitos,
1314 2394 1491 2442 repente
1512 2388 1785 2440 lacesserent,

341 2451 388 2486 ut
420 2446 575 2498 quibus
606 2445 648 2486 id
683 2445 999 2487 consuetudinis
1043 2447 1119 2495 sit,
1148 2452 1207 2499 ut,
1240 2445 1382 2487 hostili
1414 2446 1548 2487 classe
1580 2459 1784 2500 superue-

342 2503 499 2555 niente,
532 2503 712 2557 nauigiis
744 2503 830 2544 suis
862 2503 902 2544 in
935 2504 1052 2545 littus
1075 2504 1307 2555 subductis,
1341 2503 1394 2543 de
1425 2503 1632 2544 industria
1655 2504 1782 2543 citato

342 2573 465 2602 cursu
498 2560 882 2616 latebrampetant
909 2561 1186 2617 hostibusque
1218 2561 1397 2602 liberum
1427 2561 1611 2602 instandi
1643 2561 1783 2602 locum

271 2631 308 2659 40
340 2618 554 2673 tribuant,
595 2618 669 2661 sed
713 2620 838 2673 mox,
881 2623 926 2660 ut
971 2633 1120 2661 eorum
1161 2619 1330 2673 nauigia
1371 2617 1535 2660 ardenti
1577 2618 1781 2673 remigum
1875 2633 1882 2660 4
