1884 3126
667 282 722 289 —
763 258 922 301 XIIII
983 283 1033 291 —-
1493 260 1577 301 473

129 387 327 429 discussis
360 388 530 441 mensis,
563 402 717 444 equum
749 387 926 440 inuolat,
958 387 1243 443 militibusque.
1265 387 1416 429 adesse
1442 387 1576 441 iussis,

129 445 182 487 ad
216 461 364 502 iupem
389 447 576 488 concitus
597 447 747 498 fertur,
779 446 953 501 indigne
975 446 1130 499 ferens,
1155 451 1373 502 ceptorum
1404 461 1576 488 suorum

130 519 298 546 cursum
330 505 502 547 uilibus
518 505 751 560 agrestium
785 504 1012 546 obstaculis
1045 504 1262 546 reta1dari.
1321 503 1520 559 Rogatus
1552 519 1576 546 a

129 562 307 605 Nicolao
342 563 550 618 quodam,
581 563 641 604 ire
674 576 848 619 parcere
878 563 1168 618 incertamque
1198 563 1253 604 ad
1285 562 1457 605 modum
1488 577 1576 605 rem

130 621 335 663 curiosius
369 622 614 676 explorare,
647 620 956 677 inter*pellanti
1001 635 1069 672 se,
1109 626 1336 662 uxoratum
1378 635 1575 677 quenque

130 671 440 721 timidissimum
473 693 565 722 esse
588 679 819 735 respondit,
851 679 903 720 ad
929 679 1016 720 eius
1048 679 1225 734 nupcias
1257 678 1463 732 alludens,
1489 680 1576 734 qui,

129 737 258 779 ducta
291 738 482 792 coniuge,
514 737 719 793 postridie
750 737 948 779 miliciam
979 738 1195 792 ingressus
1226 737 1377 780 fuerat.
1418 738 1497 779 Ille
1522 737 1576 779 ob

129 796 479 838 contumeliosam
524 796 781 838 monitorum
823 809 992 837 suorum
1034 797 1249 851 repulsam
1279 796 1340 837 ira
1378 796 1576 852 percitus,

66 855 68 857 ’
127 854 335 895 facturum
376 868 422 896 se
464 854 605 905 breui,
647 854 760 910 quod
793 854 936 896 Sueno
979 868 1063 895 non
1095 854 1264 908 audeat,
1297 854 1576 905 subintexuit,

64 922 95 948 m

63 1214 96 1240 15

58 1503 96 1530 20

12 1768 17 1772 ι
57 1795 93 1822 25

55 2087 92 2114 30

56 2376 92 2403 35

128 912 515 968 exprobratamque
548 913 626 954 sibi
666 913 959 967 ignominiam,
990 912 1172 954 inuicem
1214 913 1255 954 in
1289 927 1383 954 eum
1416 914 1575 954 reiecto

128 971 768 1026 meticulositatis‘opprobrio,
811 971 1057 1013 uindicauit.
1120 971 1214 1020 Que
1260 986 1370 1024 uox,
1412 972 1466 1013 ab
1497 972 1576 1013 ira-

130 1029 283 1070 cundia
314 1030 520 1085 profecta,
554 1031 736 1071 celerem
768 1029 899 1085 ipsius
932 1029 1095 1070 obitum
1127 1029 1313 1070 ominata
1350 1035 1429 1072 est.
1491 1029 1577 1071 Vbi

129 1091 302 1129 u‹·ntum
337 1087 389 1129 ad
422 1087 589 1138 fauces,
632 1088 794 1143 delapsi
834 1088 951 1143 equis
981 1088 1153 1140 milites,
1187 1102 1428 1143 quanquam
1460 1088 1576 1129 tenui

129 1151 344 1187 armatura
376 1151 532 1200 essent,
567 1146 678 1201 quod
715 1146 772 1187 eis
804 1145 1091 1187 festinacionis
1133 1146 1260 1187 ardor
1290 1145 1576 1202 periculorum

128 1207 416 1259 contemptum
439 1205 690 1259 ingesserat,
724 1204 943 1246 arboream
977 1210 1138 1246 struem
1170 1218 1420 1260 oppugnare
1454 1219 1575 1259 cepe-

127 1267 239 1308 runt,
270 1262 495 1317 indigenis,
528 1263 598 1318 qui
630 1262 682 1304 ad
716 1276 805 1304 eam
838 1262 1150 1305 defendendam
1171 1264 1483 1315 conuenerant,
1515 1263 1574 1303 in-

128 1321 244 1375 genti
267 1334 414 1376 pacem
438 1322 622 1362 clamore
644 1321 931 1376 poscentibus.
979 1321 1098 1362 Tunc
1119 1320 1335 1373 Nicolaus,
1357 1325 1574 1376 acceptam

127 1394 150 1420 a
183 1393 282 1432 rege
314 1380 614 1421 contumeliam
647 1380 872 1434 conspicue
904 1379 1128 1435 probitatis
1167 1380 1364 1435 operibus
1406 1379 1575 1421 demere

127 1437 320 1492 cupidus,
352 1452 405 1478 ne
437 1438 571 1492 magis
606 1438 782 1480 uxorius
804 1452 927 1492 quam
952 1443 1177 1479 strennuus
1211 1437 1442 1491 uideretur,
1475 1437 1574 1478 dum

127 1500 323 1537 conserta
365 1501 611 1537 truncorum
654 1496 810 1537 robora
854 1496 1067 1538 obstinato
1111 1495 1165 1537 ad
1208 1497 1396 1551 pericula
1439 1496 1575 1550 gradu

128 1567 331 1608 superare
354 1557 543 1605 conatur,
576 1554 630 1595 ab
652 1554 907 1608 agrestibus,
930 1568 952 1595 e
976 1559 1105 1605 strue,
1127 1560 1329 1610 tanquam
1355 1569 1408 1596 ex
1438 1568 1575 1606 muro,

125 1612 508 1667 propugnantibus,
541 1617 668 1667 caput
700 1613 824 1653 hasta
856 1612 1055 1654 traiectus
1088 1613 1354 1668 opprimitur.
1420 1612 1574 1653 Similis

126 1671 305 1711 aliorum
340 1675 515 1711 conatus
547 1671 660 1711 saxis
692 1670 954 1726 sudibusque
985 1671 1216 1725 repellitur.
1278 1671 1446 1722 Sueno,
1477 1684 1574 1726 pro-

126 1728 366 1794 pinquitate
407 1729 544 1770 noctis
585 1729 852 1784 impetusque
892 1729 1139 1785 preproperi
1182 1729 1420 1784 penitencia
1451 1743 1575 1770 reuo-

125 1791 256 1836 catus,
289 1787 410 1840 signo
443 1787 633 1841 receptui
674 1786 798 1852 dato,
838 1792 1014 1842 propter
1057 1801 1258 1841 aggerem
1302 1791 1438 1829 castra
1476 1801 1573 1828 con-

125 1845 284 1898 stituit,
317 1845 410 1886 luce
443 1850 610 1899 postera
641 1845 801 1887 maiore
832 1846 875 1886 ui
907 1859 956 1887 ac
986 1850 1138 1900 paratu
1171 1846 1350 1901 prelium
1383 1859 1573 1900 exequu-

125 1907 255 1944 turus.
320 1902 483 1944 Verum
511 1905 516 1953 Ι
546 1903 738 1945 hostibus
770 1909 900 1945 noctu
932 1903 1011 1945 sibi
1033 1903 1208 1957 diffugio
1242 1904 1573 1960 consulentibus,

126 1975 248 2001 mane
271 1974 457 2002 uacuum
477 1962 868 2016 propugnatoribus
889 1962 970 2003 iter
992 1962 1109 2003 nullo
1132 1962 1312 2017 negocio
1335 1962 1570 2018 superauit.

125 2018 366 2060 Werendos
389 2018 558 2072 deinde,
589 2019 815 2061 resistendi
846 2020 1001 2061 fiducia
1034 2019 1240 2073 defectos,
1272 2021 1312 2061 in
1345 2020 1474 2062 fidem
1505 2034 1573 2061 ac-

123 2077 245 2132 cepit.
307 2077 444 2131 Igitur
476 2091 569 2119 cum
602 2078 804 2133 pleraque
843 2078 923 2120 sibi
968 2092 1020 2119 ex
1053 2078 1277 2120 uoluntate
1317 2078 1573 2135 respondere

124 2139 421 2190 cognosceret,
466 2135 662 2177 felicibus
712 2135 883 2178 fortune
935 2137 1234 2191 experimentis
1281 2143 1478 2189 euectus,
1529 2137 1572 2177 in

125 2207 292 2235 omnem
326 2206 371 2235 se
393 2192 582 2235 Suetiam
615 2194 832 2236 effundere
863 2195 1025 2236 statuit.
1074 2194 1157 2236 Sed
1181 2195 1374 2236 nimietas
1405 2195 1571 2250 frigoris

125 2265 416 2306 equorumque
448 2265 502 2307 ex
524 2252 753 2307 asperitate
780 2253 978 2294 itinerum
1001 2253 1226 2309 inopiaque
1256 2253 1401 2309 pabuli
1425 2257 1572 2294 coorta

125 2309 317 2350 debilitas
351 2323 596 2364 processum
627 2310 854 2364 negabant.
916 2310 1048 2362 Tunc,
1081 2312 1153 2366 qui
1187 2326 1238 2353 ex
1273 2312 1484 2366 equitibus
1518 2310 1571 2351 ad

122 2367 288 2421 pedites
322 2367 481 2408 redacti
512 2368 693 2417 fuerant,
728 2368 1057 2410 commilitonum
1091 2382 1220 2424 equos
1253 2370 1338 2411 suis
1371 2369 1570 2411 oneribus

124 2426 385 2478 instrauere,
430 2439 588 2481 eosque
629 2439 704 2480 pre
746 2439 792 2467 se
834 2432 1010 2469 onustos
1043 2431 1243 2481 agentes,
1274 2427 1422 2482 ignaro
1456 2441 1570 2482 rege,

124 2482 294 2524 domum
328 2482 634 2525 dilabebantur.
690 2484 774 2532 Qui
806 2484 976 2526 tandem
996 2485 1199 2526 furtiuum
1231 2485 1384 2526 milicie
1416 2484 1570 2526 disces-

123 2555 216 2582 sum
259 2545 485 2596 expertus,
530 2541 832 2583 clandestinam
865 2543 954 2584 eius
985 2543 1245 2598 elapsionem
1286 2543 1384 2585 data
1426 2556 1569 2585 reuer-

123 2599 240 2640 tendi
280 2599 455 2640 licencia
492 2600 721 2654 precurrit,
763 2600 989 2656 statimque
1029 2600 1343 2656 compendiaria
1386 2601 1437 2642 ad
1470 2600 1568 2642 Sca-

53 2669 89 2698 40
120 2656 294 2712 ni[c]am
324 2657 394 2699 uia
426 2671 594 2699 cursum
625 2658 805 2700 reflexit.
867 2657 1004 2714 Igitur
1037 2658 1223 2700 Karolus
1267 2673 1363 2700 cum
1394 2658 1568 2701 Kanuto

1630 619 1732 648 CXL·

1627 1912 1726 1946 p.wl
