1884 3126
329 209 411 250 558
861 224 915 229 -
944 245 947 246 ⁷
974 197 1112 240 XIIII
1171 223 1224 230 -

328 347 491 376 amnem
522 345 603 372 una
633 332 722 370 rate
753 327 923 381 eiusque
946 326 1174 380 remigibus
1198 324 1403 367 uniuersis
1425 323 1640 379 spoliatus,
1664 323 1756 365 abs-

329 394 622 487 cesslt‘EOdem
653 457 759 484 anno
791 441 1052 483 deturbande
1083 441 1271 496 pyratice
1302 440 1445 494 gracia
1475 438 1665 480 Absalon
1695 439 1757 480 in-

325 505 456 545 sulam
500 501 751 542 maritimam
797 513 909 540 nouo
961 499 1121 540 castelli
1172 498 1446 539 fundamento
1497 496 1756 551 complexus,

279 574 294 598 τ,
325 561 467 614 exigui
499 557 746 599 munimenti
778 556 977 598 beneficio
1006 556 1154 611 ingens
1184 555 1320 610 patrie
1342 554 1571 610 presidium
1601 555 1754 596 attulit.

323 617 433 658 Nam
473 621 513 657 et
554 620 790 670 suspectum
834 613 1090 668 predonibus
1134 614 1261 655 situm
1300 612 1506 665 reddidit,
1548 616 1590 653 01
1621 615 1756 653 tutam

325 675 449 715 uicini
481 673 605 715 maris
636 671 965 737 nauigacionem
984 671 1132 712 incolis
1158 670 1317 712 tribuit.
1379 669 1553 722 Verum,
1584 683 1636 711 ne
1658 683 1756 711 con-

323 733 459 772 festim
500 730 540 771 N
545 743 803 783 oruagiens1s
843 728 992 770 iniurie
1030 729 1257 770 uindictam
1291 727 1453 769 Danica
1492 727 1624 768 uirtus
1655 728 1756 768 arri-

322 794 453 843 peret,
487 788 711 829 Teutonice
743 786 840 827 fidei
871 786 1085 827 lubricitas
1121 786 1272 828 effecit.
1334 785 1500 840 Quippe
1531 784 1754 839 Henricus,

256 857 289 884 10
318 846 584 900 Bugiszlaui,
617 845 836 885 Danorum
877 849 991 885 metu
1031 844 1084 885 ad
1115 858 1158 886 se
1190 844 1468 897 decurrentis,
1508 842 1755 897 obsequium

248 1430 284 1457 ‘20

244 1719 281 1745 25

243 2007 280 2035 30

241 2294 278 2323 85

320 910 478 958 pactus,
510 903 656 943 initam
697 916 791 943 cum
833 915 932 955 iege
974 902 1217 943 societatem
1258 906 1459 955 tanquam
1493 901 1682 955 ineptum
1712 904 1754 942 et

319 961 502 1015 ignobile
532 960 746 1001 uinculum
778 959 967 1000 disiicere
994 960 1115 1014 parui
1135 959 1295 1000 habuit.
1340 959 1451 1007 Quin
1473 958 1618 1010 eciam,
1639 958 1752 1012 apud

318 1018 596 1072 Kiempinum
641 1017 813 1058 fluuium
856 1017 900 1057 in
945 1018 1193 1072 colloquium
1241 1032 1335 1058 cum
1380 1030 1428 1058 eo
1474 1012 1751 1069 descen'dens,

318 1081 486 1130 questus
518 1080 592 1127 est,
624 1075 737 1129 quod
759 1074 934 1115 militem
965 1089 1085 1115 suum
1106 1075 1407 1140 Bugiszlauum
1434 1087 1573 1115 coram
1603 1087 1646 1115 se
1666 1087 1752 1114 non

271 1145 286 1169 Γ)
318 1140 558 1174 accusatum
599 1133 707 1173 bello
747 1133 947 1186 lacessat,
991 1147 1137 1187 quem⁷
1175 1133 1209 1173 si
1239 1133 1484 1173 iniuriosum
1526 1131 1750 1184 existimet,

319 1191 432 1245 prius
464 1189 800 1231 accusacionibus
831 1203 956 1244 quam
989 1191 1114 1231 armis
1155 1190 1331 1245 aggredi
1370 1189 1534 1231 debeat.
1596 1188 1751 1230 Contra

316 1262 394 1288 rex
426 1262 607 1301 negare,
649 1262 691 1288 se
733 1247 858 1287 ullius
892 1248 1081 1302 potencie
1120 1252 1310 1302 respectu
1351 1251 1627 1298 cessaturum,
1670 1260 1750 1301 quo

317 1307 452 1347 minus
484 1310 676 1359 acceptas
718 1305 889 1346 iniurias
931 1306 1084 1346 mutuis
1118 1306 1279 1347 damnis
1311 1305 1541 1360 rependere
1572 1304 1751 1345 liberum

317 1364 482 1404 habeat.
545 1363 613 1403 Ita
652 1367 864 1417 perstante
905 1364 1210 1417 controuersia,
1251 1363 1372 1404 fedus
1412 1376 1505 1403 cum
1545 1361 1749 1416 colloquio

315 1421 496 1461 soluitur.
540 1420 632 1461 Hoc
664 1418 763 1461 1001*
787 1421 1056 1462 memorabile
1080 1421 1276 1463 Saxonici
1297 1420 1446 1475 equitis
1472 1420 1628 1460 dictum
1659 1419 1751 1460 stri-

315 1479 410 1519 ctim
443 1492 698 1532 percurram.
762 1478 844 1526 Qui
883 1493 977 1519 cum
1009 1478 1115 1520 forte
1157 1479 1272 1520 ducis
1303 1493 1350 1520 ac
1389 1478 1499 1532 regis
1530 1477 1750 1531 colloquiis

314 1536 546 1590 interesset,
578 1549 732 1590 eosque
756 1536 1038 1590 expedicionis
1060 1537 1234 1591 negocia
1255 1535 1589 1590 languidioribus
1610 1534 1749 1576 uerbis

314 1594 505 1648 prosequi
546 1593 920 1643 animaduerteret,
966 1593 1182 1648 Quedam,
1222 1595 1378 1649 inquit,
1422 1594 1472 1635 de
1514 1593 1613 1634 hero
1656 1606 1748 1634 meo

313 1651 499 1692 Henrico
546 1652 808 1706 presentibus
854 1652 1013 1693 referre
1059 1652 1214 1702 habeo,
1260 1666 1352 1707 que,
1385 1651 1418 1692 si
1464 1651 1608 1692 adesse
1653 1664 1749 1691 eum

312 1709 482 1761 scirem,
523 1713 661 1749 tacere
702 1723 828 1763 quam
871 1710 1013 1764 eloqui
1052 1710 1237 1751 mallem.
1309 1709 1390 1757 Qui
1430 1723 1523 1750 cum
1564 1708 1748 1763 pupillus

312 1767 642 1831 propinquorum
682 1766 834 1807 iniuria
876 1768 1126 1821 patrimonio
1167 1768 1428 1823 priuaretur‚
1470 1766 1637 1807 nemine
1670 1765 1748 1806 sibi

312 1824 589 1878 patrocinium
621 1825 938 1866 accommodare
970 1825 1155 1877 uolente,
1187 1830 1365 1880 quatuor
1396 1824 1472 1866 soli
1502 1838 1556 1865 ex
1590 1824 1746 1876 amicis,

311 1886 582 1935 pateinorum
626 1881 754 1935 ipsius
801 1882 1045 1923 1110111010111
1089 1888 1279 1938 respectu
1326 1883 1523 1948 pmmoti,
1568 1895 1746 1946 quorum

312 1953 391 1993 ego
424 1953 597 1980 numero
628 1939 867 1992 inte1·e.,1am
900 1940 1192 1989 auersantibus
1219 1940 1378 1993 ceteris5
1411 1938 1637 1980 infanciam
1659 1938 1747 1979 eius

310 1996 463 2037 tutorio
494 2011 666 2038 munere
709 1997 939 2038 fouendam
980 2003 1256 2053 sumpserunt.
1331 1998 1414 2039 Ρ10
1455 1997 1570 2038 cuius
1611 1996 1745 2037 salute

311 2058 353 2095 et
383 2054 648 2096 incrementis
680 2060 769 2096 tum
801 2055 923 2109 uotis,
954 2060 1043 2096 tum
1075 2056 1205 2097 eciam
1240 2055 1386 2097 officiis
1416 2054 1642 2109 impensius
1673 2067 1744 2094 ex-

311 2111 532 2152 cubabant.
594 2112 720 2153 Hunc
743 2113 926 2162 tandem,
949 2113 1121 2154 humani
1142 2113 1290 2155 auxilii
1320 2112 1572 2163 diffidencia‚
1605 2111 1745 2152 altari-

311 2168 388 2209 bus
420 2169 665 2222 offerentes,
706 2170 902 2224 religiosa
943 2171 1029 2212 uoti
1068 2171 1383 2225 nuncupacione
1421 2173 1671 2221 sanxerunt,
1711 2168 1745 2209 si

310 2231 504 2281 paternos
536 2227 717 2269 honores
749 2228 892 2269 diuina
913 2228 1140 2270 clemencia
1161 2229 1474 2294 adipisceretur,
1505 2232 1742 2281 susceptum

309 2283 571 2337 beneficium,
603 2285 738 2339 quoad
761 2286 936 2338 uiueret⁷
966 2287 1122 2341 pagani
1143 2287 1319 2328 nominis
1341 2286 1434 2327 odio
1456 2289 1741 2340 pensaturum.

309 2341 412 2382 Mox
441 2341 532 2382 uoti
572 2342 768 2396 probator
809 2343 909 2384 deus
939 2343 1112 2397 ingenui
1152 2344 1351 2399 principis
1382 2342 1566 2385 Comadi
1601 2346 1742 2396 patro-

309 2399 463 2440 cinium
503 2398 542 2440 ei
581 2401 829 2441 conciliauit.
891 2400 1019 2442 Cuius
1058 2415 1185 2456 opera
1223 2407 1494 2455 paternorum
1535 2400 1741 2440 bonorum

309 2456 429 2498 heres
460 2455 647 2510 effeetus,
679 2471 921 2512 quanquam
950 2458 1039 2499 uoti
1064 2463 1253 2500 auctores
1274 2457 1583 2500 exhortacionis
1604 2455 1740 2497 officia

308 2527 393 2555 non
414 2514 667 2568 omitterent,
698 2529 723 2556 a
754 2515 864 2557 bello
885 2516 1108 2557 aduersum
1129 2515 1300 2558 Sclauos
1331 2514 1625 2566 continuando,
1650 2518 1739 2554 tum

242 2583 278 2612 40
307 2571 501 2626 auaricia‚
533 2576 622 2613 tum
653 2572 786 2613 eciam
817 2573 976 2615 desidia
1006 2574 1221 2629 adductus,
1253 2574 1467 2628 abstinuit,
1498 2575 1740 2628 perceptam
