<?xml version="1.0" encoding="UTF-8"?>
<!DOCTYPE html PUBLIC "-//W3C//DTD XHTML 1.0 Transitional//EN"
    "http://www.w3.org/TR/xhtml1/DTD/xhtml1-transitional.dtd">
<html xmlns="http://www.w3.org/1999/xhtml" xml:lang="en" lang="en">
 <head>
  <title>
</title>
<meta http-equiv="Content-Type" content="text/html;charset=utf-8" />
  <meta name='ocr-system' content='tesseract 3.04.00' />
  <meta name='ocr-capabilities' content='ocr_page ocr_carea ocr_par ocr_line ocrx_word'/>
</head>
<body>
  <div class='ocr_page' id='page_1' title='image "./saxonisgrammatic00saxouoft_0365.png"; bbox 0 0 1884 3126; ppageno 0'>
   <div class='ocr_carea' id='block_1_1' title="bbox 39 848 72 875">
    <p class='ocr_par' dir='ltr' id='par_1_1' title="bbox 39 848 72 875">
     <span class='ocr_line' id='line_1_1' title="bbox 39 848 72 875; baseline 0 0"><span class='ocrx_word' id='word_1_1' title='bbox 39 848 72 875; x_wconf 91' lang='lat'>10</span> 
     </span>
    </p>
   </div>
   <div class='ocr_carea' id='block_1_2' title="bbox 35 1137 70 1166">
    <p class='ocr_par' dir='ltr' id='par_1_2' title="bbox 35 1137 70 1166">
     <span class='ocr_line' id='line_1_2' title="bbox 35 1137 70 1166; baseline -0.057 0"><span class='ocrx_word' id='word_1_2' title='bbox 35 1137 70 1166; x_wconf 89' lang='lat'>15</span> 
     </span>
    </p>
   </div>
   <div class='ocr_carea' id='block_1_3' title="bbox 34 1425 73 1453">
    <p class='ocr_par' dir='ltr' id='par_1_3' title="bbox 34 1425 73 1453">
     <span class='ocr_line' id='line_1_3' title="bbox 34 1425 73 1453; baseline -0.026 0"><span class='ocrx_word' id='word_1_3' title='bbox 34 1425 73 1453; x_wconf 83' lang='lat'>20</span> 
     </span>
    </p>
   </div>
   <div class='ocr_carea' id='block_1_4' title="bbox 37 1773 75 1801">
    <p class='ocr_par' dir='ltr' id='par_1_4' title="bbox 37 1773 75 1801">
     <span class='ocr_line' id='line_1_4' title="bbox 37 1773 75 1801; baseline -0.026 0"><span class='ocrx_word' id='word_1_4' title='bbox 37 1773 75 1801; x_wconf 80' lang='lat'>25</span> 
     </span>
    </p>
   </div>
   <div class='ocr_carea' id='block_1_5' title="bbox 40 2065 76 2093">
    <p class='ocr_par' dir='ltr' id='par_1_5' title="bbox 40 2065 76 2093">
     <span class='ocr_line' id='line_1_5' title="bbox 40 2065 76 2093; baseline 0.028 -1"><span class='ocrx_word' id='word_1_5' title='bbox 40 2065 76 2093; x_wconf 88' lang='grc'>30</span> 
     </span>
    </p>
   </div>
   <div class='ocr_carea' id='block_1_6' title="bbox 42 2356 79 2384">
    <p class='ocr_par' dir='ltr' id='par_1_6' title="bbox 42 2356 79 2384">
     <span class='ocr_line' id='line_1_6' title="bbox 42 2356 79 2384; baseline 0 0"><span class='ocrx_word' id='word_1_6' title='bbox 42 2356 79 2384; x_wconf 84' lang='grc'>35</span> 
     </span>
    </p>
   </div>
   <div class='ocr_carea' id='block_1_7' title="bbox 652 184 1537 233">
    <p class='ocr_par' dir='ltr' id='par_1_7' title="bbox 652 184 1537 233">
     <span class='ocr_line' id='line_1_7' title="bbox 652 184 1537 233; baseline 0.008 -7"><span class='ocrx_word' id='word_1_7' title='bbox 652 208 708 215; x_wconf 93' lang='grc'><strong>-</strong></span> <span class='ocrx_word' id='word_1_8' title='bbox 765 184 877 228; x_wconf 87' lang='lat' dir='ltr'>VIII</span> <span class='ocrx_word' id='word_1_9' title='bbox 935 212 990 221; x_wconf 90' lang='lat'>-—</span> <span class='ocrx_word' id='word_1_10' title='bbox 1460 190 1537 233; x_wconf 79' lang='lat'>271</span> 
     </span>
    </p>
   </div>
   <div class='ocr_carea' id='block_1_8' title="bbox 214 311 1462 1468">
    <p class='ocr_par' dir='ltr' id='par_1_8' title="bbox 218 311 1377 717">
     <span class='ocr_line' id='line_1_8' title="bbox 220 311 1377 371; baseline 0.004 -16"><span class='ocrx_word' id='word_1_11' title='bbox 220 313 375 363; x_wconf 83' lang='lat' dir='ltr'>Quoue</span> <span class='ocrx_word' id='word_1_12' title='bbox 404 312 505 362; x_wconf 83' lang='lat' dir='ltr'>ruis,</span> <span class='ocrx_word' id='word_1_13' title='bbox 536 311 700 355; x_wconf 91' lang='lat' dir='ltr'>Danice</span> <span class='ocrx_word' id='word_1_14' title='bbox 730 317 851 356; x_wconf 87' lang='lat' dir='ltr'>uates</span> <span class='ocrx_word' id='word_1_15' title='bbox 881 316 1194 371; x_wconf 80' lang='lat' dir='ltr'>promptissime</span> <span class='ocrx_word' id='word_1_16' title='bbox 1226 317 1377 360; x_wconf 79' lang='lat' dir='ltr'>Muse?</span> 
     </span>
     <span class='ocr_line' id='line_1_9' title="bbox 218 370 1285 428; baseline 0.003 -14"><span class='ocrx_word' id='word_1_17' title='bbox 218 371 403 414; x_wconf 89' lang='lat' dir='ltr'>Roboris</span> <span class='ocrx_word' id='word_1_18' title='bbox 435 370 575 412; x_wconf 84' lang='lat' dir='ltr'>eximii</span> <span class='ocrx_word' id='word_1_19' title='bbox 612 385 751 413; x_wconf 84' lang='lat' dir='ltr'>cassus</span> <span class='ocrx_word' id='word_1_20' title='bbox 784 372 912 414; x_wconf 85' lang='lat' dir='ltr'>decor</span> <span class='ocrx_word' id='word_1_21' title='bbox 944 373 1097 415; x_wconf 78' lang='lat' dir='ltr'><strong>excidit</strong></span> <span class='ocrx_word' id='word_1_22' title='bbox 1129 376 1285 428; x_wconf 77' lang='lat' dir='ltr'>omnis3</span> 
     </span>
     <span class='ocr_line' id='line_1_10' title="bbox 219 428 1311 488; baseline 0.004 -17"><span class='ocrx_word' id='word_1_23' title='bbox 219 430 377 472; x_wconf 83' lang='lat' dir='ltr'><strong>Exulat</strong></span> <span class='ocrx_word' id='word_1_24' title='bbox 408 442 481 469; x_wconf 88' lang='lat' dir='ltr'>ore</span> <span class='ocrx_word' id='word_1_25' title='bbox 512 428 638 480; x_wconf 81' lang='lat' dir='ltr'>color,</span> <span class='ocrx_word' id='word_1_26' title='bbox 670 430 893 485; x_wconf 85' lang='lat' dir='ltr'>animoque</span> <span class='ocrx_word' id='word_1_27' title='bbox 923 437 1063 472; x_wconf 86' lang='lat' dir='ltr'>amota</span> <span class='ocrx_word' id='word_1_28' title='bbox 1093 433 1311 488; x_wconf 86' lang='lat' dir='ltr'>uoluptas;</span> 
     </span>
     <span class='ocr_line' id='line_1_11' title="bbox 218 485 1239 545; baseline 0.002 -16"><span class='ocrx_word' id='word_1_29' title='bbox 218 487 425 529; x_wconf 79' lang='lat' dir='ltr'>Destituit</span> <span class='ocrx_word' id='word_1_30' title='bbox 454 485 596 528; x_wconf 80' lang='lat' dir='ltr'><strong>fauces</strong></span> <span class='ocrx_word' id='word_1_31' title='bbox 629 501 714 528; x_wconf 79' lang='lat' dir='ltr'>uox</span> <span class='ocrx_word' id='word_1_32' title='bbox 748 492 790 528; x_wconf 86' lang='lat' dir='ltr'>et</span> <span class='ocrx_word' id='word_1_33' title='bbox 820 489 1044 530; x_wconf 83' lang='lat' dir='ltr'>raucedine</span> <span class='ocrx_word' id='word_1_34' title='bbox 1076 496 1239 545; x_wconf 70' lang='lat' dir='ltr'>torpet,</span> 
     </span>
     <span class='ocr_line' id='line_1_12' title="bbox 219 545 1292 604; baseline 0.003 -17"><span class='ocrx_word' id='word_1_35' title='bbox 219 545 418 587; x_wconf 80' lang='lat' dir='ltr'>Deseruit</span> <span class='ocrx_word' id='word_1_36' title='bbox 451 557 605 599; x_wconf 83' lang='lat' dir='ltr'>eorpus</span> <span class='ocrx_word' id='word_1_37' title='bbox 638 545 805 586; x_wconf 84' lang='lat' dir='ltr'>habitus</span> <span class='ocrx_word' id='word_1_38' title='bbox 836 546 969 601; x_wconf 77' lang='lat' dir='ltr'>prior3</span> <span class='ocrx_word' id='word_1_39' title='bbox 1003 547 1151 589; x_wconf 87' lang='lat' dir='ltr'>ultima</span> <span class='ocrx_word' id='word_1_40' title='bbox 1182 550 1292 604; x_wconf 85' lang='lat' dir='ltr'>cepit</span> 
     </span>
     <span class='ocr_line' id='line_1_13' title="bbox 222 602 1316 661; baseline 0.005 -18"><span class='ocrx_word' id='word_1_41' title='bbox 222 603 409 654; x_wconf 85' lang='lat' dir='ltr'>Illuuies,</span> <span class='ocrx_word' id='word_1_42' title='bbox 438 602 657 657; x_wconf 85' lang='lat' dir='ltr'>formeque</span> <span class='ocrx_word' id='word_1_43' title='bbox 689 608 811 644; x_wconf 84' lang='lat' dir='ltr'>notas</span> <span class='ocrx_word' id='word_1_44' title='bbox 844 617 938 644; x_wconf 90' lang='lat' dir='ltr'>cum</span> <span class='ocrx_word' id='word_1_45' title='bbox 970 605 1121 646; x_wconf 84' lang='lat' dir='ltr'>robore</span> <span class='ocrx_word' id='word_1_46' title='bbox 1153 607 1316 661; x_wconf 75' lang='lat' dir='ltr'>carpsit.</span> 
     </span>
     <span class='ocr_line' id='line_1_14' title="bbox 219 660 1204 717; baseline 0.001 -14"><span class='ocrx_word' id='word_1_47' title='bbox 219 661 278 703; x_wconf 84' lang='lat' dir='ltr'>Vt</span> <span class='ocrx_word' id='word_1_48' title='bbox 308 661 410 701; x_wconf 91' lang='lat' dir='ltr'>ratis</span> <span class='ocrx_word' id='word_1_49' title='bbox 443 660 613 701; x_wconf 86' lang='lat' dir='ltr'>assiduo</span> <span class='ocrx_word' id='word_1_50' title='bbox 646 661 776 702; x_wconf 88' lang='lat' dir='ltr'>fluctu</span> <span class='ocrx_word' id='word_1_51' title='bbox 811 666 1010 715; x_wconf 88' lang='lat' dir='ltr'>quassata</span> <span class='ocrx_word' id='word_1_52' title='bbox 1039 662 1204 717; x_wconf 80' lang='lat' dir='ltr'>fatiscit,</span> 
     </span>
    </p>

    <p class='ocr_par' dir='ltr' id='par_1_9' title="bbox 219 719 1305 890">
     <span class='ocr_line' id='line_1_15' title="bbox 219 719 1305 773; baseline 0.003 -13"><span class='ocrx_word' id='word_1_53' title='bbox 219 719 288 760; x_wconf 84' lang='lat' dir='ltr'>Sic</span> <span class='ocrx_word' id='word_1_54' title='bbox 319 719 446 772; x_wconf 86' lang='lat' dir='ltr'>longo</span> <span class='ocrx_word' id='word_1_55' title='bbox 479 731 688 759; x_wconf 88' lang='lat' dir='ltr'>annorum</span> <span class='ocrx_word' id='word_1_56' title='bbox 720 732 845 760; x_wconf 84' lang='lat' dir='ltr'>cursu</span> <span class='ocrx_word' id='word_1_57' title='bbox 877 724 1079 773; x_wconf 81' lang='lat' dir='ltr'>generata</span> <span class='ocrx_word' id='word_1_58' title='bbox 1111 728 1305 763; x_wconf 82' lang='lat' dir='ltr'>senectus</span> 
     </span>
     <span class='ocr_line' id='line_1_16' title="bbox 219 775 1293 832; baseline 0.004 -15"><span class='ocrx_word' id='word_1_59' title='bbox 219 776 356 818; x_wconf 80' lang='lat' dir='ltr'>Triste</span> <span class='ocrx_word' id='word_1_60' title='bbox 386 776 498 831; x_wconf 86' lang='lat' dir='ltr'>parit</span> <span class='ocrx_word' id='word_1_61' title='bbox 527 775 668 830; x_wconf 85' lang='lat' dir='ltr'>funus,</span> <span class='ocrx_word' id='word_1_62' title='bbox 702 776 984 832; x_wconf 86' lang='lat' dir='ltr'>defunctaque</span> <span class='ocrx_word' id='word_1_63' title='bbox 1016 778 1173 820; x_wconf 81' lang='lat' dir='ltr'>uiribus</span> <span class='ocrx_word' id='word_1_64' title='bbox 1206 784 1293 821; x_wconf 90' lang='lat' dir='ltr'>etas</span> 
     </span>
     <span class='ocr_line' id='line_1_17' title="bbox 220 834 1230 890; baseline 0.002 -14"><span class='ocrx_word' id='word_1_65' title='bbox 220 834 384 876; x_wconf 85' lang='lat' dir='ltr'>Occidit</span> <span class='ocrx_word' id='word_1_66' title='bbox 414 838 456 875; x_wconf 88' lang='lat' dir='ltr'>et</span> <span class='ocrx_word' id='word_1_67' title='bbox 486 834 620 889; x_wconf 87' lang='lat' dir='ltr'>prime</span> <span class='ocrx_word' id='word_1_68' title='bbox 652 835 812 888; x_wconf 88' lang='lat' dir='ltr'>patitur</span> <span class='ocrx_word' id='word_1_69' title='bbox 844 834 1064 890; x_wconf 87' lang='lat' dir='ltr'>dispendia</span> <span class='ocrx_word' id='word_1_70' title='bbox 1094 838 1230 878; x_wconf 88' lang='lat' dir='ltr'>sortis.</span> 
     </span>
    </p>

    <p class='ocr_par' dir='ltr' id='par_1_10' title="bbox 214 892 1462 1468">
     <span class='ocr_line' id='line_1_18' title="bbox 219 892 1267 944; baseline 0.002 -11"><span class='ocrx_word' id='word_1_71' title='bbox 219 892 323 940; x_wconf 84' lang='lat' dir='ltr'>Quis</span> <span class='ocrx_word' id='word_1_72' title='bbox 357 892 494 933; x_wconf 89' lang='lat' dir='ltr'>uetuit</span> <span class='ocrx_word' id='word_1_73' title='bbox 524 895 579 944; x_wconf 85' lang='lat' dir='ltr'>te,</span> <span class='ocrx_word' id='word_1_74' title='bbox 611 896 711 933; x_wconf 90' lang='lat' dir='ltr'>note</span> <span class='ocrx_word' id='word_1_75' title='bbox 742 907 889 943; x_wconf 72' lang='lat' dir='ltr'>senex,</span> <span class='ocrx_word' id='word_1_76' title='bbox 921 894 1174 935; x_wconf 88' lang='lat' dir='ltr'>iuuenilibus</span> <span class='ocrx_word' id='word_1_77' title='bbox 1205 896 1267 935; x_wconf 95' lang='lat' dir='ltr'>uti</span> 
     </span>
     <span class='ocr_line' id='line_1_19' title="bbox 219 949 1322 1004; baseline 0.003 -13"><span class='ocrx_word' id='word_1_78' title='bbox 219 950 315 992; x_wconf 86' lang='lat' dir='ltr'>Rite</span> <span class='ocrx_word' id='word_1_79' title='bbox 348 950 466 1001; x_wconf 88' lang='lat' dir='ltr'>iocis,</span> <span class='ocrx_word' id='word_1_80' title='bbox 499 949 660 1004; x_wconf 87' lang='lat' dir='ltr'>agitare</span> <span class='ocrx_word' id='word_1_81' title='bbox 692 950 836 1004; x_wconf 83' lang='lat' dir='ltr'>pilam,</span> <span class='ocrx_word' id='word_1_82' title='bbox 868 965 1008 992; x_wconf 84' lang='lat' dir='ltr'>morsa</span> <span class='ocrx_word' id='word_1_83' title='bbox 1041 965 1146 993; x_wconf 88' lang='lat' dir='ltr'>nuce</span> <span class='ocrx_word' id='word_1_84' title='bbox 1177 953 1322 994; x_wconf 82' lang='lat' dir='ltr'>uesci?</span> 
     </span>
     <span class='ocr_line' id='line_1_20' title="bbox 216 1008 1380 1064; baseline 0.003 -15"><span class='ocrx_word' id='word_1_85' title='bbox 216 1008 307 1049; x_wconf 90' lang='lat' dir='ltr'>Iam</span> <span class='ocrx_word' id='word_1_86' title='bbox 341 1008 476 1049; x_wconf 88' lang='lat' dir='ltr'>sacius</span> <span class='ocrx_word' id='word_1_87' title='bbox 508 1021 619 1060; x_wconf 85' lang='lat' dir='ltr'>reor,</span> <span class='ocrx_word' id='word_1_88' title='bbox 651 1013 697 1049; x_wconf 88' lang='lat' dir='ltr'>ut</span> <span class='ocrx_word' id='word_1_89' title='bbox 730 1008 919 1061; x_wconf 89' lang='lat' dir='ltr'>rhedam,</span> <span class='ocrx_word' id='word_1_90' title='bbox 952 1023 1036 1064; x_wconf 87' lang='lat' dir='ltr'>qua</span> <span class='ocrx_word' id='word_1_91' title='bbox 1068 1023 1168 1064; x_wconf 83' lang='lat' dir='ltr'>sepe</span> <span class='ocrx_word' id='word_1_92' title='bbox 1198 1009 1380 1064; x_wconf 85' lang='lat' dir='ltr'>ueharis,</span> 
     </span>
     <span class='ocr_line' id='line_1_21' title="bbox 218 1065 1462 1121; baseline 0.003 -15"><span class='ocrx_word' id='word_1_93' title='bbox 218 1065 430 1107; x_wconf 86' lang='lat' dir='ltr'>Venditor</span> <span class='ocrx_word' id='word_1_94' title='bbox 461 1067 572 1107; x_wconf 89' lang='lat' dir='ltr'>ensis</span> <span class='ocrx_word' id='word_1_95' title='bbox 605 1080 735 1118; x_wconf 85' lang='lat' dir='ltr'>emas,</span> <span class='ocrx_word' id='word_1_96' title='bbox 767 1065 988 1107; x_wconf 88' lang='lat' dir='ltr'>facilemue</span> <span class='ocrx_word' id='word_1_97' title='bbox 1020 1067 1060 1107; x_wconf 90' lang='lat' dir='ltr'>in</span> <span class='ocrx_word' id='word_1_98' title='bbox 1093 1066 1211 1108; x_wconf 88' lang='lat' dir='ltr'>frena</span> <span class='ocrx_word' id='word_1_99' title='bbox 1242 1068 1462 1121; x_wconf 81' lang='lat' dir='ltr'>caballum,</span> 
     </span>
     <span class='ocr_line' id='line_1_22' title="bbox 214 1123 1317 1178; baseline 0.003 -13"><span class='ocrx_word' id='word_1_100' title='bbox 214 1124 304 1165; x_wconf 90' lang='lat' dir='ltr'>Aut</span> <span class='ocrx_word' id='word_1_101' title='bbox 337 1123 480 1178; x_wconf 85' lang='lat' dir='ltr'>precio</span> <span class='ocrx_word' id='word_1_102' title='bbox 512 1123 608 1165; x_wconf 89' lang='lat' dir='ltr'>leue</span> <span class='ocrx_word' id='word_1_103' title='bbox 640 1124 893 1165; x_wconf 85' lang='lat' dir='ltr'>curriculum</span> <span class='ocrx_word' id='word_1_104' title='bbox 927 1125 1123 1166; x_wconf 88' lang='lat' dir='ltr'>merceris</span> <span class='ocrx_word' id='word_1_105' title='bbox 1156 1125 1317 1168; x_wconf 89' lang='lat' dir='ltr'>eodem.</span> 
     </span>
     <span class='ocr_line' id='line_1_23' title="bbox 219 1181 1288 1237; baseline 0.002 -14"><span class='ocrx_word' id='word_1_106' title='bbox 219 1181 381 1237; x_wconf 88' lang='lat' dir='ltr'>Apcius</span> <span class='ocrx_word' id='word_1_107' title='bbox 412 1181 636 1232; x_wconf 90' lang='lat' dir='ltr'>inualidos,</span> <span class='ocrx_word' id='word_1_108' title='bbox 669 1193 745 1223; x_wconf 87' lang='lat' dir='ltr'>sua</span> <span class='ocrx_word' id='word_1_109' title='bbox 777 1196 883 1236; x_wconf 85' lang='lat' dir='ltr'>quos</span> <span class='ocrx_word' id='word_1_110' title='bbox 916 1182 1096 1237; x_wconf 85' lang='lat' dir='ltr'>uestigia</span> <span class='ocrx_word' id='word_1_111' title='bbox 1126 1182 1288 1234; x_wconf 88' lang='lat' dir='ltr'>fallunt,</span> 
     </span>
     <span class='ocr_line' id='line_1_24' title="bbox 219 1239 1313 1295; baseline 0.002 -15"><span class='ocrx_word' id='word_1_112' title='bbox 219 1239 446 1293; x_wconf 81' lang='lat' dir='ltr'>Excipient</span> <span class='ocrx_word' id='word_1_113' title='bbox 476 1240 664 1281; x_wconf 89' lang='lat' dir='ltr'>iumenta</span> <span class='ocrx_word' id='word_1_114' title='bbox 694 1254 839 1293; x_wconf 74' lang='lat' dir='ltr'>senes,</span> <span class='ocrx_word' id='word_1_115' title='bbox 873 1244 966 1281; x_wconf 87' lang='lat' dir='ltr'>rota</span> <span class='ocrx_word' id='word_1_116' title='bbox 996 1241 1160 1295; x_wconf 81' lang='lat' dir='ltr'>proficit</span> <span class='ocrx_word' id='word_1_117' title='bbox 1191 1241 1251 1282; x_wconf 91' lang='lat' dir='ltr'>illi</span> <span class='ocrx_word' id='word_1_118' title='bbox 1311 1266 1313 1269; x_wconf 92' lang='lat'><em>-</em></span> 
     </span>
     <span class='ocr_line' id='line_1_25' title="bbox 221 1297 1315 1353; baseline 0.001 -14"><span class='ocrx_word' id='word_1_119' title='bbox 221 1297 405 1339; x_wconf 82' lang='lat' dir='ltr'>Orbibus</span> <span class='ocrx_word' id='word_1_120' title='bbox 439 1300 532 1338; x_wconf 81' lang='lat' dir='ltr'>acta</span> <span class='ocrx_word' id='word_1_121' title='bbox 564 1298 663 1342; x_wconf 73' lang='lat' dir='ltr'>suis,</span> <span class='ocrx_word' id='word_1_122' title='bbox 695 1298 761 1339; x_wconf 89' lang='lat' dir='ltr'>cui</span> <span class='ocrx_word' id='word_1_123' title='bbox 792 1298 937 1353; x_wconf 88' lang='lat' dir='ltr'>planta</span> <span class='ocrx_word' id='word_1_124' title='bbox 969 1298 1137 1340; x_wconf 85' lang='lat' dir='ltr'>uacillat</span> <span class='ocrx_word' id='word_1_125' title='bbox 1167 1299 1315 1342; x_wconf 85' lang='lat' dir='ltr'>inanis.</span> 
     </span>
     <span class='ocr_line' id='line_1_26' title="bbox 219 1355 1316 1410; baseline 0.001 -14"><span class='ocrx_word' id='word_1_126' title='bbox 219 1356 278 1396; x_wconf 81' lang='lat' dir='ltr'>At</span> <span class='ocrx_word' id='word_1_127' title='bbox 310 1355 343 1395; x_wconf 87' lang='lat' dir='ltr'>si</span> <span class='ocrx_word' id='word_1_128' title='bbox 372 1355 482 1396; x_wconf 86' lang='lat' dir='ltr'>forte</span> <span class='ocrx_word' id='word_1_129' title='bbox 514 1368 639 1397; x_wconf 87' lang='lat' dir='ltr'>caues</span> <span class='ocrx_word' id='word_1_130' title='bbox 671 1369 835 1397; x_wconf 87' lang='lat' dir='ltr'>cassum</span> <span class='ocrx_word' id='word_1_131' title='bbox 868 1356 1115 1398; x_wconf 84' lang='lat' dir='ltr'>uenundare</span> <span class='ocrx_word' id='word_1_132' title='bbox 1147 1357 1316 1410; x_wconf 86' lang='lat' dir='ltr'>ferrum,</span> 
     </span>
     <span class='ocr_line' id='line_1_27' title="bbox 217 1413 1241 1468; baseline 0.001 -14"><span class='ocrx_word' id='word_1_133' title='bbox 217 1413 403 1468; x_wconf 84' lang='lat' dir='ltr'>Ereptus</span> <span class='ocrx_word' id='word_1_134' title='bbox 436 1413 513 1455; x_wconf 87' lang='lat' dir='ltr'>tibi</span> <span class='ocrx_word' id='word_1_135' title='bbox 543 1417 585 1455; x_wconf 89' lang='lat' dir='ltr'>te</span> <span class='ocrx_word' id='word_1_136' title='bbox 616 1413 808 1468; x_wconf 86' lang='lat' dir='ltr'>perimet,</span> <span class='ocrx_word' id='word_1_137' title='bbox 840 1414 882 1455; x_wconf 89' lang='lat' dir='ltr'>ni</span> <span class='ocrx_word' id='word_1_138' title='bbox 914 1418 1084 1467; x_wconf 87' lang='lat' dir='ltr'>ueneat,</span> <span class='ocrx_word' id='word_1_139' title='bbox 1118 1414 1241 1456; x_wconf 88' lang='lat' dir='ltr'>ensis.</span> 
     </span>
    </p>
   </div>
   <div class='ocr_carea' id='block_1_9' title="bbox 516 1504 1040 1546">
    <p class='ocr_par' dir='ltr' id='par_1_11' title="bbox 516 1504 1040 1546">
     <span class='ocr_line' id='line_1_28' title="bbox 516 1504 1040 1546; baseline -0.002 0"><span class='ocrx_word' id='word_1_140' title='bbox 516 1504 584 1546; x_wconf 88' lang='lat' dir='ltr'>Ad</span> <span class='ocrx_word' id='word_1_141' title='bbox 616 1504 694 1546; x_wconf 87' lang='lat' dir='ltr'>hec</span> <span class='ocrx_word' id='word_1_142' title='bbox 725 1505 1040 1546; x_wconf 84' lang='lat' dir='ltr'>Starcatherus:</span> 
     </span>
    </p>
   </div>
   <div class='ocr_carea' id='block_1_10' title="bbox 220 1585 1474 2631">
    <p class='ocr_par' dir='ltr' id='par_1_12' title="bbox 220 1585 1398 1873">
     <span class='ocr_line' id='line_1_29' title="bbox 220 1585 1283 1641; baseline 0 -13"><span class='ocrx_word' id='word_1_143' title='bbox 220 1585 428 1641; x_wconf 71' lang='lat' dir='ltr'>Improbe,</span> <span class='ocrx_word' id='word_1_144' title='bbox 459 1585 590 1629; x_wconf 85' lang='lat' dir='ltr'>uerba</span> <span class='ocrx_word' id='word_1_145' title='bbox 621 1586 723 1627; x_wconf 87' lang='lat' dir='ltr'>seris</span> <span class='ocrx_word' id='word_1_146' title='bbox 753 1585 867 1627; x_wconf 89' lang='lat' dir='ltr'>facili</span> <span class='ocrx_word' id='word_1_147' title='bbox 898 1586 1122 1628; x_wconf 85' lang='lat' dir='ltr'>temeraria</span> <span class='ocrx_word' id='word_1_148' title='bbox 1152 1586 1283 1639; x_wconf 87' lang='lat' dir='ltr'>labro,</span> 
     </span>
     <span class='ocr_line' id='line_1_30' title="bbox 221 1643 1373 1699; baseline -0.001 -13"><span class='ocrx_word' id='word_1_149' title='bbox 221 1645 409 1686; x_wconf 82' lang='lat' dir='ltr'>Auribus</span> <span class='ocrx_word' id='word_1_150' title='bbox 439 1643 689 1685; x_wconf 84' lang='lat' dir='ltr'>inconcinna</span> <span class='ocrx_word' id='word_1_151' title='bbox 720 1644 812 1699; x_wconf 88' lang='lat' dir='ltr'>piis.</span> <span class='ocrx_word' id='word_1_152' title='bbox 875 1644 986 1692; x_wconf 84' lang='lat' dir='ltr'>Quid</span> <span class='ocrx_word' id='word_1_153' title='bbox 1017 1645 1176 1699; x_wconf 82' lang='lat' dir='ltr'>premia</span> <span class='ocrx_word' id='word_1_154' title='bbox 1209 1643 1373 1697; x_wconf 86' lang='lat' dir='ltr'>ductus,</span> 
     </span>
     <span class='ocr_line' id='line_1_31' title="bbox 223 1701 1398 1758; baseline -0.001 -15"><span class='ocrx_word' id='word_1_155' title='bbox 223 1703 304 1751; x_wconf 82' lang='lat' dir='ltr'>Qui</span> <span class='ocrx_word' id='word_1_156' title='bbox 337 1701 466 1756; x_wconf 79' lang='lat' dir='ltr'>gratis</span> <span class='ocrx_word' id='word_1_157' title='bbox 497 1702 754 1756; x_wconf 85' lang='lat' dir='ltr'>prestandus</span> <span class='ocrx_word' id='word_1_158' title='bbox 788 1706 890 1752; x_wconf 86' lang='lat' dir='ltr'>erat,</span> <span class='ocrx_word' id='word_1_159' title='bbox 922 1716 996 1757; x_wconf 87' lang='lat' dir='ltr'>per</span> <span class='ocrx_word' id='word_1_160' title='bbox 1028 1716 1200 1742; x_wconf 83' lang='lat' dir='ltr'>munera</span> <span class='ocrx_word' id='word_1_161' title='bbox 1231 1703 1398 1758; x_wconf 79' lang='lat' dir='ltr'>queris?</span> 
     </span>
     <span class='ocr_line' id='line_1_32' title="bbox 220 1759 1382 1815; baseline -0.001 -12"><span class='ocrx_word' id='word_1_162' title='bbox 220 1760 386 1815; x_wconf 82' lang='lat' dir='ltr'>Nempe</span> <span class='ocrx_word' id='word_1_163' title='bbox 419 1759 549 1815; x_wconf 86' lang='lat' dir='ltr'>pedes</span> <span class='ocrx_word' id='word_1_164' title='bbox 580 1759 762 1814; x_wconf 84' lang='lat' dir='ltr'>gradiar,</span> <span class='ocrx_word' id='word_1_165' title='bbox 795 1774 873 1801; x_wconf 89' lang='lat' dir='ltr'>nec</span> <span class='ocrx_word' id='word_1_166' title='bbox 902 1761 1080 1814; x_wconf 84' lang='lat' dir='ltr'>turpiter</span> <span class='ocrx_word' id='word_1_167' title='bbox 1112 1773 1209 1801; x_wconf 91' lang='lat' dir='ltr'>ense</span> <span class='ocrx_word' id='word_1_168' title='bbox 1240 1760 1382 1802; x_wconf 86' lang='lat' dir='ltr'>relicto</span> 
     </span>
     <span class='ocr_line' id='line_1_33' title="bbox 220 1818 1263 1873; baseline -0.002 -12"><span class='ocrx_word' id='word_1_169' title='bbox 220 1818 459 1861; x_wconf 78' lang='lat' dir='ltr'>Externam</span> <span class='ocrx_word' id='word_1_170' title='bbox 491 1818 709 1859; x_wconf 80' lang='lat' dir='ltr'>mercabor</span> <span class='ocrx_word' id='word_1_171' title='bbox 742 1832 885 1873; x_wconf 79' lang='lat' dir='ltr'>opem3</span> <span class='ocrx_word' id='word_1_172' title='bbox 917 1823 1067 1859; x_wconf 86' lang='lat' dir='ltr'>natura</span> <span class='ocrx_word' id='word_1_173' title='bbox 1098 1819 1263 1859; x_wconf 80' lang='lat' dir='ltr'>meandi</span> 
     </span>
    </p>

    <p class='ocr_par' dir='ltr' id='par_1_13' title="bbox 221 1875 1474 2569">
     <span class='ocr_line' id='line_1_34' title="bbox 221 1875 1329 1931; baseline 0 -12"><span class='ocrx_word' id='word_1_174' title='bbox 221 1877 294 1919; x_wconf 90' lang='lat' dir='ltr'>Ius</span> <span class='ocrx_word' id='word_1_175' title='bbox 327 1875 455 1929; x_wconf 85' lang='lat' dir='ltr'>dedit,</span> <span class='ocrx_word' id='word_1_176' title='bbox 487 1877 738 1931; x_wconf 19' lang='lat' dir='ltr'>etrpropriis</span> <span class='ocrx_word' id='word_1_177' title='bbox 771 1877 891 1917; x_wconf 87' lang='lat' dir='ltr'>iussit</span> <span class='ocrx_word' id='word_1_178' title='bbox 922 1875 1134 1918; x_wconf 86' lang='lat' dir='ltr'>confidere</span> <span class='ocrx_word' id='word_1_179' title='bbox 1163 1876 1329 1931; x_wconf 88' lang='lat' dir='ltr'>plantis.</span> 
     </span>
     <span class='ocr_line' id='line_1_35' title="bbox 224 1933 1221 1990; baseline -0.004 -12"><span class='ocrx_word' id='word_1_180' title='bbox 224 1935 324 1990; x_wconf 79' lang='lat' dir='ltr'>Cur,</span> <span class='ocrx_word' id='word_1_181' title='bbox 355 1935 422 1976; x_wconf 89' lang='lat' dir='ltr'>cui</span> <span class='ocrx_word' id='word_1_182' title='bbox 452 1933 660 1975; x_wconf 82' lang='lat' dir='ltr'>debueras</span> <span class='ocrx_word' id='word_1_183' title='bbox 693 1935 802 1975; x_wconf 92' lang='lat' dir='ltr'>ultro</span> <span class='ocrx_word' id='word_1_184' title='bbox 834 1934 922 1975; x_wconf 82' lang='lat' dir='ltr'>dux</span> <span class='ocrx_word' id='word_1_185' title='bbox 954 1948 1045 1976; x_wconf 87' lang='lat' dir='ltr'>esse</span> <span class='ocrx_word' id='word_1_186' title='bbox 1079 1934 1221 1986; x_wconf 82' lang='lat' dir='ltr'>uianti,</span> 
     </span>
     <span class='ocr_line' id='line_1_36' title="bbox 222 1992 1288 2046; baseline -0.003 -11"><span class='ocrx_word' id='word_1_187' title='bbox 222 1992 428 2036; x_wconf 89' lang='lat' dir='ltr'>Ludibrio</span> <span class='ocrx_word' id='word_1_188' title='bbox 462 1992 652 2044; x_wconf 84' lang='lat' dir='ltr'>insultas,</span> <span class='ocrx_word' id='word_1_189' title='bbox 684 2005 877 2033; x_wconf 85' lang='lat' dir='ltr'>sermone</span> <span class='ocrx_word' id='word_1_190' title='bbox 907 1992 1143 2046; x_wconf 88' lang='lat' dir='ltr'>procaciter</span> <span class='ocrx_word' id='word_1_191' title='bbox 1174 2006 1288 2042; x_wconf 87' lang='lat' dir='ltr'>usus,</span> 
     </span>
     <span class='ocr_line' id='line_1_37' title="bbox 223 2049 1328 2106; baseline -0.001 -15"><span class='ocrx_word' id='word_1_192' title='bbox 223 2052 403 2106; x_wconf 80' lang='lat' dir='ltr'>Queque</span> <span class='ocrx_word' id='word_1_193' title='bbox 436 2050 535 2091; x_wconf 91' lang='lat' dir='ltr'>olim</span> <span class='ocrx_word' id='word_1_194' title='bbox 567 2050 690 2104; x_wconf 87' lang='lat' dir='ltr'>gessi,</span> <span class='ocrx_word' id='word_1_195' title='bbox 722 2051 898 2091; x_wconf 89' lang='lat' dir='ltr'>memori</span> <span class='ocrx_word' id='word_1_196' title='bbox 929 2049 1173 2102; x_wconf 79' lang='lat' dir='ltr'>dignissima</span> <span class='ocrx_word' id='word_1_197' title='bbox 1205 2049 1328 2103; x_wconf 84' lang='lat' dir='ltr'>fama,</span> 
     </span>
     <span class='ocr_line' id='line_1_38' title="bbox 222 2108 1474 2162; baseline -0.002 -12"><span class='ocrx_word' id='word_1_198' title='bbox 222 2109 436 2151; x_wconf 83' lang='lat' dir='ltr'>Dedecori</span> <span class='ocrx_word' id='word_1_199' title='bbox 467 2109 631 2159; x_wconf 75' lang='lat' dir='ltr'>tribuiS,</span> <span class='ocrx_word' id='word_1_200' title='bbox 663 2108 856 2149; x_wconf 88' lang='lat' dir='ltr'>meritum</span> <span class='ocrx_word' id='word_1_201' title='bbox 888 2121 1055 2162; x_wconf 87' lang='lat' dir='ltr'>quoque</span> <span class='ocrx_word' id='word_1_202' title='bbox 1088 2108 1258 2148; x_wconf 86' lang='lat' dir='ltr'>crimine</span> <span class='ocrx_word' id='word_1_203' title='bbox 1291 2108 1474 2162; x_wconf 76' lang='lat' dir='ltr'>pensas?</span> 
     </span>
     <span class='ocr_line' id='line_1_39' title="bbox 226 2165 1423 2220; baseline -0.002 -12"><span class='ocrx_word' id='word_1_204' title='bbox 226 2167 339 2215; x_wconf 83' lang='lat' dir='ltr'>Quid</span> <span class='ocrx_word' id='word_1_205' title='bbox 369 2168 457 2211; x_wconf 88' lang='lat' dir='ltr'>risu</span> <span class='ocrx_word' id='word_1_206' title='bbox 488 2167 721 2220; x_wconf 89' lang='lat' dir='ltr'>insequeris</span> <span class='ocrx_word' id='word_1_207' title='bbox 754 2165 944 2207; x_wconf 88' lang='lat' dir='ltr'>uetulum</span> <span class='ocrx_word' id='word_1_208' title='bbox 975 2178 1165 2220; x_wconf 85' lang='lat' dir='ltr'>pugnare</span> <span class='ocrx_word' id='word_1_209' title='bbox 1196 2169 1423 2219; x_wconf 87' lang='lat' dir='ltr'>potentem,</span> 
     </span>
     <span class='ocr_line' id='line_1_40' title="bbox 223 2222 1294 2280; baseline -0.004 -13"><span class='ocrx_word' id='word_1_210' title='bbox 223 2225 499 2280; x_wconf 84' lang='lat' dir='ltr'>Inuictosque</span> <span class='ocrx_word' id='word_1_211' title='bbox 530 2238 648 2266; x_wconf 90' lang='lat' dir='ltr'>meos</span> <span class='ocrx_word' id='word_1_212' title='bbox 681 2223 826 2264; x_wconf 88' lang='lat' dir='ltr'>titulos</span> <span class='ocrx_word' id='word_1_213' title='bbox 859 2228 900 2263; x_wconf 85' lang='lat' dir='ltr'>et</span> <span class='ocrx_word' id='word_1_214' title='bbox 932 2223 1151 2278; x_wconf 78' lang='lat' dir='ltr'>splendida</span> <span class='ocrx_word' id='word_1_215' title='bbox 1182 2222 1294 2264; x_wconf 81' lang='lat' dir='ltr'>facta</span> 
     </span>
     <span class='ocr_line' id='line_1_41' title="bbox 224 2280 1403 2338; baseline -0.004 -13"><span class='ocrx_word' id='word_1_216' title='bbox 224 2283 390 2326; x_wconf 86' lang='lat' dir='ltr'>Probro</span> <span class='ocrx_word' id='word_1_217' title='bbox 422 2282 567 2338; x_wconf 87' lang='lat' dir='ltr'>adigis,</span> <span class='ocrx_word' id='word_1_218' title='bbox 598 2282 762 2323; x_wconf 86' lang='lat' dir='ltr'>famosa</span> <span class='ocrx_word' id='word_1_219' title='bbox 792 2286 933 2322; x_wconf 88' lang='lat' dir='ltr'>terens</span> <span class='ocrx_word' id='word_1_220' title='bbox 965 2286 1007 2322; x_wconf 88' lang='lat' dir='ltr'>et</span> <span class='ocrx_word' id='word_1_221' title='bbox 1037 2280 1168 2321; x_wconf 82' lang='lat' dir='ltr'>forcia</span> <span class='ocrx_word' id='word_1_222' title='bbox 1198 2280 1403 2335; x_wconf 76' lang='lat' dir='ltr'>carpens?</span> 
     </span>
     <span class='ocr_line' id='line_1_42' title="bbox 227 2337 1343 2397; baseline -0.005 -13"><span class='ocrx_word' id='word_1_223' title='bbox 227 2341 323 2389; x_wconf 81' lang='lat' dir='ltr'>Qua</span> <span class='ocrx_word' id='word_1_224' title='bbox 354 2341 562 2397; x_wconf 84' lang='lat' dir='ltr'>probitate</span> <span class='ocrx_word' id='word_1_225' title='bbox 593 2341 703 2395; x_wconf 90' lang='lat' dir='ltr'>petis</span> <span class='ocrx_word' id='word_1_226' title='bbox 733 2338 952 2392; x_wconf 84' lang='lat' dir='ltr'>indignum</span> <span class='ocrx_word' id='word_1_227' title='bbox 981 2338 1139 2379; x_wconf 87' lang='lat' dir='ltr'>uiribus</span> <span class='ocrx_word' id='word_1_228' title='bbox 1172 2337 1343 2380; x_wconf 79' lang='lat' dir='ltr'>ensem?</span> 
     </span>
     <span class='ocr_line' id='line_1_43' title="bbox 224 2395 1439 2447; baseline -0.006 -5"><span class='ocrx_word' id='word_1_229' title='bbox 224 2398 355 2442; x_wconf 88' lang='lat' dir='ltr'>Haud</span> <span class='ocrx_word' id='word_1_230' title='bbox 385 2400 499 2440; x_wconf 87' lang='lat' dir='ltr'>latus</span> <span class='ocrx_word' id='word_1_231' title='bbox 531 2398 597 2439; x_wconf 86' lang='lat' dir='ltr'>hic</span> <span class='ocrx_word' id='word_1_232' title='bbox 628 2397 796 2438; x_wconf 89' lang='lat' dir='ltr'>imbelle</span> <span class='ocrx_word' id='word_1_233' title='bbox 826 2397 948 2437; x_wconf 87' lang='lat' dir='ltr'>decet</span> <span class='ocrx_word' id='word_1_234' title='bbox 979 2396 1227 2437; x_wconf 83' lang='lat' dir='ltr'>dextramue</span> <span class='ocrx_word' id='word_1_235' title='bbox 1256 2395 1439 2447; x_wconf 84' lang='lat' dir='ltr'>bubulci,</span> 
     </span>
     <span class='ocr_line' id='line_1_44' title="bbox 228 2453 1241 2514; baseline -0.005 -15"><span class='ocrx_word' id='word_1_236' title='bbox 228 2458 450 2514; x_wconf 79' lang='lat' dir='ltr'>Agrestem</span> <span class='ocrx_word' id='word_1_237' title='bbox 482 2456 595 2498; x_wconf 88' lang='lat' dir='ltr'>soliti</span> <span class='ocrx_word' id='word_1_238' title='bbox 628 2456 788 2496; x_wconf 85' lang='lat' dir='ltr'>calamo</span> <span class='ocrx_word' id='word_1_239' title='bbox 821 2454 1032 2496; x_wconf 90' lang='lat' dir='ltr'>deducere</span> <span class='ocrx_word' id='word_1_240' title='bbox 1064 2453 1241 2506; x_wconf 86' lang='lat' dir='ltr'>Musam,</span> 
     </span>
     <span class='ocr_line' id='line_1_45' title="bbox 228 2511 1156 2569; baseline -0.004 -13"><span class='ocrx_word' id='word_1_241' title='bbox 228 2516 465 2558; x_wconf 72' lang='lat' dir='ltr'>procurare</span> <span class='ocrx_word' id='word_1_242' title='bbox 497 2528 641 2569; x_wconf 87' lang='lat' dir='ltr'>pecus,</span> <span class='ocrx_word' id='word_1_243' title='bbox 672 2513 785 2553; x_wconf 86' lang='lat' dir='ltr'>aruis</span> <span class='ocrx_word' id='word_1_244' title='bbox 816 2517 1007 2554; x_wconf 88' lang='lat' dir='ltr'>armenta</span> <span class='ocrx_word' id='word_1_245' title='bbox 1037 2511 1156 2553; x_wconf 86' lang='lat' dir='ltr'>tueri.</span> 
     </span>
    </p>

    <p class='ocr_par' dir='ltr' id='par_1_14' title="bbox 227 2570 1238 2631">
     <span class='ocr_line' id='line_1_46' title="bbox 227 2570 1238 2631; baseline -0.007 -14"><span class='ocrx_word' id='word_1_246' title='bbox 227 2573 395 2631; x_wconf 85' lang='lat' dir='ltr'>Nempe</span> <span class='ocrx_word' id='word_1_247' title='bbox 425 2574 534 2616; x_wconf 87' lang='lat' dir='ltr'>inter</span> <span class='ocrx_word' id='word_1_248' title='bbox 563 2585 717 2614; x_wconf 86' lang='lat' dir='ltr'>uernas</span> <span class='ocrx_word' id='word_1_249' title='bbox 749 2570 830 2612; x_wconf 86' lang='lat' dir='ltr'>olle</span> <span class='ocrx_word' id='word_1_250' title='bbox 862 2570 1026 2612; x_wconf 87' lang='lat' dir='ltr'>uicinus</span> <span class='ocrx_word' id='word_1_251' title='bbox 1057 2570 1238 2612; x_wconf 88' lang='lat' dir='ltr'>obuncte</span> 
     </span>
    </p>
   </div>
   <div class='ocr_carea' id='block_1_11' title="bbox 1558 730 1713 759">
    <p class='ocr_par' dir='ltr' id='par_1_15' title="bbox 1558 730 1713 759">
     <span class='ocr_line' id='line_1_47' title="bbox 1558 730 1713 759; baseline 0.006 -1"><span class='ocrx_word' id='word_1_252' title='bbox 1558 730 1713 759; x_wconf 63' lang='lat' dir='ltr'>Lxxxh</span> 
     </span>
    </p>
   </div>
   <div class='ocr_carea' id='block_1_12' title="bbox 1598 1260 1692 1293">
    <p class='ocr_par' dir='ltr' id='par_1_16' title="bbox 1598 1260 1692 1293">
     <span class='ocr_line' id='line_1_48' title="bbox 1598 1260 1692 1293; baseline -0.021 -6"><span class='ocrx_word' id='word_1_253' title='bbox 1598 1260 1692 1293; x_wconf 77' lang='lat' dir='ltr'>p.40¹</span> 
     </span>
    </p>
   </div>
   <div class='ocr_carea' id='block_1_13' title="bbox 1599 2404 1680 2437">
    <p class='ocr_par' dir='ltr' id='par_1_17' title="bbox 1599 2404 1680 2437">
     <span class='ocr_line' id='line_1_49' title="bbox 1599 2404 1680 2437; baseline 0.037 -6"><span class='ocrx_word' id='word_1_254' title='bbox 1599 2404 1680 2437; x_wconf 65' lang='lat'>(152)</span> 
     </span>
    </p>
   </div>
  </div>
 </body>
</html>
