1884 3126
230 208 314 250 314
808 231 858 237 —
918 206 985 248 IX
1045 230 1098 236 —-

231 333 464 375 mulctauit.
507 332 646 380 Quem
679 331 901 386 Regnerus
933 332 1066 375 classe
1097 331 1306 383 ad*0rtus,
1338 332 1448 374 iusta
1479 333 1666 389 omnipo·
1702 346 1847 375 xcnua

231 391 356 433 tentis
388 390 756 432 animaduersione
789 390 1034 432 manifestas
1075 391 1263 433 detracte
1295 390 1508 445 religionis
1539 405 1668 446 penas

229 449 445 514 pependit.
489 447 829 502 Comprehensus
863 448 972 489 enim
995 454 1124 503 atque
1147 449 1188 489 in
1211 462 1421 490 carcerem
1442 449 1668 515 coniectus,

233 507 379 548 noxios
411 509 526 547 artus
559 505 742 547 colubris
771 505 1080 548 consumendos
1113 506 1329 559 aduertit,¹
1364 511 1491 561 atque
1523 521 1576 548 ex
1607 507 1668 548 ui-

182 575 197 601 5
229 578 390 605 scerum
433 577 606 604 suorum
646 563 762 604 fibris
803 563 963 605 tristem
1010 564 1163 619 uiperis
1205 564 1448 605 alimoniam
1487 564 1668 619 prebuit.

233 621 361 663 Cuius
393 621 521 663 adeso
553 621 754 674 iocinore,
784 635 878 662 cum
911 635 982 662 cor
1017 622 1152 676 ipsum
1174 620 1330 663 funesti
1351 621 1555 663 carnificis
1576 622 1667 664 loco

230 680 401 721 coluber
434 679 659 729 obsideret,
691 692 857 720 omnem
892 692 1065 734 operum
1098 692 1267 720 suorum
1291 693 1458 720 cursum
1481 680 1668 721 animosa

230 751 333 779 uoce
375 737 604 787 recensuit,
647 737 852 792 superiori
894 751 1035 778 rerum
1081 737 1300 778 contextui
1330 737 1439 777 hanc
1470 736 1665 779 adiiciens

230 796 484 836 clausulam:
517 795 561 836 Si
592 794 736 835 sucule
757 794 889 835 uerris
911 794 1162 850 supplicium
1185 794 1357 847 scirent,
1390 795 1502 836 haud
1525 794 1666 847 dubio,

165 864 200 890 10
229 853 399 908 irruptis
422 852 547 906 haris,
581 851 784 894 afflictum
807 853 1031 894 absoluere
1054 850 1386 908 proper<ar>ent.
1430 852 1523 900 Quo
1555 852 1667 893 dicto

231 910 358 952 Hella
385 910 390 962 Ι
420 910 556 952 adhuc
587 910 813 951 nonnullos
845 910 954 951 fil101
961 924 1026 950 um
1061 910 1148 951 eius
1179 911 1327 951 uiuere
1351 910 1669 965 interpretatus,
1722 931 1750 956 p.
1770 923 1820 949 461

230 969 448 1024 quiescere
491 967 705 1009 carnifices
756 968 1029 1034 amouerique
1074 968 1242 1021 uiperas
1286 967 1416 1009 iubet.
1480 967 1670 1022 Cumque

230 1026 434 1068 satellites
455 1025 728 1082 peragende
718 1025 916 1067 lussionis
949 1025 1090 1079 gracia
1121 1026 1411 1078 accurrissent,
1443 1026 1668 1080 Regnerus

229 1085 450 1139 imperium
483 1084 595 1138 regis
626 1083 773 1123 funere
804 1097 879 1125 suo
911 1087 1183 1138 precesserat.
1246 1083 1382 1130 Quem
1424 1083 1524 1138 quid
1555 1082 1668 1124 aliud

167 1154 197 1180 15
230 1157 353 1198 quam
380 1142 483 1183 duas
505 1143 614 1182 inter
635 1155 678 1181 se
702 1140 894 1182 fortunas
916 1142 1092 1197 partitas
1117 1154 1208 1182 esse
1231 1140 1447 1182 dicemus?
1479 1141 1668 1194 alteram,

229 1214 311 1254 que
334 1200 370 1240 ei
393 1199 647 1240 incolumem
669 1199 860 1252 classem,
894 1212 1150 1254 propensum
1181 1199 1416 1253 imperium,
1446 1198 1669 1254 precipuas

229 1258 402 1313 piratico
454 1257 562 1298 uires
615 1255 835 1305 adiiceret,
887 1257 1085 1307 alteram,
1127 1270 1208 1311 que
1250 1257 1450 1298 claritatis
1492 1256 1669 1303 ruinam,

229 1315 559 1357 commilitonum
590 1328 750 1367 necem,
789 1315 1102 1356 acerbissimum
1135 1314 1223 1355 uite
1256 1314 1418 1356 exitum
1448 1315 1669 1368 irrogaret,

229 1387 322 1414 cum
343 1374 481 1428 ipsum
506 1372 705 1426 carnifex,
730 1372 950 1413 uenenatis
974 1371 1109 1412 beluis
1133 1371 1430 1423 circumfusum,
1457 1386 1507 1414 eo
1532 1371 1668 1424 corde,

158 1443 195 1468 20
227 1431 338 1487 quod
373 1430 579 1472 aduersus
611 1444 733 1471 omne
767 1430 986 1471 discrimen
1020 1429 1233 1470 immobile
1265 1435 1470 1483 gesserat,
1502 1429 1668 1484 aspides

227 1489 517 1530 exsaciantem
556 1488 735 1530 uideret.
797 1488 948 1543 Itaque
978 1502 1031 1528 ex
1061 1487 1370 1542 speciosissimo
1417 1488 1578 1529 uictore
1617 1487 1666 1527 ad

227 1546 512 1588 miserabilem
533 1546 691 1600 captiui
712 1553 869 1587 sortem
892 1545 1113 1597 deductus,
1140 1546 1287 1600 nequis
1308 1545 1481 1587 nimium
1497 1544 1668 1587 fortune

229 1604 387 1656 credat,
422 1603 603 1646 edocuit.

366 1662 505 1709 Quem
546 1675 687 1703 casum
724 1660 899 1713 Iuarus,
948 1660 1048 1702 dum
1088 1660 1198 1701 forte
1239 1660 1363 1702 ludos
1402 1661 1668 1715 inspectaret,

160 1730 197 1756 25
228 1719 403 1774 accepit.
465 1719 546 1761 Sed
590 1719 855 1760 nihilominus
902 1719 1066 1759 uultum
1109 1718 1149 1758 in
1191 1717 1339 1760 eodem
1381 1718 1529 1760 habitu
1572 1731 1668 1759 con-

229 1778 366 1819 tinens
399 1778 611 1831 solitoque
644 1776 759 1817 nulla
792 1791 844 1817 ex
876 1780 996 1831 parte
1032 1775 1253 1817 infraccior
1284 1789 1368 1816 non
1398 1776 1534 1818 solum
1566 1789 1668 1816 nun-

230 1836 383 1876 ciatam
423 1835 611 1890 parentis
651 1834 814 1875 cladem
862 1834 1018 1875 doloris
1052 1833 1394 1875 dissimulacione
1425 1832 1669 1888 suppressit,

228 1891 302 1934 sed
335 1906 387 1933 ne
419 1892 640 1947 strepitum
673 1891 842 1946 quidem
874 1892 1027 1934 exoriri
1058 1905 1220 1946 passuS,
1252 1891 1479 1932 attonitum
1499 1904 1668 1932 rumore

227 1949 432 2005 populum
465 1949 630 1991 theatro
663 1949 880 1991 discedere
911 1950 1058 1990 uetuit.
1100 1949 1250 2003 Itaque
1282 1962 1419 2004 neque
1452 1949 1534 1990 oris
1565 1949 1667 1989 hila-

159 2019 196 2047 30
225 2008 394 2049 ritatem
435 2007 650 2062 deposuit,
690 2023 744 2049 ne
778 2012 940 2049 cessato
978 2006 1077 2048 ludo
1120 2020 1290 2048 scenam
1328 2007 1667 2060 interrumperet,

227 2079 362 2121 neque
385 2066 528 2108 oculos
552 2080 576 2106 a
597 2066 766 2121 publico
789 2066 942 2120 plausu
964 2065 1014 2105 ad
1038 2065 1244 2119 priuatam
1267 2065 1502 2106 mesticiam
1532 2064 1666 2115 flexit,

227 2137 281 2165 ne
303 2137 357 2165 ex
378 2137 540 2164 summo
564 2123 746 2179 tripudio
770 2127 942 2178 repente
964 2123 1006 2163 in
1027 2122 1220 2163 ultimum
1243 2122 1467 2177 prolapsus
1495 2121 1499 2176 Ι
1529 2135 1665 2163 mero·
1720 2139 1749 2165 1>-
1768 2131 1819 2157 4⁶2

227 2194 313 2222 rem
353 2182 498 2236 pocius
543 2181 777 2223 calamitosi
820 2181 918 2231 filii,
962 2194 1088 2235 quam
1119 2179 1342 2221 iocabundi
1374 2180 1490 2222 ducis
1522 2184 1666 2234 partes

228 2240 365 2294 egisse
404 2238 631 2282 uidex-‚etur
693 2238 897 2281 Siuardus
940 2251 1066 2294 uero,
1109 2237 1258 2279 eodem
1290 2238 1442 2279 nuncio
1475 2242 1667 2292 accepto,

159 2305 195 2332 35
226 2297 397 2353 propior
435 2302 612 2352 paterne
668 2297 832 2338 caritati
881 2310 1005 2351 quam
1043 2296 1211 2350 priuate
1253 2296 1460 2350 passioni,
1501 2294 1667 2360 liastile,

228 2354 340 2411 quod
363 2354 504 2397 forte
493 2368 534 2395 1n
559 2369 684 2395 manu
707 2354 909 2407 habebat,
942 2354 1073 2395 alcius
1095 2352 1192 2408 pedi
1214 2352 1509 2408 stupefactus
1499 2365 1664 2393 immer-

227 2414 292 2459 sit,
323 2412 496 2455 tristicie
529 2411 694 2454 salebra
725 2425 973 2466 corpoream
1005 2411 1250 2465 negligente
1294 2411 1545 2452 molestiam.
1607 2409 1666 2450 Vt

229 2471 339 2511 enim
385 2469 513 2512 animi
557 2469 711 2511 uulnus
757 2469 995 2524 paciencius
1039 2468 1149 2510 ferie
1194 2469 1429 2523 potuisset,
1478 2468 1664 2522 corporis

227 2533 391 2582 partem
433 2528 607 2583 grauius
637 2526 806 2569 afficere
838 2526 1010 2568 studuit.
1074 2525 1167 2573 Quo
1200 2525 1312 2567 facto
1343 2526 1468 2567 simul
1498 2525 1665 2566 fortitu-

159 2599 194 2625 40
226 2585 365 2627 dinem
382 2599 673 2641 meroremque
692 2584 867 2639 detexit,
885 2583 1096 2626 fortunam
1115 2597 1234 2624 suam
1248 2584 1357 2625 inter
1373 2583 1664 2625 calamitosum
