1884 3126
42 899 78 926 10

40 1189 77 1216 15

40 1479 76 1506 ‘20

648 258 701 265 —
761 234 900 276 XIIII
965 258 1011 263 -υ
1469 234 1552 275 475

111 361 230 403 Tunc
262 361 401 416 Toko,
433 365 567 404 matre
600 361 745 417 Sygne
777 365 907 414 ortus,
939 362 1003 403 uir
1025 365 1127 403 natu
1149 366 1190 404 et
1213 360 1411 403 facundia
1433 360 1554 402 iuxta

111 421 277 465 nobilis
308 396 528 476 primaque
557 421 668 474 regis
691 420 880 461 amicicia
911 420 1116 476 preditus,
1147 420 1189 461 in
1221 419 1404 460 medium
1435 418 1555 470 uulgi

110 493 152 520 se
190 479 390 533 proripit,
433 480 692 532 obtentaque
733 478 920 519 omnium
964 478 1274 529 taciturnitate,
1313 477 1555 543 imperitum

110 537 324 578 concionis
355 535 570 591 fragorem
603 536 726 577 docte
757 536 875 577 uocis
909 537 1162 577 auctoritate
1194 535 1465 591 compressit
1497 535 1556 575 ita

110 608 229 635 suam
262 600 504 649 temperans
538 595 769 646 accionem,
801 598 847 634 ut
879 600 920 635 et
943 594 1230 648 prefectorum
1262 598 1403 648 partes
1435 593 1554 634 dissi-

110 653 321 694 mulanter
351 657 600 707 protegeret
634 657 676 694 et
698 651 968 694 manifestum
994 653 1274 706 patrocinium
1305 651 1554 706 impertiret.

110 710 315 752 Reuersis
349 710 402 751 ad
433 710 606 766 propria
636 710 885 764 agrestibus,
917 725 1015 762 rex,
1049 714 1166 752 tante
1198 709 1452 751 contumelie
1483 707 1555 750 de-

109 767 367 810 formitatem
399 782 562 810 summa
593 768 902 822 indignacionis
925 768 1120 809 molestia
1147 771 1410 823 prosecutus,
1445 780 1555 809 com-

109 826 252 881 plures
285 826 435 867 Scanie
468 827 582 867 uicos
616 826 793 879 exussit,
826 839 1006 881 eamque
1037 826 1172 868 ferme
1202 829 1349 876 totam,
1381 824 1554 880 perinde

109 898 158 925 ac
188 884 420 926 maiestatis
452 898 583 935 ream,
615 885 761 939 rapine
784 884 978 926 subiecit.
1040 884 1164 938 Ipsos
1196 883 1555 925 consternacionis

109 945 304 984 auctores
346 942 498 997 spiritu
539 942 610 983 uel
651 942 772 983 bonis
812 943 1020 998 priuauit,
1066 941 1273 984 facciosos
1304 945 1555 997 paupertate

110 1006 184 1041 aut
229 1004 365 1042 morte
412 999 673 1042 mulctandos
720 1000 922 1042 iudicans.
998 999 1090 1042 Nec
1131 1000 1381 1052 Tokonem,
1434 999 1554 1040 cuius

109 1058 283 1100 salutari
314 1057 478 1114 eloquio
512 1072 615 1100 usus
647 1058 814 1112 fuerat,
847 1058 1015 1100 tametsi
1055 1059 1199 1111 lingue
1232 1058 1321 1099 eius
1353 1056 1555 1098 beneficio

110 1116 228 1171 uulgi
260 1116 364 1158 iram
397 1117 584 1162 uitasset,
618 1117 773 1158 mulcte
809 1122 1026 1171 expertem
1060 1116 1251 1172 reliquit,
1284 1115 1452 1171 plebem
1484 1115 1555 1156 ad-

111 1188 282 1215 uersum
313 1189 360 1216 se
392 1174 558 1216 occulto
594 1175 682 1216 eius
715 1175 889 1216 consilio
915 1174 1167 1216 concitatam
1200 1174 1428 1215 affirmans.
1474 1173 1555 1224 Ita,

109 1233 338 1274 senissimis
370 1232 589 1274 iracundie
621 1232 737 1274 furiis
761 1235 1033 1287 prouocatus,
1057 1232 1154 1274 odia
1175 1247 1223 1274 ac
1246 1231 1556 1273 familiaritates

109 1290 229 1331 iuxta
261 1290 481 1346 pensabat.
530 1290 593 1332 Ea
617 1290 823 1333 Suenonis
845 1291 1029 1345 irrupcio
1052 1291 1227 1332 Kanuto
1260 1289 1554 1332 nouandarum

110 1362 248 1389 rerum
281 1362 400 1404 spem
431 1348 716 1404 fiduciamque
746 1346 956 1404 restiltuit.
1019 1349 1103 1391 Sed
1134 1350 1246 1390 hunc
1278 1363 1427 1390 ausum
1461 1361 1554 1401 pre-

110 1406 232 1461 cipue
265 1406 473 1448 Suenonis
505 1421 554 1448 ac
579 1407 843 1449 Waldemari
877 1408 1102 1449 concordia
1135 1407 1383 1462 castigabat.
1444 1404 1555 1446 Nam

107 1470 311 1519 quantum
342 1466 454 1519 regis
486 1465 652 1519 odium,
693 1469 853 1506 tantam
886 1465 1005 1508 ducis
1038 1465 1148 1520 apud
1183 1479 1327 1507 omnes
1368 1464 1554 1518 graciam

110 1522 366 1575 intuebatur,
401 1524 659 1578 alteriusque
690 1524 856 1578 flagicia
899 1524 1072 1565 alterius
1103 1524 1262 1564 uirtute
1301 1522 1449 1564 redimi
1481 1520 1554 1562 de-

109 1581 298 1622 notabat.
358 1556 519 1623 Arbitri
552 1594 720 1637 quoque
742 1581 916 1634 Kanuti,
946 1582 1063 1637 prius
1087 1581 1276 1623 sodalem
1308 1580 1397 1634 regi
1428 1593 1552 1635 quam

110 1639 249 1679 ocium
283 1638 564 1694 eripiendum
574 1640 676 1687 rati,
720 1640 809 1681 eius
841 1654 936 1680 cum
970 1639 1245 1681 Waldemaro
1289 1637 1553 1681 concordiam

111 1696 311 1738 connubii
334 1697 538 1738 affinitate
562 1697 895 1753 componendam
919 1698 1148 1740 duxerunt.
1194 1696 1325 1738 Cuius
1347 1693 1554 1738 efficiendi

39 1769 75 1796 25
106 1755 249 1808 gracia
282 1755 490 1796 uterinam
523 1755 687 1797 Kanuti
730 1769 937 1809 eorm-,em
970 1756 1197 1811 Sophiam,
1229 1754 1342 1810 apud
1375 1753 1555 1795 Walde-

38 2347 75 2375 35

40 2637 76 2665 40

108 1826 271 1853 marum
305 1813 459 1854 eximia
493 1814 788 1868 pulcritudinis
828 1813 955 1856 laude
996 1814 1047 1856 de
1080 1813 1285 1855 industria
1325 1825 1553 1867 proseque-

110 1870 276 1912 bantur.
338 1870 421 1912 Sed
465 1871 783 1921 Waldemarus,
826 1886 909 1927 quo
951 1873 1089 1913 minus
1132 1871 1184 1912 ad
1216 1871 1326 1912 hanc
1357 1870 1553 1925 copulam

109 1928 369 1981 intenderet,
410 1929 594 1984 inopiam
637 1930 812 1985 uirginis
854 1930 1022 1971 obstare
1065 1930 1243 1981 dicebat,
1277 1927 1402 1985 quod,
1435 1930 1554 1983 patre

108 1986 279 2028 Ruteno
309 1992 546 2041 procreata,
579 1988 791 2030 nullorum
823 1988 863 2029 in
895 1988 1036 2029 Dania
1067 1988 1272 2030 bonorum
1313 1986 1434 2028 heres
1467 1986 1554 2027 exi-

38 2058 55 2085 3
107 2048 251 2087 steret.
314 2044 570 2100 Quanquam
602 2046 711 2087 enim
743 2047 989 2088 suasoribus
1022 2046 1148 2088 tacite
1180 2049 1359 2101 pareret,
1390 2044 1486 2111 plus
1509 2059 1554 2086 se

109 2106 248 2143 tamen
283 2107 577 2157 paupertatem
607 2105 749 2160 puelle
779 2104 927 2159 fugere
960 2119 1084 2160 quam
1127 2104 1310 2170 specie-m
1343 2102 1552 2143 ammirari

108 2159 307 2215 fingebat.
377 2161 515 2214 Igitur
561 2177 585 2203 a
629 2161 803 2204 Kanuto
827 2139 988 2204 ”tocius
1033 2162 1276 2218 patrimonii
1322 2161 1386 2203 sui
1431 2166 1553 2216 parte

108 2219 240 2260 tercia
272 2219 532 2273 sponsalium
565 2220 659 2262 loco
692 2220 910 2276 promissa,
942 2221 1127 2276 puellam
1160 2220 1407 2275 despondit,
1442 2233 1553 2260 eam-

108 2290 189 2331 que
234 2281 425 2318 matrone
466 2277 658 2331 cuidam,
705 2278 901 2330 Botilde,
943 2279 1133 2333 adusque
1180 2283 1387 2320 maturam
1429 2277 1552 2318 thoro

107 2339 263 2376 etatem
312 2334 581 2377 educandam
623 2336 858 2378 committit.
922 2336 1058 2384 Quam
1091 2336 1263 2378 obrem
1310 2335 1553 2389 neglectum

107 2392 322 2447 sanguinis
365 2393 580 2434 uinculum
612 2409 662 2436 ac
703 2394 773 2435 diu
818 2394 995 2436 funestis
1028 2394 1135 2436 odiis
1167 2395 1401 2435 laceratum
1434 2396 1553 2434 tanta

107 2450 342 2490 animorum
374 2450 618 2505 integritate
660 2452 867 2493 refectum
899 2456 985 2507 est,
1026 2457 1073 2494 ut
1104 2452 1219 2493 nulla
1250 2456 1447 2492 ueterum
1476 2451 1552 2492 ini-

107 2508 362 2549 miciciarum
396 2509 573 2561 macula,
605 2524 709 2565 quas
741 2510 810 2551 uel
841 2510 921 2565 ipsi
950 2511 1018 2551 uel
1055 2524 1199 2551 eorum
1231 2512 1427 2564 parentes
1458 2522 1553 2563 ges-

108 2565 272 2618 sissent,
303 2580 416 2608 noue
447 2568 661 2610 societatis
694 2567 885 2609 habitum
926 2568 1169 2610 infuscaret.
1231 2567 1421 2615 Quorum
1452 2566 1553 2608 ami-

109 2623 209 2666 cicia
240 2638 323 2680 quo
355 2624 538 2667 inuicem
569 2626 727 2681 purior,
758 2625 841 2668 hoc
871 2626 963 2682 regi
994 2625 1237 2682 suspeccior
1267 2624 1421 2669 extitit.
1469 2624 1554 2669 Sed

1610 1363 1636 1387 p.
1658 1354 1709 1381 703
