1884 3126
250 929 284 955 10

249 1217 284 1243 15

244 1504 281 1530 20

242 1793 279 1820 25

241 2368 278 2395 35

241 2654 277 2681 40

321 267 403 308 384
895 283 948 289 -
1009 258 1071 300 XI
1138 284 1188 288 ψ

322 392 528 449 gnissimis
560 388 738 430 decretis
770 387 978 428 adornare
1000 387 1213 429 studebat.
1265 387 1374 428 Nam
1399 401 1479 442 quo
1501 387 1758 430 cumulacio-

322 466 408 493 rem
441 450 498 490 eis
530 449 732 488 honorem
775 444 990 497 redderet,
1022 446 1284 487 literatorum
1324 445 1635 486 controuersias
1667 447 1757 487 uul-

322 508 433 562 garis
473 504 552 546 fori
593 502 838 545 condicione
881 508 1102 557 exemptas
1145 503 1196 544 ad
1246 502 1435 543 eiusdem
1485 502 1757 557 professionis

321 564 516 606 indicium
538 561 767 615 relegabat.
809 559 966 601 Iisdem
989 561 1204 614 religionis
1228 575 1334 612 reos,
1368 560 1534 601 obiecta
1553 561 1757 616 repellere

320 623 601 676 nequeuntes,
633 618 876 674 pecuniaria
909 618 1066 659 mulcta
1086 619 1325 673 puniendos
1347 618 1551 673 permisit.
1594 618 1756 666 Quibus

319 680 447 720 eciam
490 678 531 718 in
578 677 739 729 omnia,
786 690 868 730 que
916 675 1140 717 aduersum
1188 676 1333 717 diuina
1379 677 1755 731 committerentur,

318 734 695 778 animaduersionis
728 733 946 774 arbitrium
979 733 1164 785 tradidit,
1197 740 1454 790 cunctasque
1485 734 1661 777 huiusce
1684 749 1756 790 ge-

317 795 428 836 neris
459 794 650 834 acciones
681 791 931 833 sacerdotali
952 791 1107 832 iudicio
1142 792 1374 834 destinatas
1400 807 1424 832 a
1456 792 1624 847 publico
1661 792 1752 834 foro

318 851 511 902 secreuit,
542 865 596 891 ne
627 850 784 891 honore
806 849 988 903 impares
1011 849 1202 891 condicio
1227 855 1414 906 equaret.
1467 850 1753 898 Quamobrem

317 909 514 964 dignitati
535 907 702 963 pondus
725 906 892 961 adiecit,
925 906 1139 962 decusque
1160 909 1325 963 priuato
1347 908 1518 963 fastigio
1542 909 1753 950 excelsius

317 981 462 1008 eorum
493 965 700 1020 respectui
730 965 867 1006 inesse
901 965 1048 1006 uoluit.
1111 965 1207 1013 Quo
1241 966 1436 1008 effectum
1470 969 1552 1019 est,
1585 970 1634 1007 ut
1664 966 1751 1007 Da-

315 1039 467 1066 norum
497 1023 650 1064 nemini
680 1023 758 1063 nisi
789 1023 879 1077 regi
919 1027 992 1063 aut
1023 1024 1291 1077 pontificibus
1326 1025 1460 1079 eique,
1487 1025 1558 1078 qui
1587 1025 1753 1080 potissi-

314 1097 406 1124 mus
451 1082 570 1136 regni
619 1093 839 1122 successor
891 1080 1151 1131 aduertitur,
1203 1081 1448 1124 domesticis
1499 1079 1751 1138 quenlquam

314 1141 438 1183 liceat
459 1139 710 1186 accionibus
740 1138 967 1192 postulare.
1030 1138 1149 1179 Idem
1182 1141 1407 1194 populares
1440 1139 1580 1181 adhuc
1610 1155 1749 1183 sacro-

315 1213 406 1240 rum
437 1197 561 1238 rudes
585 1196 840 1237 decimarum
862 1196 1058 1250 religioni
1079 1196 1348 1239 assuefacere
1369 1197 1617 1240 conabatur.
1666 1198 1750 1240 Sed

316 1255 521 1311 propositi
560 1255 677 1295 irrita
717 1254 856 1295 suasio
896 1253 989 1295 fuit.
1060 1254 1226 1309 Quippe
1279 1254 1565 1297 maturitatem
1610 1269 1750 1297 rerum

317 1327 466 1368 capere
497 1312 657 1352 nouelli
690 1312 828 1352 cultus
860 1311 1100 1353 rudimenta
1132 1313 1378 1368 nequibant.

451 1370 620 1411 Interea
652 1369 794 1411 Sueno
827 1368 1137 1425 Roskyldensis
1169 1371 1313 1425 templi
1345 1370 1683 1424 edificacionem,
1725 1386 1750 1412 a

316 1428 547 1470 Wilhelmo
581 1431 759 1482 ceptam,
792 1441 922 1468 saxeo
955 1441 1081 1481 opere
1112 1434 1377 1482 prosecutus,
1409 1443 1526 1479 cum,
1558 1428 1747 1483 perfecto

311 1486 476 1537 sacello,
500 1486 610 1526 solas
634 1484 799 1526 locandi
820 1484 972 1540 pulpiti
1006 1486 1235 1538 angustias,
1268 1500 1349 1541 quo
1372 1487 1509 1528 minus
1532 1487 1746 1529 dedicacio

312 1549 614 1598 perageretur,
667 1543 835 1584 obstare
887 1544 1172 1598 conspiceret,
1221 1544 1425 1586 condendi
1473 1546 1561 1586 eius
1606 1545 1748 1599 gracia

312 1601 531 1643 Wilhelmi
575 1605 894 1642 monumentum
935 1601 1185 1654 summouit,
1232 1603 1481 1657 cineresque
1529 1603 1745 1644 mausoleo

313 1663 452 1700 erutos
484 1673 533 1700 eo
564 1659 659 1710 loci,
692 1659 762 1699 ubi
784 1672 895 1699 nunc
918 1659 1200 1713 acquiescunt,
1223 1659 1536 1702 transferendos
1569 1661 1743 1702 curauit.

311 1716 445 1759 Nocte
475 1717 615 1771 igitur,
647 1730 772 1771 quam
804 1716 1080 1758 dedicacionis
1103 1716 1192 1758 dies
1214 1717 1475 1759 insecuturus
1498 1718 1743 1774 putabatur,

310 1776 479 1817 sacriste
523 1775 730 1816 somnium
778 1774 958 1829 capienti
1003 1775 1172 1829 quidam
1219 1773 1461 1831 sacerldocii
1506 1776 1742 1831 insignibus

313 1833 535 1875 decoratus
565 1846 640 1887 per
671 1832 853 1887 quietem
884 1833 1088 1887 precepit,
1124 1832 1310 1874 Suenoni
1342 1833 1540 1875 sufficere
1572 1834 1742 1886 diceret,

312 1891 424 1946 quod
455 1890 495 1931 in
530 1889 819 1932 exedifieando
851 1890 1033 1931 sacrario
1060 1890 1275 1932 Wilhelmi
1307 1892 1385 1933 sibi
1417 1892 1566 1932 merita
1596 1890 1742 1933 uendi-

313 1953 446 1991 casset
477 1963 526 1990 ac
558 1948 693 2003 glorie
725 1962 799 1989 sue
830 1948 965 1990 alieno
1005 1948 1152 1990 labore
1191 1954 1354 2004 partam
1395 1955 1639 2003 arrogasset
1671 1949 1743 1989 im-

310 2020 499 2063 pensam,
531 2020 594 2057 ne,
628 2007 744 2047 cuius
776 2007 933 2047 famam
966 2011 1197 2061 aucupatus
1228 2006 1386 2058 fuisset,
1420 2009 1550 2049 eciam
1582 2008 1774 2062 cineres·

242 2081 258 2107 3
309 2065 606 2116 submoueret,
648 2077 803 2118 eosque
845 2076 869 2103 a
910 2064 1124 2105 karissimi
1164 2065 1274 2119 regis
1306 2079 1481 2120 corpore
1513 2069 1740 2120 separaret.

312 2122 439 2164 Cuius
461 2121 562 2162 facti
579 2135 707 2175 penas
731 2120 842 2162 haud
866 2121 992 2163 dubie
1014 2121 1068 2163 ab
1087 2121 1179 2176 ipso
1197 2122 1444 2164 uiolacioms
1464 2126 1646 2176 auctore,
1663 2123 1740 2163 nisi

309 2181 395 2221 uite
428 2179 516 2220 eius
547 2180 744 2220 sanctitas
768 2179 1012 2230 obstitisset,
1038 2179 1300 2234 expetendas
1331 2180 1481 2233 fuisse;
1506 2194 1614 2221 nunc
1638 2193 1739 2222 uero

309 2238 351 2278 in
381 2238 493 2292 ipsas
525 2237 693 2278 sacrarii
724 2240 863 2291 partes
894 2238 949 2278 ab
982 2251 1030 2278 eo
1063 2236 1252 2278 conditas
1283 2238 1580 2288 ulciscendum,
1611 2251 1741 2292 seque

311 2309 475 2337 omnem
519 2295 654 2350 operis
697 2296 785 2335 eius
828 2295 980 2335 molem
1022 2293 1212 2335 funditus
1252 2308 1514 2337 euersurum.
1575 2294 1740 2336 Monuit

309 2367 487 2408 quoque,
520 2353 667 2407 nequis
699 2367 820 2393 suum
848 2351 901 2393 de
933 2356 1073 2393 cetero
1106 2352 1315 2393 tumulum
1353 2357 1563 2395 attentare
1594 2366 1739 2407 presu-

309 2416 455 2463 meret,
486 2409 687 2465 prefatus,
718 2410 947 2460 neminem,
988 2410 1058 2464 qui
1089 2410 1248 2451 cineres
1280 2411 1368 2452 eius
1401 2412 1491 2452 loco
1535 2424 1611 2451 suo
1643 2410 1739 2451 sub-

308 2469 500 2520 mouerit,
530 2469 700 2522 impune
730 2468 928 2509 laturum.
969 2466 1135 2508 Deinde
1159 2468 1306 2509 baculo
1330 2471 1487 2509 tectum
1518 2468 1737 2523 impellere

307 2530 526 2581 totamque
555 2525 691 2579 operis
722 2525 877 2566 molem
909 2524 1074 2566 diruere
1117 2525 1248 2573 uisus,
1290 2526 1440 2567 somnii
1478 2526 1604 2567 fidem
1650 2525 1738 2566 edis

309 2583 471 2628 excidio
515 2582 817 2639 comprobauit.
879 2582 1046 2637 Quippe
1086 2583 1314 2624 sacrarium
1344 2587 1516 2638 repente
1558 2584 1612 2625 ab
1644 2582 1736 2623 imis

306 2640 673 2683 fundamentorum
720 2640 889 2682 sedibus
931 2639 1177 2682 conuulsum
1222 2640 1397 2695 excidit,
1439 2641 1631 2697 adeoque
1671 2655 1737 2682 res

1806 1091 1831 1116 p.
1854 1082 1884 1109 57

1797 1793 1824 1818 p.
1845 1784 1884 1812 57¹
