1884 3126
311 206 396 250 514
850 230 898 236 -
959 201 1100 248 111111
1140 228 1212 269 ,-

310 336 492 391 primum
525 347 731 390 excepere
771 334 973 388 sagittas,
1016 334 1189 389 propius
1222 333 1333 376 ferre
1373 347 1513 376 remos
1549 333 1641 375 ausi
1670 348 1752 376 non

310 398 417 435 sunt.
478 393 613 434 Paulo
654 396 750 446 post
791 392 1087 434 destrictorum
1118 392 1282 434 ensium
1313 393 1477 433 laminis
1525 405 1635 433 nunc
1666 406 1752 434 cer-

311 451 424 493 uices
464 465 582 502 suas,
623 464 733 491 nunc
764 454 884 491 scuta
925 450 1094 504 pulsare
1136 454 1360 504 ceperunt,
1394 450 1497 502 rati,
1529 463 1573 491 se
1603 450 1750 491 Danos

311 509 388 550 hoc
419 509 626 550 minarum
657 522 812 562 genere
845 508 1078 549 territuros.
1140 507 1382 562 Remigium
1415 507 1567 549 deinde
1599 521 1750 562 magno

309 567 503 607 clamoris
535 567 711 621 strepitu
750 565 961 620 prosecuti
1004 565 1225 606 horribiles
1268 565 1351 606 late
1394 579 1518 607 sonos
1552 565 1749 607 edebant.

309 623 392 664 Hic
423 637 590 678 quoque
622 637 848 678 procursus
884 623 1011 678 priori
1042 623 1267 678 persimilis
1300 623 1392 664 fuit.
1456 622 1602 664 Obuiis
1635 636 1749 664 nam-

309 695 389 736 que
422 682 643 722 Danorum
675 680 901 722 missilibus
933 680 1113 736 repulsi,
1147 681 1348 722 continuo
1384 681 1605 734 remigium
1637 685 1749 723 retu-

307 739 459 780 lerunt.
520 739 669 780 Tercic
703 743 750 779 ut
782 739 945 780 hostem
978 742 1184 793 apparatu
1215 742 1434 790 terrerent,
1467 736 1747 792 cont<r>actos

307 797 397 838 sole
430 798 600 852 clypeos
634 811 744 851 aqua
775 796 1056 851 perfundere,
1090 796 1356 851 genibusque
1388 796 1674 852 superpositos
1706 797 1748 837 in

238 867 274 892 10
304 867 450 908 pugne
481 869 602 896 usum
636 854 841 895 extricare
866 859 1079 908 ceperunt,
1112 854 1244 895 ueluti
1275 854 1561 895 indubitatum
1593 855 1748 896 nostris

237 1155 272 1182 15

234 1444 271 1471 20

231 2025 268 2051 30

229 2596 264 2623 40

307 913 486 967 prelium
526 912 695 954 illaturi.
769 912 826 952 At
865 916 954 952 tum
991 912 1182 964 demum,
1227 925 1300 953 seu
1343 912 1572 968 cupiditate
1615 911 1746 967 prede

307 985 380 1011 seu
422 971 463 1011 ui
506 970 682 1025 pudoris
725 970 911 1022 accensi,
959 969 1262 1012 uehemencius
1309 970 1480 1025 nauigia
1521 970 1745 1011 concitant.

308 1028 399 1076 Que
431 1029 592 1083 species
627 1033 672 1068 ut
703 1028 826 1068 inicio
859 1028 974 1077 acris,
1007 1028 1065 1068 ita
1099 1028 1216 1068 exitu
1248 1027 1383 1068 inanis
1415 1028 1623 1083 apparuit.
1667 1027 1746 1069 Te-

305 1086 440 1127 lorum
475 1087 585 1127 enim
617 1085 785 1126 obiectu
827 1086 943 1126 uelut
975 1089 1071 1126 ante
1114 1085 1323 1137 deterriti,
1365 1086 1565 1127 inuictam
1606 1086 1748 1140 pauci-

304 1145 402 1185 tatis
435 1143 719 1185 constanciam
754 1143 929 1184 ulterius
962 1144 1167 1184 lacessere
1200 1143 1472 1194 destiterunt,
1505 1156 1743 1199 quanquam

305 1201 523 1243 Danorum
542 1201 851 1256 prouocacione
867 1200 920 1241 ad
938 1201 1109 1242 modum
1128 1201 1203 1241 sibi
1226 1201 1420 1242 insultari
1438 1201 1744 1256 conspicerent.

442 1260 537 1301 Rex
571 1273 664 1299 cum
693 1259 748 1300 ad
779 1263 994 1313 aspectum
1028 1259 1162 1313 patrie
1190 1260 1466 1314 peruenisset,
1499 1258 1743 1301 concidente

304 1317 508 1372 paulatim
540 1321 682 1367 uento,
714 1321 799 1358 tam
831 1317 1048 1358 remissam
1083 1321 1123 1358 et
1146 1317 1390 1370 languidam
1422 1317 1745 1372 nauigacionem

304 1375 472 1428 agebat,
505 1380 562 1424 ut,
595 1389 837 1430 quanquam
869 1388 1075 1429 propasso
1109 1374 1203 1415 uelo
1237 1379 1439 1427 uteretur,
1466 1389 1516 1416 eo
1549 1372 1637 1415 fere
1663 1375 1743 1415 loci

306 1432 415 1474 diem
449 1434 725 1487 opperiretur,
759 1432 828 1472 ubi
862 1437 1028 1473 noctem
1064 1433 1276 1487 ingressus
1321 1432 1472 1474 fuerat.
1534 1432 1616 1473 Sed
1650 1446 1743 1473 cum

303 1490 508 1546 Zephyris
550 1490 819 1541 deficeretur,
860 1504 1103 1545 processum
1146 1504 1170 1531 a
1199 1491 1373 1545 remigio
1416 1494 1631 1532 mutuatus
1666 1494 1741 1532 est.

304 1547 494 1589 Tandem
527 1549 697 1589 obuiam
719 1547 872 1589 Eskilli
904 1553 1038 1589 ratem
1059 1548 1285 1602 ingressus,
1309 1548 1500 1590 Scaniam
1532 1548 1741 1603 repetiuit.

305 1604 387 1653 Qui
417 1606 644 1648 nouissime
686 1620 782 1647 eum
823 1606 1037 1660 prosecuti
1079 1605 1271 1658 fuerant,
1312 1606 1523 1648 Sialandie
1555 1606 1742 1662 partibus

303 1663 586 1706 aduehuntur.
647 1663 767 1704 Tunc
813 1664 964 1705 Petrus
1011 1664 1222 1715 Ranonis,
1269 1664 1602 1719 eloquentissimi
1646 1665 1739 1718 uiri,

252 1736 263 1760 .-
300 1721 536 1776 imperitam
567 1722 839 1763 calliditatem
871 1722 1042 1763 eludere
1078 1722 1267 1776 cupienS,
1308 1736 1393 1763 non
1423 1722 1560 1763 solum
1591 1736 1739 1775 nexos,

302 1779 377 1821 sed
418 1779 549 1820 eciam
585 1780 764 1834 remiges
806 1793 928 1832 suos,
972 1784 1018 1821 ut
1059 1779 1191 1833 prede
1232 1780 1414 1835 speciem
1455 1784 1654 1833 augeret,
1699 1781 1741 1820 in

301 1836 502 1878 eminenti
548 1838 706 1893 nauigii
753 1841 870 1892 parte
916 1837 1153 1889 constituit,
1203 1838 1467 1893 captiuorum
1514 1837 1739 1891 imaginem

301 1895 551 1950 prebituros.
597 1895 730 1943 Quem
765 1909 857 1936 cum
882 1895 1004 1937 Rano
1028 1895 1192 1936 liburna
1212 1901 1526 1950 pretereuntem
1559 1895 1738 1948 uideret,

301 1952 625 1995 ‹lissolueionem
655 1954 815 2007 nauigii
847 1953 1044 1994 simulare
1089 1952 1361 2006 desiderans,
1392 1953 1554 1994 sentina
1587 1967 1739 2008 aquam

300 2011 433 2064 egeri,
475 2011 687 2066 increpitis
729 2013 864 2053 acrius
908 2011 1155 2065 remigibus,
1197 2011 1328 2053 iubet.
1400 2011 1519 2052 Tunc
1551 2010 1738 2075 quodam

299 2068 595 2122 respondente,
630 2083 678 2110 eo
713 2069 851 2110 triduo
884 2070 1091 2110 sentinam
1125 2082 1235 2123 aqua
1265 2083 1466 2118 uacasse,
1510 2068 1605 2109 Non
1646 2068 1737 2121 rite,

298 2125 432 2179 inquit
475 2127 649 2179 Petrus,
691 2127 870 2181 remiges
903 2128 982 2179 tui,
1027 2127 1178 2191 quibus
1218 2131 1277 2169 te
1291 2127 1507 2182 iesponsis
1540 2126 1737 2191 excipere

300 2181 495 2235 debeant,
528 2184 694 2227 callent.
747 2184 864 2225 Tunc
886 2184 1021 2235 Rano,
1057 2184 1198 2240 paucis
1230 2185 1338 2225 intra
1370 2184 1486 2225 Petri
1517 2184 1736 2238 nauigium

299 2241 470 2295 remigio
505 2243 742 2296 occupatis,
784 2243 924 2284 ociose
962 2242 1192 2283 iuuentutis
1237 2242 1544 2283 multitudinem
1589 2246 1735 2283 exerto

252 2312 266 2336 ι’,
299 2299 432 2352 capite
479 2301 772 2355 conspicatus,
813 2300 988 2354 predam
1038 2299 1329 2352 existimabat,
1377 2299 1615 2354 quietisque
1659 2312 1734 2339 sue

298 2356 533 2408 penitencia
565 2364 797 2413 permotus,
827 2372 911 2399 non
932 2358 1122 2399 similiter
1153 2357 1244 2407 sibi,
1277 2361 1322 2398 111
1343 2357 1488 2407 Ρο110,
1518 2357 1732 2397 fortunam

299 2413 466 2455 affuisse
499 2415 678 2468 dicebat,
711 2415 835 2471 quod,
859 2415 1068 2469 naufragii
1099 2414 1285 2470 periculo
1317 2415 1628 2470 interpellante,
1660 2428 1734 2455 ex-

297 2471 524 2523 pedicionis
558 2487 698 2519 comes
730 2474 911 2515 existere
944 2474 1214 2528 nequiuisset.

432 2529 649 2573 Autumno
697 2546 773 2572 rex
815 2532 961 2572 crebra
1007 2530 1346 2572 Sialandensium
1390 2543 1437 2571 ac
1487 2529 1733 2582 Scanorum,

295 2598 388 2627 rara
429 2602 530 2629 uero
569 2589 801 2631 Iutensium
841 2602 967 2630 manu
1010 2589 1271 2645 prouinciam
1311 2587 1455 2629 Arcon
1501 2587 1593 2629 urbi
1637 2601 1734 2629 con-

1817 1287 1822 1293 .
1845 1267 1879 1293 Ἦ)
