1884 3126
40 619 56 645 5

20 906 56 934 10

19 1196 55 1223 15

17 1485 57 1513 20

20 1776 56 1804 25

21 2067 58 2095 30

22 2355 58 2384 35

24 2642 59 2672 40

626 270 679 276 —
740 247 877 289 XIIII
939 272 987 280 —-
1444 253 1521 294 621

87 373 347 428 quibuslibet
378 386 526 414 eorum
557 373 668 414 uotis
699 388 839 416 rerum
871 379 1067 417 naturam
1099 377 1248 418 cedere
1288 377 1524 433 compellat.

87 432 296 486 Suspecta
326 431 541 486 plerisque
571 433 786 486 responsio
819 432 911 475 fuit.
974 433 1080 475 Tum
1113 434 1234 488 duce,
1267 449 1394 490 quam
1425 449 1450 475 a
1480 449 1526 476 se

89 502 214 543 opem
244 503 414 543 sperare
437 489 602 542 debeat,
636 490 705 544 qui
738 491 845 531 tanti
867 491 1048 533 criminis
1071 492 1356 534 obieccionem
1378 493 1525 547 patriis

87 547 288 588 institutis
320 546 513 594 refellere
546 546 690 599 nollet,
721 548 881 589 arccius
913 550 1200 604 perquirente,
1232 550 1332 604 quid
1362 555 1525 605 ageret,

86 606 286 656 incertus,
304 603 550 658 aliquandiu
569 606 762 659 responsi
777 607 1092 648 cunctacionem
1109 607 1313 649 exhibuit.
1335 607 1524 650 Tandem

88 662 300 704 ulterioris
330 661 515 716 profugii
547 661 785 703 diffidencia
817 663 1042 717 adductus,
1074 665 1184 706 ultro
1216 679 1360 719 regem
1390 666 1526 707 aditu-

88 734 183 762 rum
214 734 259 761 se
289 719 408 771 dixit,
441 719 473 760 si
497 719 588 772 sibi,
622 733 913 776 quemcunque
945 736 1072 763 causa
1103 722 1260 763 exitum
1292 723 1525 774 sortiretur,

87 778 350 833 impunitatis
390 777 497 823 fides
538 776 721 819 daretur.
766 778 840 820 'In
883 779 999 820 cuius
1044 779 1195 821 fiducie
1232 781 1526 823 certitudinem

89 835 344 877 stabularius
385 835 619 890 sponsionis
663 850 741 877 sue*
775 837 926 891 pignus
965 836 1118 879 offerre
1159 838 1291 892 cepit,
1321 838 1525 893 prefatus,

89 893 257 949 capitali
299 893 470 935 crimine
510 892 720 935 damnatis
764 894 899 949 patrie
939 894 1047 948 legis
1091 895 1282 936 instituto
1315 896 1526 938 dilabendi

88 951 276 992 inducias
319 951 470 1003 tribui,
512 950 748 1007 iisdemque
779 966 801 993 e
831 952 1012 1006 uestigio
1057 953 1307 1008 supplicium
1338 955 1525 1009 irrogari,

88 1008 209 1050 nefas
249 1008 409 1051 haberi.
473 1009 568 1056 Qua
612 1008 794 1063 Magnus
835 1010 1055 1051 oblacione
1096 1014 1350 1065 contempta,
1394 1013 1526 1053 solam

87 1067 316 1109 Absalonis
346 1066 472 1107 fidem
503 1080 549 1107 se
571 1066 761 1121 pignoris
782 1068 875 1108 loco
898 1073 1166 1122 recepturum
1197 1070 1383 1110 asseruit.
1430 1071 1523 1117 Que

90 1139 183 1166 cum
215 1139 293 1166 rex
324 1139 378 1165 ex
411 1125 552 1177 legato
585 1130 836 1178 cognosset,
877 1126 1056 1180 epistola
1087 1126 1181 1166 duci
1212 1126 1412 1181 redditur,
1441 1140 1525 1182 qua

87 1182 246 1237 Magno
293 1183 372 1224 sub
418 1182 644 1223 Absalonis
695 1184 870 1224 obtentu
908 1184 914 1236 1
951 1183 1149 1224 ueniendi
1198 1183 1524 1240 discedendique

89 1245 279 1296 potestas
301 1240 572 1295 promittitur.
614 1239 709 1287 Quo
734 1241 886 1293 euenit,
908 1247 955 1282 ut
975 1241 1164 1283 Absalon
1187 1242 1300 1296 prius
1323 1242 1527 1297 Magnum

90 1298 280 1354 hospicio
315 1298 546 1353 exciperet,
579 1311 707 1352 quam
751 1299 881 1340 ullum
912 1299 1121 1340 aduentus
1153 1300 1242 1341 eius
1275 1301 1471 1341 nuncium
1503 1314 1528 1340 a

88 1370 187 1411 rege
222 1357 497 1412 sumpsisset,
529 1356 696 1408 literas,
729 1370 811 1411 que
841 1370 917 1411 pro
950 1356 1137 1398 eiusdem
1178 1359 1424 1412 recepcione
1455 1357 1526 1399 de-

90 1413 367 1465 stinabantur,
399 1415 526 1455 nimio
558 1414 847 1455 festinacionis
878 1414 1014 1456 studio
1046 1420 1374 1469 precurrentem.
1426 1415 1526 1463 Qui-

92 1473 168 1513 bus
198 1472 371 1514 tandem
401 1485 478 1527 per
509 1486 655 1526 regem
685 1472 914 1527 susceptis,
946 1472 1268 1514 sollicitudinem
1307 1473 1525 1528 improuisi

88 1530 265 1584 hospitis
316 1529 451 1585 plenis
502 1530 656 1571 fiducie
708 1530 923 1585 promissis
974 1529 1180 1572 discutere
1228 1544 1326 1572 cure
1367 1531 1525 1572 habuit.

90 1587 255 1636 Quibus
299 1594 467 1629 erectus
511 1588 693 1640 Magnus
739 1588 832 1643 plus
873 1588 963 1643 spei
1004 1588 1044 1629 in
1089 1588 1315 1629 Absalonis
1353 1589 1525 1641 auxilio,

84 1659 215 1700 quam
248 1651 385 1687 metus
416 1646 459 1690 in
490 1659 713 1687 suanoxa
735 1648 936 1701 reposuit.
985 1645 1080 1693 Quo
1106 1646 1259 1695 euenit,
1286 1651 1345 1698 ut,
1367 1647 1526 1687 maiore

90 1703 328 1746 formidinis
357 1708 478 1759 parte
511 1704 725 1759 deposita,
757 1705 927 1759 propria
958 1707 1149 1757 repetere
1169 1718 1262 1760 ‚non
1300 1703 1524 1754 dubitaret,

88 1762 422 1816 nauigacionem,
456 1777 537 1818 qua
559 1762 715 1803 Iutiam
736 1763 946 1816 petiturus
971 1766 1074 1815 erat,
1106 1761 1350 1803 necessariis
1380 1762 1524 1803 usibus

88 1819 384 1862 instructurus.
467 1819 636 1875 Quippe
688 1833 859 1861 causam
908 1819 1019 1874 apud
1070 1818 1337 1873 A[u]rusiam
1386 1819 1524 1860 dicere

88 1878 328 1919 iubebatur.
388 1876 554 1919 Verum
575 1878 652 1920 hoc
675 1878 915 1920 securitatis
946 1878 1075 1918 robur
1098 1878 1363 1932 deprehensa
1393 1889 1526 1919 secre-

89 1940 233 1977 torum
274 1936 366 1978 eius
406 1936 570 1990 legacio
613 1936 845 1991 quassauit.
917 1934 1132 1990 Siquidem
1170 1934 1287 1975 binas
1319 1934 1406 1976 eius
1440 1934 1524 1989 epi-

89 1993 233 2046 stolas,
255 1992 510 2049 prodicionis
535 1994 734 2036 mandata
749 1996 978 2048 gestantes,
1001 2006 1024 2033 a
1045 1992 1305 2047 publicorum
1329 1993 1525 2034 itinerum

90 2051 435 2093 obseruatoribus
479 2052 671 2107 intercipi
714 2051 903 2106 contigit.
966 2050 1081 2098 Quas
1123 2065 1215 2092 cum
1255 2050 1344 2104 regi
1376 2050 1524 2091 allatas

89 2110 143 2150 ab
174 2109 526 2151 intermeantibus
558 2113 761 2165 expertus
802 2109 978 2163 fuisset,
1009 2107 1244 2159 formulam,
1275 2122 1358 2163 qua
1389 2107 1525 2161 signa-

90 2166 199 2209 toria
228 2168 441 2218 utebatur,
472 2167 628 2222 proprii
650 2168 785 2209 scribe
807 2166 1069 2221 negligencia
1091 2166 1283 2207 amissam
1307 2165 1523 2219 confingit,

89 2224 215 2279 idque
256 2238 340 2266 non
380 2225 515 2269 solum
556 2226 666 2267 inter
698 2239 812 2278 SUOS,
844 2224 917 2266 sed
950 2224 1083 2265 eciam
1123 2224 1234 2279 apud
1266 2223 1524 2264 Absalonem

89 2282 359 2324 simulacione
405 2284 604 2338 prosequi
646 2283 828 2335 curauit,
870 2282 1109 2337 opinionem
1154 2294 1293 2323 serere
1341 2281 1523 2335 cupiens,

90 2339 347 2382 adulterinas
381 2341 578 2396 epistolas
605 2356 629 2382 a
651 2340 832 2381 form-ule
863 2339 1149 2394 repertoribus
1183 2338 1278 2380 odio
1311 2338 1374 2379 sui
1394 2337 1523 2378 fuisse

90 2398 359 2453 compositas.
383 2399 626 2454 Appetente
642 2413 768 2440 cause
783 2398 981 2439 diccionis
1000 2402 1203 2451 tempore,
1220 2396 1325 2437 binis
1346 2395 1523 2449 nauigiis

89 2456 332 2507 instructus,
356 2455 565 2498 Absaloni
582 2455 794 2498 Sialandie
813 2459 855 2496 et
871 2455 1020 2497 Scanie
1042 2454 1305 2509 magnatibus
1322 2454 1523 2494 comitato

91 2514 242 2555 obuius
274 2513 406 2556 affuit.
469 2514 563 2562 Quo
596 2513 722 2566 adito,
746 2514 1006 2555 consciencie
1029 2512 1206 2554 stimulis
1236 2515 1367 2562 actus,
1397 2511 1524 2564 trepi-

91 2571 311 2613 daeionem
340 2572 423 2613 fide
468 2573 669 2613 maiorem
700 2571 985 2626 preteriteque
1017 2571 1120 2611 uite·
1144 2568 1377 2610 fortitudini
1407 2568 1524 2608 inde-

90 2629 220 2672 bitam
263 2629 526 2683 exhibendo,
577 2629 704 2671 nullis
753 2643 797 2670 se
848 2627 1240 2681 exhortacionibus,
1282 2630 1329 2667 ut
1369 2625 1523 2668 Iutiam
