1884 3126
144 863 179 891 10

141 1163 175 1191 15

210 209 265 250 22
807 207 1055 249 —I-

348 333 472 376 Nunc
502 335 712 377 breuitate
742 348 927 390 premor,
958 349 1070 377 nunc
1099 335 1199 377 laxo
1232 335 1394 391 poplite
1425 336 1586 390 tendor,

349 391 525 434 Versilis
557 392 683 447 inque
713 407 850 435 nouos
881 393 1068 435 conuerti
1098 407 1219 435 cerea
1248 393 1403 435 uultus.

350 449 440 491 Nec
471 464 538 491 me
571 450 715 491 mirari
746 450 884 504 debet,
917 451 987 506 qui
1014 450 1169 492 Protea
1197 451 1330 493 nouit.

351 507 475 549 Nunc
505 508 660 563 premit
692 507 857 562 effusos,
891 507 1012 550 modo
1045 508 1208 550 clausos
1240 509 1375 550 exerit
1406 514 1520 551 artus

351 564 507 606 Forma
538 565 641 607 situs
676 565 835 607 incerta
867 566 931 607 sui
961 566 1203 621 speciesque
1233 566 1435 620 biformis,

353 622 445 671 Que
466 636 577 664 nunc
599 623 791 675 extricat,
823 637 934 665 nunc
955 623 1145 665 membra
1165 623 1350 666 reuoluit
1374 624 1417 665 in
1439 625 1595 667 orbem.

352 679 495 722 Exero
527 684 758 731 contractos
789 685 917 730 artus,
949 686 1171 736 tensosque
1202 681 1378 723 subinde

349 737 553 792 Corrugo,
585 739 752 780 uultum
782 738 927 781 formis
957 739 1114 793 partita
1143 739 1347 794 gemellis,

350 794 408 836 Et
439 799 569 837 sortes
601 796 823 851 complexa
854 796 981 850 duas,
1013 797 1171 838 maiore
1201 797 1359 838 feroces

354 852 530 906 Territo,
562 854 809 895 concubitus
840 854 1056 895 hominum
1086 853 1279 896 breuiore
1310 868 1493 910 capesso.

346 922 427 964 His
458 923 627 964 assertis
659 922 850 978 Hadingi
892 923 1115 966 concubitu
1144 924 1300 979 potita,
1343 927 1461 966 tanto
1491 925 1654 968 iuuenis

210 994 352 1022 amore
383 981 603 1035 flagrauit,
647 985 715 1034 ut,
759 995 854 1023 cum
897 995 993 1023 eum
1036 981 1257 1023 reuisende
1286 983 1423 1037 patrie
1455 983 1654 1038 cupidum

211 1039 494 1094 comperisset,
516 1039 628 1080 uirili
650 1053 768 1081 more
791 1039 904 1081 culta
924 1039 1121 1095 prosequi
1140 1053 1227 1080 non
1248 1039 1475 1093 dubitaret,
1502 1040 1654 1083 labori-

210 1096 371 1151 busque
402 1097 491 1138 eius
521 1111 569 1138 ac
600 1097 797 1152 periculis
828 1097 1028 1139 interesse
1070 1097 1299 1152 uoluptatis
1340 1098 1435 1139 loco
1467 1097 1652 1142 duceret.

211 1154 302 1203 Quo
333 1155 500 1207 comite,
532 1159 773 1210 susceptum
804 1155 884 1196 iter
914 1156 1127 1209 ingressa,
1165 1155 1387 1209 penatibus
1417 1155 1530 1198 forte
1559 1171 1652 1212 per-

209 1216 433 1254 noctatura
464 1212 671 1263 succedit,
716 1226 893 1267 quorum
925 1212 1113 1254 defuncti
1142 1211 1319 1267 hospitis
1355 1213 1480 1254 funus
1510 1215 1652 1257 mestis

210 1269 442 1312 ducebatur
474 1270 678 1325 exequiis.
724 1269 810 1312 Vbi
836 1270 999 1325 magice
1031 1270 1331 1326 speculacionis
1364 1271 1501 1313 officio
1532 1286 1651 1327 supe-

209 1342 303 1369 rum
334 1331 519 1370 mentem
561 1328 706 1370 rimari
738 1329 931 1384 cupiens,
974 1328 1074 1370 diris
1104 1327 1158 1369 ad
1188 1328 1362 1370 modum
1398 1329 1652 1372 carminibus

206 1386 320 1441 ligno
353 1385 596 1441 insculptis,
640 1385 871 1442 iisdemque
902 1387 1045 1441 lingue
1076 1385 1262 1427 defuncti
1298 1400 1373 1441 per
1401 1386 1650 1442 Hadingum

136 1453 173 1480 20
205 1443 446 1500 suppositis,
477 1443 556 1485 hac
589 1458 693 1486 uoce
723 1458 820 1486 eum
847 1443 1106 1486 horrendum
1133 1443 1305 1486 auribus
1326 1458 1495 1487 carmen
1525 1445 1650 1488 edere

136 1798 173 1826 25

136 2087 172 2115 30

132 2377 170 2406 35

209 1515 280 1544 coe
313 1502 357 1544 it.

282 1515 311 1557 g
346 1559 548 1615 Sequitur
579 1573 747 1602 carmen
777 1560 941 1615 magice
972 1559 1153 1601 editum:

342 1628 498 1671 Inferis
529 1642 596 1671 me
628 1629 699 1684 qui
729 1629 931 1682 retraxit,¹
954 1627 1215 1671 execrandus
1245 1632 1418 1684 oppetat

345 1686 610 1742 Tartaroque
641 1687 834 1729 deuocati
864 1687 1032 1743 spiritus
1062 1700 1192 1742 penas
1224 1686 1325 1728 luat.

343 1778 542 1834 Quisquis
574 1778 627 1820 ab
658 1779 825 1821 inferna
854 1779 952 1821 sede
983 1779 1197 1821 reuocauit

342 1836 412 1878 Me
443 1836 635 1878 functum
663 1836 761 1879 fatis
793 1837 1128 1892 exanimemque,

342 1893 407 1936 Ac
438 1908 605 1936 rursum
636 1909 810 1950 superas
841 1895 927 1950 egit
958 1895 1000 1936 in
1030 1908 1167 1948 auras,

341 1951 428 1993 Sub
461 1950 592 2007 Styge
623 1952 771 1995 liuenti
801 1953 988 1995 tristibus
1016 1951 1176 1994 umbris

339 2009 562 2051 Persoluat
591 2011 760 2066 proprio
791 2009 938 2052 funere
968 2023 1112 2065 penas.

339 2066 407 2108 En
436 2071 578 2123 preter
607 2068 810 2123 placitum
840 2069 1188 2125 propositumque

339 2125 531 2174 Quedam
561 2130 686 2180 grata
715 2140 866 2182 parum
895 2140 1091 2182 promere
1122 2140 1262 2181 cogor.

337 2181 408 2224 Ex
437 2183 516 2225 hac
545 2197 728 2239 namque
759 2183 911 2240 pedem
942 2184 1040 2226 sede
1071 2183 1255 2226 ferentes

336 2239 581 2296 Angustum
610 2242 792 2284 nemoris
823 2241 1135 2296 aduenie[n]tis,

338 2298 503 2340 Passim
533 2298 779 2342 demonibus
809 2299 942 2356 preda
972 2299 1116 2342 futuri.

338 2355 459 2398 Tunc
489 2370 570 2412 que
600 2361 744 2399 nostra
774 2358 878 2400 chao
907 2357 998 2400 fata
1026 2357 1210 2411 reduxit,

338 2413 395 2456 Et
428 2413 545 2456 dedit
574 2413 653 2456 hoc
683 2429 850 2457 rursum
879 2415 1015 2458 uisere
1046 2415 1203 2470 lumen,

340 2471 448 2514 Mire
478 2473 686 2527 corporeis
715 2474 894 2519 nexibus
923 2473 1070 2516 indens

339 2529 488 2573 Manes
518 2530 676 2573 elicitos
706 2530 982 2586 sollicitando,

345 2587 471 2638 Quod
499 2588 591 2631 nisa
620 2592 683 2631 est
713 2592 886 2644 temere,
916 2589 1034 2633 flebit
1062 2589 1226 2633 acerbe.

1685 526 1709 551 p.
1731 517 1763 544 38

1677 1649 1760 1678 Vlla
