1884 3126
119 873 152 901 10

118 1162 150 1189 15

112 1452 149 1480 20

743 234 799 243 ——
857 210 970 255 VIII
1028 237 1083 244 --
1549 217 1631 260 259

186 336 397 379 bellorum
427 337 590 394 premia
609 343 910 393 perceperunt.
956 339 1237 384 Aduenerant
1269 346 1311 384 et
1341 343 1441 386 editi
1466 343 1631 387 Gandal

185 409 314 448 sene,
360 409 465 451 quos
506 396 688 438 Haraldi
731 397 961 440 familiares
1008 398 1200 442 clientela
1244 406 1368 443 uetus
1417 402 1629 445 effecerat.

186 453 323 508 Igitur
354 454 551 509 frequens
588 454 753 496 Danica
794 456 926 497 classe
962 457 1139 512 pelagus
1183 458 1438 501 Sialandiain
1481 460 1629 503 Scanie

185 512 318 553 ueluti
350 513 544 555 intersito
567 517 700 568 ponte
734 514 996 555 committere
1028 515 1267 559 uidebatur.
1312 517 1427 565 Quas
1460 518 1628 574 quidem

185 571 423 626 prouincias
473 571 727 613 intermeare
781 573 1044 627 cupientibus
1095 575 1409 628 confertissimo
1456 577 1628 618 nauium

187 629 316 684 globo
348 629 548 685 pedestre
571 629 871 685 compendium
896 631 1140 674 exhibebat.
1193 632 1275 673 Sed
1300 647 1351 675 ne
1383 635 1628 689 improuidis

185 687 342 728 bellum
385 686 626 729 sueonibus
662 693 906 742 pararetur,
948 689 1171 730 mittuntur
1211 690 1263 732 ab
1305 691 1518 746 Haraldo,
1559 694 1627 749 qui

186 745 370 800 Ringoni
398 746 540 801 palam
572 746 886 788 inimiciciarum
910 747 1109 788 mandata
1139 749 1377 803 perferrent
1409 751 1626 807 ipsamque

186 810 409 859 sequestre
454 805 571 860 pacis
617 804 902 860 direpcionem
951 806 1192 859 uulgarent.
1267 807 1443 848 Hisdem
1487 823 1627 864 pugne

183 862 320 903 locum
344 863 596 917 prestituere
626 863 800 905 iussum.
853 863 989 918 Igitur
1013 864 1083 919 qui
1106 863 1294 906 Haraldo
1329 866 1624 922 militauerant,

184 920 226 961 hi
256 920 389 974 fuere,
422 934 528 976 quos
561 921 686 963 edidi.

320 978 380 1020 At
402 993 457 1020 ex
478 984 599 1035 parte
621 979 831 1033 Ringonis
855 984 1154 1034 computantur
1175 979 1262 1032 Vlf,
1287 981 1411 1036 Aqgi,
1434 981 1625 1038 VVindar,

182 1035 277 1092 Eyil
307 1040 312 1083 l
338 1038 495 1090 luscus,
528 1037 676 1090 Gotar,
715 1038 847 1092 Hildi,
881 1038 996 1092 Gruti,
1038 1037 1116 1079 Alf
1143 1043 1263 1093 patre
1304 1039 1484 1093 genitus,
1524 1041 1624 1082 Stur

182 1096 395 1148 robustus,
429 1094 544 1146 Sten,
579 1095 791 1137 Wieuice
812 1097 977 1151 paludis
1010 1097 1167 1137 accola.
1236 1096 1514 1151 Applicantur
1545 1098 1625 1139 his-

183 1152 277 1193 dem
310 1153 441 1195 (eierth
475 1154 626 1203 alacer,
659 1153 840 1195 Gromer
872 1154 1122 1195 Wermicus.
1184 1154 1289 1195 Post
1321 1169 1426 1210 quos
1459 1162 1624 1211 septen-

182 1211 373 1252 trionalis
405 1211 532 1253 Albie
570 1211 732 1253 finitimi
764 1218 1074 1267 supputantur,
1108 1212 1239 1262 Saxo,
1282 1208 1413 1254 Fletir
1455 1219 1495 1255 et
1526 1214 1624 1267 sali,

181 1268 368 1320 Gothus,
406 1269 551 1311 Thord
600 1270 897 1323 nutabundus,
940 1269 1164 1311 Throndar
1203 1275 1399 1324 nasutus,
1448 1271 1623 1326 Grundi,

183 1325 308 1380 Othi,
350 1326 556 1376 Grinder,
596 1327 726 1382 Toui,
774 1328 887 1381 (3011,
933 1327 1136 1383 Byarehi,
1179 1327 1323 1382 Hogni
1368 1329 1625 1383 ingeniosuS,

181 1385 329 1426 Rokar
350 1385 507 1427 fuscus.
564 1385 623 1427 Hi
654 1386 882 1442 siquidem,
916 1386 1195 1427 multitudinis
1228 1387 1452 1440 collegium
1484 1402 1623 1443 asper-

181 1443 291 1496 nati,
338 1444 379 1485 in
419 1458 545 1485 unam
599 1459 643 1486 se
684 1445 816 1487 aciem
860 1459 884 1485 a
925 1449 1066 1485 cetera
1117 1445 1291 1486 cohorte
1340 1451 1623 1489 secreuerant.

181 1500 330 1542 Preter-
362 1502 439 1544 hos
473 1502 608 1557 Rani,
652 1504 719 1544 cui
753 1502 868 1558 Hyld
903 1507 1022 1557 pater
1066 1507 1177 1553 erat,
1222 1506 1263 1543 et
1294 1502 1435 1558 Lyuth
1478 1504 1622 1556 Guthj,

181 1558 323 1601 Sueno
356 1555 525 1616 quoque
558 1575 742 1616 superne
777 1566 945 1607 tonsus,
976 1558 1292 1615 <Soknarsoti>,
1326 1561 1487 1616 Rethyr
1518 1562 1623 1603 acci-

179 1617 290 1672 piter
323 1625 365 1660 et
402 1618 504 1661 Rolf
540 1619 714 1660 uxorius
754 1622 1037 1660 numerantur.
1109 1617 1270 1666 Quibus
1312 1619 1620 1673 conglobantur

179 1676 292 1730 Ring
324 1676 483 1732 Athyle
515 1677 624 1718 filius
659 1677 956 1732 Haraldusque
989 1677 1174 1717 Thotlmi
1207 1675 1343 1717 editus
1374 1677 1479 1718 uico,
1540 1676 1619 1719 His

109 1742 147 1769 25
178 1739 465 1776 annectuntur
496 1735 692 1777 Walsten
726 1733 971 1791 Wiloensis,
1004 1733 1186 1776 Thorulf
1212 1735 1396 1789 spissus,
1438 1735 1619 1789 Thongil

109 2034 146 2061 30

107 2323 144 2350 35

104 2615 142 2645 40

178 1805 392 1847 procerus,
426 1793 542 1844 Hun,
577 1793 727 1845 Solwe,
759 1794 900 1835 Birwil
929 1792 1122 1849 pallidus,
1155 1792 1319 1846 Bur-gar
1341 1796 1381 1833 et
1403 1791 1618 1835 Scumbar.

179 1851 236 1891 At
268 1864 290 1891 e
322 1850 644 1893 Thelemarchia
665 1852 883 1894 fortissimi
914 1854 1133 1903 uenerant,
1166 1850 1315 1905 quibus
1338 1850 1462 1890 animi
1494 1851 1619 1904 pluri-

177 1923 315 1961 mum,
348 1908 484 1951 fastus
516 1910 732 1952 minimum
765 1915 876 1962 erat,
908 1908 1143 1950 Thorleuar
1174 1908 1391 1963 pertinax,
1429 1907 1618 1949 Thorkill

181 1966 369 2009 Guticus.
401 1967 543 2010 Gretir
574 1969 740 2022 iniquus
766 1969 1136 2022 irrupciouumque
1168 1965 1331 2007 auidus.
1376 1966 1454 2007 His
1476 1980 1617 2008 succe-

178 2024 283 2065 dunt
316 2025 483 2067 Haddir
504 2026 633 2068 durus
668 2031 709 2068 et
739 2026 901 2068 Roldar
933 2025 1145 2066 articulus.
1198 2023 1233 2064 E
1267 2023 1482 2078 Noruagia
1516 2038 1616 2066 uero

177 2084 711 2138 memoranturyThronder
732 2084 954 2137 Thi-onski,
986 2082 1128 2124 Thoki
1159 2082 1356 2133 Moricus,
1388 2081 1497 2122 Rafn
1522 2095 1616 2122 can-

177 2139 312 2194 didus,
354 2141 552 2196 Hafwar,
594 2142 750 2193 Biarni‚
786 2143 931 2184 Blihar
972 2146 1251 2195 cognomento
1296 2139 1445 2190 Simus,
1485 2139 1613 2180 Biorn

178 2212 201 2239 e
234 2199 324 2239 uico
357 2198 528 2254 Soghni,
561 2200 719 2242 Findar
742 2201 948 2242 maritimo
981 2199 1149 2253 genitus
1171 2198 1274 2248 sinu,
1307 2197 1425 2238 Bersi
1447 2211 1613 2252 quoque

177 2256 287 2311 apud
321 2256 427 2298 Falu
450 2258 653 2313 oppidum
686 2263 865 2309 creatus,
896 2255 1113 2313 Syuardus
1136 2255 1268 2296 uerris
1301 2259 1435 2309 caput,
1468 2254 1613 2295 Ericus

173 2313 401 2365 fabulator,
430 2315 434 2368 Ι
461 2314 789 2371 <H>ol<m>sten,
822 2315 980 2366 Hwiti,
1011 2314 1200 2362 Ruthar,
1232 2313 1372 2365 Rawi,
1407 2312 1612 2365 Erlingar,

176 2372 241 2412 cui
275 2371 461 2414 Colubra
494 2380 822 2429 cognomentum
856 2377 957 2415 erat.
1018 2372 1076 2413 At
1108 2386 1129 2412 e
1160 2370 1364 2411 Yathrica
1394 2370 1613 2425 prouincia

175 2429 370 2484 prodiere
413 2430 480 2473 Od
511 2432 699 2487 Anglus,
740 2432 816 2473 Alf
848 2431 1127 2484 multiuagus,
1165 2428 1278 2470 Enar
1318 2428 1611 2482 protuberans,

174 2486 440 2544 Ywarusque
474 2491 798 2544 cognominatus
820 2489 1037 2530 Thruwar.
1091 2486 1132 2527 A
1157 2485 1261 2541 Tyle
1294 2490 1434 2526 autem
1458 2499 1611 2526 uenere

173 2544 268 2587 Mar
298 2546 465 2599 Ruffus,
497 2562 544 2590 eo
573 2548 769 2590 uidelicet
800 2561 924 2603 pago,
958 2545 1027 2600 qui
1050 2542 1274 2586 Mithfz'rthi
1302 2543 1462 2595 dicitur,
1495 2548 1611 2584 ortus

173 2602 476 2660 educatusque,
520 2605 728 2648 Grombar
760 2619 958 2658 annosuS‚
999 2602 1125 2644 Gram
1156 2600 1461 2650 BrundelucuS,
1495 2601 1612 2642 Grim

278 2674 283 2677 '
1408 2666 1476 2705 17*

1683 1055 1710 1081 p.
1729 1047 1778 1075 381

1674 1747 1701 1772 p.
1721 1738 1772 1766 ³82

1666 2331 1694 2357 p.
1713 2324 1764 2350 383
