1884 3126
246 896 276 923 10

242 1187 275 1214 15

239 1475 276 1503 20

235 2054 272 2083 30

239 2342 274 2369 35

310 245 392 286 486
846 261 895 266 --
957 236 1097 278 XIIII
1158 261 1211 266 —-

309 371 400 412 fuit.
461 367 548 410 Iter
579 368 703 421 enim,
737 366 850 421 quod
881 365 1102 406 semenstri
1134 365 1276 419 spacio
1309 363 1528 405 uenientes
1563 362 1753 404 confece-

309 433 415 480 rant,
448 425 587 467 triduo
620 425 801 465 remensi
833 428 953 475 sunt,
986 422 1119 464 multa
1153 426 1246 477 post
1278 436 1322 463 se
1355 435 1487 461 onera
1518 417 1750 475 multaque}

308 484 607 540 impedimenta
630 482 757 523 nimia
775 480 1060 523 festinacionis
1083 480 1280 535 cupidine
1302 479 1602 534 relinquentes.
1633 478 1753 519 'runc

310 556 504 584 reuersus
537 539 785 581 Hesbernus
824 538 984 580 Kanuti
1017 539 1366 593 expectacionem
1409 536 1582 577 summis
1624 536 1753 577 ambi-

309 599 483 654 guitatis
502 598 612 639 curis
634 597 877 652 implicitam
896 600 1010 638 certo
1033 610 1172 637 rerum
1195 596 1346 637 nuncio
1369 594 1568 636 absoluit.
1610 594 1752 635 Paruo

308 661 404 713 post
426 662 615 711 tempore
647 656 691 696 ui
714 655 906 696 Sclauica
927 659 1045 695 tanta
1077 654 1187 708 apud
1212 654 1404 695 Fioniam
1433 652 1572 694 clades
1595 651 1752 702 incidit,

308 719 367 768 ut,
401 715 434 755 si
465 713 693 756 secundam
727 713 825 753 huic
856 712 1035 753 similem
1058 712 1305 767 accepisset,
1340 710 1454 751 cultu
1476 724 1612 752 uacua
1637 724 1753 751 man-

308 773 446 826 sisset,
477 784 628 826 resque
660 770 747 812 eius
778 784 863 811 non
886 770 1039 811 afflicte
1071 769 1211 820 modo,
1245 783 1392 810 uerum
1425 769 1555 810 eciam
1588 768 1752 823 perdite

308 830 498 872 fuissent.
561 831 620 870 At
653 828 818 879 Sueno,
851 842 934 869 non
970 831 1190 869 contentus
1222 826 1353 868 semel
1384 826 1624 868 Saxonibus
1655 840 1752 882 sup-

306 888 498 943 plicasse,
532 887 684 928 iterato
708 885 761 926 ad
784 886 1017 927 Henricum
1041 885 1239 938 decurrit,
1272 898 1434 940 perque
1457 884 1632 926 Sclauos
1664 885 1753 926 eius

307 946 459 987 dicioni
490 948 687 1000 parentes
719 944 761 985 in
792 944 973 999 patriam
1003 957 1047 984 se
1068 943 1248 998 peruehi
1279 943 1512 984 laborabat.
1562 942 1752 991 Quorum

307 1005 441 1046 classe
493 1003 721 1044 translatus
773 1003 814 1043 in
866 1002 1079 1054 Fioniam,
1131 1001 1226 1042 letis
1272 1001 1458 1055 ciuibus,
1505 1001 1557 1041 ad
1605 1000 1752 1042 urbem

307 1061 496 1103 Othenas
540 1075 584 1102 se
629 1060 825 1113 contulit,
868 1061 1046 1102 salutem
1087 1074 1205 1101 suam
1237 1059 1466 1101 aduersum
1504 1060 1752 1101 innumeros

306 1133 538 1174 paucorum
568 1118 753 1174 presidio
787 1117 1049 1159 defensurus.
1114 1116 1198 1158 Sed
1231 1122 1272 1158 et
1303 1131 1390 1170 pax
1427 1117 1752 1172 immunitasque

305 1191 381 1232 per
413 1177 588 1219 Sclauos
621 1177 709 1217 eius
741 1175 981 1231 fautoribus
1026 1176 1246 1231 promissa.
1307 1175 1464 1230 Igitur,
1497 1176 1588 1217 siue
1618 1175 1751 1230 impe·

306 1235 455 1276 trande
502 1235 616 1290 pacis
641 1235 655 1286 Η
679 1234 769 1276 siue
813 1233 1104 1290 amplectende
1151 1233 1380 1275 maiestatis
1411 1234 1587 1284 intuitu,
1631 1237 1751 1274 tanta

308 1293 451 1334 tuendi
495 1292 744 1347 colendique
784 1292 871 1333 eius
913 1291 1023 1346 apud
1056 1291 1270 1333 insulanos
1313 1305 1413 1333 cura
1445 1291 1664 1347 flagrauit,
1705 1294 1752 1332 ut

306 1351 461 1407 passim
493 1350 546 1391 ad
586 1351 718 1405 ipsius
758 1350 989 1405 presidium
1033 1349 1218 1390 uirorum
1260 1349 1596 1404 feminarumque
1627 1349 1751 1390 turba

308 1413 596 1459 concurreret,
644 1409 866 1462 egregium
910 1408 1223 1462 reputancium,
1272 1408 1498 1449 aduersum
1546 1422 1637 1459 eos,
1682 1407 1751 1462 qui

307 1481 446 1508 rerum
471 1481 635 1508 summa
657 1467 907 1521 potirentur,
931 1465 1153 1506 infractam
1176 1467 1287 1520 regis
1310 1479 1506 1520 reparare
1522 1465 1749 1507 fortunam.

306 1523 373 1566 Ad
416 1524 524 1566 hanc
565 1522 949 1578 (labefactandam)
990 1538 1083 1565 cum
1123 1522 1296 1565 Kanuto
1338 1523 1640 1565 W'aldemarus
1680 1523 1750 1564 ad-

306 1596 478 1623 uersum
510 1582 704 1623 Fioniam
746 1587 859 1623 terra
891 1582 1080 1636 marique
1123 1586 1283 1623 ceteras
1325 1583 1445 1637 regni
1478 1583 1621 1636 copias
1653 1596 1750 1623 con-

306 1644 489 1682 traxere.
534 1639 724 1688 Quarum
748 1640 1018 1681 multitudine
1040 1639 1163 1680 facile
1184 1639 1471 1682 Fioniensium
1493 1640 1751 1695 paucitatem

307 1699 641 1752 oppressissent,
672 1698 751 1739 nisi
784 1697 1107 1750 waldemarus,
1149 1698 1427 1740 miseracione
1466 1698 1750 1752 reliquiarum,

237 1764 253 1790 2
305 1755 471 1797 afflictis
511 1755 649 1797 insule
692 1755 815 1797 rebus
857 1755 1114 1810 parcendum
1153 1759 1369 1810 putasset,
1411 1770 1464 1797 ne
1506 1760 1602 1811 post
1638 1769 1750 1796 noue

305 1813 434 1855 cladis
456 1814 741 1855 calamitatem
771 1814 917 1869 populi
941 1813 1156 1855 residuum
1182 1814 1472 1855 exhauriendo
1495 1814 1589 1869 plus
1613 1814 1748 1868 patrie

306 1885 430 1926 quam
473 1871 586 1912 hosti
632 1869 840 1927 nolcuisse
887 1871 1117 1912 uideretur.
1194 1872 1346 1927 Itaque
1394 1872 1579 1912 emulum
1628 1869 1748 1913 cum*

304 1929 490 1984 pernicie
529 1930 712 1971 tolerare
757 1943 881 1984 quam
924 1929 1062 1971 debile
1105 1930 1239 1984 patrie
1279 1930 1514 1971 membrum
1547 1944 1749 1985 quassare

304 1988 441 2028 sacius
473 1991 603 2040 ratus,
636 1987 958 2042 expedicionem
1002 1987 1054 2028 ad
1089 1987 1308 2029 consilium
1350 1988 1576 2029 transtulit.
1638 1987 1749 2029 Nam

302 2048 475 2086 auctore
520 2059 571 2087 eo
619 2058 684 2086 res
730 2046 773 2086 in
820 2045 1077 2101 colloquium
1123 2059 1270 2098 uerse,
1312 2045 1658 2101 condictumque,
1705 2051 1749 2087 ut

307 2102 447 2145 Sueno
482 2117 575 2144 cum
606 2104 810 2158 asscripta
854 2103 933 2145 sibi
975 2102 1170 2144 clientela
1200 2103 1451 2145 Lalandiam
1484 2104 1748 2158 concederet,

303 2161 444 2216 ibique
475 2175 608 2217 prope
631 2161 802 2202 modum
836 2161 1049 2203 solitarius
1082 2161 1269 2215 degeret,
1301 2162 1440 2217 quoad
1473 2163 1581 2204 inter
1612 2163 1748 2218 ipsum

305 2224 346 2260 et
378 2218 506 2262 duces
539 2219 592 2262 de
625 2233 728 2273 pace
751 2219 919 2273 plenius
952 2219 1209 2262 conueniret.
1251 2220 1333 2261 Die
1364 2224 1533 2275 postero
1558 2220 1745 2263 Othenas

304 2276 476 2318 lauandi
522 2278 666 2331 gracia
711 2282 932 2332 repetens,
979 2276 1153 2318 Kanuto
1200 2279 1253 2319 ob
1300 2278 1545 2319 insidiarum
1588 2284 1746 2320 metum

305 2333 455 2377 balnea
487 2335 801 2377 communicare
831 2350 913 2377 non
946 2348 1064 2384 ause,
1096 2349 1120 2376 a
1144 2334 1357 2390 Suenone,
1393 2337 1482 2377 eius
1514 2337 1746 2379 amiciciam

307 2392 539 2443 ambiente,
574 2393 693 2435 elatis
726 2393 897 2434 obuiam
929 2392 1084 2445 sacris,
1127 2393 1331 2447 religione
1362 2395 1643 2448 processionis
1676 2408 1747 2436 ex-

307 2449 468 2503 cipitur.
495 2490 496 2495 ,
528 2451 579 2492 In
609 2450 766 2492 Albani
799 2450 951 2492 deinde
983 2450 1104 2492 edem
1137 2451 1189 2491 ab
1215 2452 1306 2505 ipso
1339 2451 1605 2507 perducitur,
1638 2453 1746 2494 arbi-

307 2510 465 2548 trorum
506 2509 672 2550 nemine
713 2513 857 2564 preter
898 2508 1155 2550 Absalonem
1196 2509 1393 2551 admisso.
1455 2509 1563 2551 Tum
1605 2509 1746 2552 Sueno

309 2563 416 2604 intra
443 2566 646 2607 *sacellum
677 2563 878 2616 residens,
909 2566 1086 2607 Sinistra
1115 2567 1251 2616 michi,
1284 2567 1430 2622 inquit,
1462 2568 1544 2608 iam
1567 2568 1745 2622 pridem,

240 2632 276 2664 40
308 2620 591 2684 Waldemare,
622 2624 793 2670 fortuna
809 2642 819 2674 χ
838 2626 1099 2670 consorcium
1144 2630 1214 2669 tue
1245 2618 1549 2669 'familiaritatis
1582 2626 1744 2684 inuidit,

1808 496 1832 520 p.
1851 487 1881 513 71

1805 1234 1882 1270 [2373

1803 1893 1830 1917 p,
1848 1885 1879 1911 71

1770 1941 1884 1970 CXLI]
