1884 3126
59 886 94 913 10

64 1174 94 1202 15

59 1464 93 1491 ‘20

55 1752 93 1779 25

689 251 743 257 -—
803 227 889 270 XV
949 251 1002 258 -—
1483 228 1565 270 643

125 352 321 403 adactus,
354 352 447 394 loco
482 354 671 408 palustri,
701 355 995 408 ignorantibus
1031 355 1165 404 sociis,
1198 369 1404 397 concursu
1435 369 1568 410 popu-

123 412 271 452 larium
299 411 564 452 interficitur.
607 412 673 452 lta
695 414 886 454 Abs-alon
908 414 1139 467 agrestium
1161 415 1360 468 impetum
1392 414 1565 454 elusisse

126 473 375 522 contentus,
418 469 534 510 nullo
574 469 784 511 hostiliter
826 471 1091 523 imminente,
1124 470 1298 512 liberum
1335 469 1566 525 repetende

125 527 240 568 urbis
272 527 354 567 iter
386 526 544 575 habuit,
578 527 734 568 eisdem
768 528 1010 569 auidissima
1040 529 1175 570 insule
1217 528 1457 582 direpcione
1487 528 1567 569 ira-

125 599 216 625 rum
251 597 423 625 suarum
458 598 705 638 procursum
730 585 1010 640 explentibus.
1057 585 1192 640 Igitur
1213 586 1376 640 patricii
1396 585 1566 640 spiritus

125 641 337 697 pontifex,
387 650 433 682 ut
486 643 755 697 tranquillum
802 643 860 684 ita
900 643 1080 684 salutare
1124 643 1340 684 consilium
1384 648 1566 687 secutus.

124 701 328 755 pictatem
362 699 518 741 seuicie
552 701 822 755 preferendo,
856 701 954 741 dum
988 701 1104 754 gregi
1127 701 1338 756 parcendo
1371 701 1566 755 consulit,

125 758 218 812 plus
250 757 383 812 glorie
419 766 459 798 et
493 757 662 798 uirtutis
688 759 729 799 in
752 758 1001 799 innocencia
1032 772 1080 798 ac
1113 758 1407 800 moderacione
1439 772 1565 813 quam

126 816 333 856 lesionum
366 829 539 856 suarum
572 816 736 858 ulcione
769 816 997 857 constituit.
1060 815 1153 863 Quo
1188 816 1295 857 enim
1327 830 1371 857 se
1401 816 1566 869 longius

125 887 148 914 a
179 873 277 914 ferri
311 873 486 914 licencia
526 868 729 927 fetraxit,
771 874 851 915 hoc
894 874 1108 927 religionis
1140 873 1253 914 laudi
1293 873 1463 928 propius
1497 873 1568 915 ad-

126 931 274 972 mouit.
351 930 762 985 Super-uenientibus
809 931 985 983 deinde,
1031 944 1136 986 quos
1182 931 1234 971 ad
1275 931 1565 972 deleniendatn

127 989 371 1030 concionem
418 989 655 1041 direxerat,
701 1003 847 1030 eorum
879 989 1110 1029 uocacione
1150 989 1337 1044 queritur
1373 989 1567 1043 simplici-

127 1051 259 1088 tatem
291 1061 413 1087 suam
455 1047 538 1087 huc
579 1047 825 1088 discriminis
858 1061 950 1088 esse
982 1046 1253 1101 perductam,
1284 1053 1568 1101 percontatus,

127 1119 199 1145 cur
231 1104 517 1159 improuidum
548 1119 592 1146 se
628 1109 668 1146 et
698 1106 951 1159 imparatum
986 1104 1037 1144 ad
1072 1118 1137 1144 res
1169 1109 1286 1145 tanta
1318 1103 1568 1145 difficultate

125 1162 348 1218 implicitas
380 1176 529 1204 secura
560 1162 856 1206 mandatorum
880 1163 1021 1217 specie
1053 1162 1296 1216 pertrahere
1319 1162 1565 1203 uoluissent.

128 1220 290 1268 Quibus
339 1234 383 1260 se
430 1220 536 1261 nihil
582 1221 667 1262 tale
720 1221 957 1274 suspicatos
1009 1219 1264 1268 dicentibus,
1316 1220 1566 1274 culpamque

125 1278 388 1333 negligencie
429 1278 694 1319 confessione
737 1278 1062 1330 excusantibus,
1103 1277 1297 1318 estimare
1341 1288 1435 1329 eos,
1466 1277 1563 1332 quid

125 1350 237 1377 nune
270 1335 483 1391 expediat,
515 1336 647 1384 iubet,
679 1335 925 1391 preteritum
958 1349 1141 1375 errorem
1173 1335 1356 1389 presenti
1390 1334 1563 1375 consilio

127 1391 417 1449 codrecturos.
452 1397 467 1445 Η
497 1393 793 1448 Respondent,
825 1407 902 1435 nec
945 1393 1069 1433 armis
1111 1407 1157 1434 se
1190 1406 1265 1433 nec
1305 1393 1472 1433 auxiliis
1504 1393 1564 1432 in-

125 1458 330 1504 structos,
380 1451 654 1493 contrahendi
703 1451 921 1506 utriusque
970 1449 1177 1491 commodi
1223 1464 1349 1491 causa
1396 1450 1563 1492 domum

126 1509 291 1563 digredi
332 1523 505 1551 necesse
552 1510 733 1562 habere,
775 1510 1015 1564 paraciores
1061 1508 1261 1562 postridie
1307 1521 1563 1549 reuersuros.

125 1568 271 1622 Ipsum
304 1567 468 1608 interim
503 1568 714 1622 exquisito
739 1567 899 1608 latebre
930 1579 1083 1621 genere
1109 1567 1169 1606 uti
1202 1565 1378 1618 debere3
1410 1566 1563 1620 probro

126 1625 367 1679 cariturum,
399 1625 468 1679 qu‘i
501 1625 680 1680 tempori
712 1626 916 1666 consulat.
980 1623 1104 1671 Quod
1131 1628 1270 1665 utrum
1302 1623 1562 1677 malignitate

126 1683 284 1738 ingenii
316 1697 369 1723 an
399 1683 538 1737 inopia
572 1683 730 1725 consilii
772 1682 1040 1738 protulerint,
1072 1682 1288 1734 estiment,
1321 1681 1470 1735 quibus
1502 1694 1564 1721 se-

125 1741 305 1795 quencia
337 1755 483 1782 eorum
515 1745 610 1782 acta
642 1755 846 1795 cognosse
887 1739 1057 1780 fastidio
1089 1752 1171 1780 non
1216 1738 1354 1779 fuerit.
1415 1737 1563 1779 Refert

127 1799 339 1846 Absalon,
376 1799 658 1840 honestiorem
701 1799 780 1839 sibi
813 1797 996 1849 castelli,
1029 1796 1143 1852 quod
1174 1797 1216 1836 in
1249 1795 1461 1836 sialandia
1491 1795 1563 1837 ha-

128 1858 257 1909 beret,
279 1856 439 1897 aditum
463 1857 568 1909 fore,
591 1870 739 1911 parum
762 1856 945 1897 latebras
964 1855 1185 1909 exquirere
1205 1854 1340 1895 solito.
1374 1852 1562 1900 Quarum

126 1914 437 1955 deformitatem
456 1928 645 1969 perosus,
664 1913 891 1954 Thordone
910 1914 1126 1967 nauigium
1140 1911 1353 1966 prebente,
1374 1910 1559 1952 discedit.

125 1971 273 2027 Neque
308 1972 417 2013 enim
450 1972 681 2013 claritatem
714 1986 832 2012 suam
867 1971 1110 2011 obscuriore
1142 1970 1234 2010 loco
1268 1968 1562 2011 coarctandam

58 2040 94 2068 30
122 2029 312 2085 putabat,
345 2031 463 2071 cuius
495 2029 701 2084 fulgorem
735 2043 809 2084 per
841 2035 903 2069 tot
926 2034 1131 2069 terrarum
1163 2027 1304 2081 spacia
1327 2025 1563 2081 conspicuis

58 2332 94 2359 35

60 2620 95 2650 40

127 2087 294 2129 uirtutis
326 2086 548 2143 ope*ribus
581 2087 775 2129 diffusum
808 2101 890 2127 non
923 2085 1160 2140 ignorabat.

263 2145 516 2186 Sialandiam
566 2145 800 2199 ingressus,
853 2143 1183 2194 Waldemarum,
1227 2141 1338 2196 apud
1381 2140 1565 2181 insulam

127 2203 316 2244 Samsam
332 2204 516 2244 uenandi
533 2204 672 2244 studio
687 2203 1002 2254 inseruientem,
1019 2206 1190 2255 recepta
1206 2200 1259 2239 ab
1275 2199 1366 2253 ipso
1383 2198 1562 2253 epistola

126 2266 270 2316 petere
314 2261 506 2315 iubetur,
550 2261 795 2302 necessariis
836 2260 970 2314 patrie
1006 2258 1149 2299 usibus
1181 2263 1418 2297 uacaturus.
1477 2255 1562 2297 Vbi

127 2332 221 2359 cum
253 2318 425 2360 Sunone
457 2318 737 2373 Esbernoque
768 2317 1006 2372 propositas
1042 2315 1308 2369 negociorum
1341 2327 1461 2354 curas
1493 2312 1564 2354 de-

128 2376 213 2421 bita
254 2377 490 2431 agitacione
529 2377 801 2431 complexus,
849 2379 1059 2428 postremo
1105 2371 1217 2426 apud
1264 2372 1399 2426 regias
1441 2384 1563 2411 aures

130 2433 291 2475 Scanici
324 2435 531 2476 tumultus
562 2433 715 2474 famum
739 2431 882 2485 edidit,
906 2432 1146 2486 primusque
1170 2430 1258 2484 ipse
1279 2428 1564 2484 perturbacio-

127 2506 226 2533 num
269 2506 439 2533 suarum
480 2492 678 2532 nuncium
724 2504 851 2544 agere
895 2503 979 2530 non
1022 2488 1254 2529 exhorruit.
1314 2486 1563 2527 Estuantem

128 2549 266 2590 animo
298 2564 463 2604 regem,
497 2549 797 2603 sediciosisque
837 2546 1042 2602 supplicia
1074 2544 1357 2595 minitantem,
1401 2542 1566 2584 consilii

128 2607 190 2648 sui
224 2607 503 2649 delenimento
538 2621 562 2648 a
595 2606 811 2661 proposito
844 2604 1035 2645 retraxit.
1069 2601 1360 2656 exigendeque
1391 2600 1563 2642 ulcionis

1360 2668 1427 2704 41*
1529 2662 1536 2670 '

1617 1400 1644 1424 p.
1664 1391 1714 1417 936

1627 1425 1718 1458 (366)

1602 2093 1700 2121 CXC*¹
