1884 3126
120 1302 137 1329 5

97 1592 135 1621 10

97 1883 132 1911 15

96 2182 134 2209 20

538 785 804 842 SAXONIS
844 787 1235 843 GRAMMATICI

490 926 908 975 HISTOR'IE
968 932 1291 976 DANIOE

694 1062 841 1096 LIBER
868 1062 1090 1103 QVINTVS.

307 1189 533 1262 Defuncto
557 1219 775 1274 Fridleuo,
807 1221 919 1263 filius
950 1221 1112 1264 Frotho
1145 1225 1308 1278 septem
1340 1237 1471 1264 annos
1493 1227 1615 1265 natus

170 1286 370 1329 concordi
411 1287 631 1329 Danorum
671 1288 844 1330 arbitrio
887 1288 1156 1344 subrogatur.
1218 1289 1373 1343 Iidem,
1416 1290 1616 1333 concione

167 1345 401 1401 prehabita,
422 1346 649 1388 infanciam
671 1347 783 1402 regis
801 1362 825 1388 a
843 1347 1055 1389 tutoiibus
1079 1348 1370 1403 excipiendam
1388 1348 1615 1399 duxerunt

164 1418 217 1446 ne
248 1403 302 1446 ob
333 1405 533 1460 plincipis
574 1404 906 1472 puerilitate<m>
936 1420 1077 1447 ierum
1121 1405 1385 1461 excide10<n>
1390 1411 1404 1448 t
1436 1422 1612 1450 summa.

164 1462 350 1504 Tantum
377 1462 584 1518 siquidem
615 1463 669 1505 ab
703 1464 913 1506 uniuersis
935 1464 1123 1506 Fridleui
1145 1465 1345 1507 memorie
1378 1480 1427 1506 ac
1458 1466 1614 1507 nomini

165 1520 392 1575 tiibutum,
436 1525 482 1562 ut
523 1527 609 1563 tam
650 1527 798 1564 tenero
844 1524 934 1565 eius
974 1523 1168 1578 sanguini
1208 1536 1384 1577 regnum
1427 1523 1611 1566 dar-,etui

165 1578 329 1621 Habito
373 1593 475 1646 ergo
520 1579 711 1633 delectu,
744 1580 1017 1623 Westmarus
1050 1585 1090 1623 et
1122 1580 1226 1623 Colo
1259 1581 1409 1623 fratres
1441 1582 1482 1622 in
1515 1582 1614 1624 edu-

165 1637 347 1680 cacionis
387 1639 503 1693 regie
546 1639 824 1681 ministerium
866 1644 1148 1682 arcessuntur.
1208 1639 1342 1680 Isulfo
1376 1653 1540 1706 quoq-ue
1573 1645 1614 1681 et

163 1696 336 1751 Aggoni
379 1700 557 1752 octoque
589 1697 680 1739 aliis
711 1698 945 1739 illustribus
988 1698 1089 1739 uiris
1132 1711 1217 1739 non
1250 1697 1372 1740 modo
1404 1699 1515 1753 regis
1550 1702 1613 1740 tu-

163 1755 253 1797 tela
285 1755 457 1806 credita,
489 1769 637 1797 uerum
671 1757 804 1798 eciam
836 1756 1011 1811 gerendi
1043 1756 1122 1798 sub
1152 1757 1243 1811 ipso
1276 1756 1395 1810 regni
1424 1760 1613 1812 potestas

163 1812 344 1856 indulta.
405 1813 591 1855 Abunde
623 1814 681 1855 eis
714 1815 824 1856 uires
869 1815 1084 1869 animique
1123 1814 1425 1870 suppetebant,
1470 1815 1615 1856 crebra

163 1885 245 1914 non
289 1872 473 1927 eorporis
518 1876 706 1925 tantum,
747 1872 822 1915 sed
856 1873 988 1915 eciam
1021 1872 1177 1927 ingenii
1209 1872 1308 1913 dote
1339 1872 1612 1927 pollentibus,

162 1929 231 1971 Ita
252 1929 474 1972 Danorum
505 1944 593 1972 rem
618 1931 846 1987 publicam,
880 1935 1105 1987 expectato
1123 1930 1235 1985 regis
1256 1929 1425 1985 robore,
1458 1930 1613 1972 uicaria

162 1988 413 2030 tutabantur
445 1987 597 2032 officia.

301 2045 426 2088 onr
459 2046 632 2089 Colonis
666 2050 757 2089 e1at
788 2047 1013 2097 Gomara,
1047 2061 1128 2103 que
1160 2046 1312 2089 eximie
1343 2046 1612 2102 procacitatis

164 2103 368 2146 facundia
399 2105 712 2160 quantumlibet
746 2105 925 2148 disertos
957 2120 1005 2147 ae
1036 2106 1236 2161 loquaces
1267 2119 1472 2146 enc1uare
1506 2104 1613 2146 sole-

164 2162 252 2206 bat.
309 2162 567 2206 Altereando
602 2164 759 2221 quippe
793 2165 944 2206 efficax
977 2169 1079 2215 erat,
1113 2168 1157 2205 et
1187 2163 1229 2205 in
1262 2164 1375 2205 omni
1406 2162 1612 2218 discepta-

163 2221 329 2263 eionum
361 2236 518 2277 genere
551 2223 737 2278 eopiosa.
799 2223 1028 2279 Pugnabat
1067 2221 1276 2278 siquidem
1323 2221 1488 2274 uerbis,
1529 2235 1610 2262 non

163 2279 290 2321 modo
316 2279 609 2335 questionibus
642 2278 779 2337 hesta,
802 2296 960 2324 uerum
986 2281 1117 2322 eciam
1139 2279 1428 2336 peruicacibus
1450 2282 1610 2321 armata

162 2338 388 2393 responsis.
457 2338 676 2381 Imbellem
722 2353 844 2381 nemo
889 2339 1087 2381 feminam
1119 2337 1332 2380 debellare
1377 2341 1554 2393 poterat,
1587 2351 1612 2377 a

162 2396 310 2451 lingua
331 2397 494 2452 spicula
516 2400 793 2440 mutuantem.
834 2397 1053 2446 Quosdam
1076 2395 1345 2438 uerbositatis
1367 2394 1611 2450 petulancia

97 2471 135 2499 25
167 2454 411 2509 refellebat,
453 2455 556 2497 alios
597 2456 732 2497 ueluti
775 2455 1029 2512 quibusdam
1070 2453 1390 2501 eauillacionum
1430 2452 1610 2494 nexibus

166 2511 406 2579 implicatos
437 2512 699 2555 fallaciarum
728 2514 890 2570 laqueis
916 2512 1223 2568 strangmulabat
1264 2510 1386 2553 Adeo
1410 2514 1609 2575 uegetum

164 2570 328 2613 mulieii
360 2571 577 2625 ingenium
607 2571 699 2614 fuit.
744 2571 945 2614 Ceterum
980 2570 1162 2612 condere
1192 2574 1315 2624 pacta
1355 2574 1430 2611 aut
1455 2568 1611 2610 rescin-

165 2628 264 2670 dere
287 2634 519 2687 prepotens
543 2635 645 2686 erat,
677 2631 899 2687 utriusque
932 2630 1082 2671 horum
1106 2627 1334 2670 efficaciam
1359 2627 1441 2669 oris
1463 2626 1608 2669 aculeo

1626 790 1806 819 XXXVIIa

1668 835 1695 860 p.
1715 826 1762 853 181

1683 2062 1753 2096 (68)

1665 2303 1694 2329 p.
1716 2295 1764 2322 182
