1884 3126
110 903 146 929 lo

111 1194 147 1220 15

108 2065 144 2091 30

765 258 819 263 --
881 232 922 275 V
988 258 1042 265 --
1550 239 1630 280 153

178 378 228 406 ac
260 364 348 407 uite
381 362 568 419 periculo
602 377 734 418 penas
766 362 916 404 lueret.
979 362 1117 418 Siquis
1151 368 1294 406 autem
1329 364 1383 408 ad
1421 377 1632 422 exequen·

178 422 280 464 dum
303 423 415 477 regis
437 421 658 477 imperium
683 420 736 463 ob
763 420 893 475 animi
922 422 1227 463 contumaciam
1260 424 1379 478 piger
1413 425 1629 477 existeret,

176 481 307 522 exilio
340 480 630 522 mulctaretur.
694 479 870 521 Solebat
908 493 1091 535 namque
1133 482 1290 536 sagitta
1321 482 1462 536 lignea
1492 483 1628 525 ferree

179 539 365 594 speciem
397 538 571 590 habens,
599 541 604 590 Ι
634 537 775 579 nuncii
806 538 901 579 loco
934 538 1090 579 uiritim
1113 552 1188 593 per
1209 553 1352 582 omnes
1377 540 1499 594 mitti,
1531 555 1630 597 quo-

178 598 265 639 cies
299 596 520 653 repentina
554 596 654 638 belli
684 596 911 638 necessitas
943 595 1170 638 incidisset.
1225 597 1306 645 Qui
1339 612 1441 639 uero
1474 612 1525 639 ex
1556 613 1631 654 po-

178 655 399 712 pularibus
431 655 688 710 primipilum
720 654 760 696 in
794 654 883 696 acie
923 654 1125 707 anteiret,
1168 669 1221 696 ex
1253 670 1377 697 seruo
1409 656 1534 710 liber,
1578 672 1632 698 ex

180 714 339 768 agresti
379 713 553 754 illustris
600 712 817 755 euaderet.
879 712 938 754 At
969 712 1003 753 si
1034 712 1244 767 ingenuus
1285 713 1418 768 foret,
1460 720 1631 769 satrapa

181 776 411 813 crearetur.
454 770 593 812 Tanta
617 771 716 812 olim
739 770 923 812 audaces
946 770 1156 825 stipendia
1178 771 1461 814 merebantur.
1511 772 1630 814 Adeo

180 833 348 871 ueteres
390 827 667 884 nobililltatem
712 829 950 870 fortitudini
989 828 1255 870 tribuendam
1287 829 1507 885 putabant.
1569 831 1630 873 Si-

180 887 353 944 quidem
386 902 469 930 non
503 888 673 929 fortune
707 887 920 938 uirtutem,
955 886 1029 928 sed
1063 887 1211 929 uirtuti
1241 888 1455 929 fortunam
1479 889 1630 930 deferri

180 950 404 1002 oportere,
447 945 738 988 existimatum
771 950 846 987 est.
907 946 1105 1000 Precepit
1151 960 1344 1002 quoque,
1385 947 1516 988 nelis
1549 947 1633 988 ulla

178 1004 450 1046 iurisiurandi
490 1003 573 1046 fide
615 1008 690 1045 aut
729 1004 954 1059 pignerum
998 1004 1216 1057 posicione
1250 1005 1590 1058 contraheretur,
1625 1005 1628 1056 ἱ

180 1063 251 1118 qui
275 1077 379 1105 uero
402 1063 530 1104 alium
552 1062 709 1118 pignus
732 1077 874 1105 secum
907 1076 1067 1118 ponere
1099 1063 1302 1114 iussisset,
1337 1063 1470 1105 eidem
1503 1077 1631 1105 auree

179 1121 286 1163 libre
317 1121 536 1163 dimidium
568 1121 776 1174 solueret3
820 1121 978 1176 alioqui
1011 1134 1187 1174 grauem
1222 1122 1409 1176 corporis
1433 1122 1632 1163 mulctam

177 1179 357 1222 subiret.
409 1178 668 1221 Prouiderat
699 1180 818 1221 enim·
843 1193 932 1231 rex,
966 1193 1019 1221 ex
1051 1179 1272 1234 pignerum
1303 1179 1517 1235 posicione
1548 1194 1633 1221 ma-

181 1237 316 1279 ximas
363 1238 504 1279 licium
553 1252 701 1279 causas
747 1238 934 1279 incidere
982 1251 1119 1291 posse.
1186 1237 1251 1279 De
1297 1235 1484 1293 qualibet
1530 1252 1632 1279 uero

182 1296 476 1338 controuersia
507 1295 619 1338 ferro
653 1296 823 1338 decerni
855 1296 1019 1349 sanxit,
1052 1295 1283 1351 speciosius
1316 1296 1475 1337 uiribus
1507 1310 1631 1351 quam

182 1354 323 1397 uerbis
355 1354 670 1409 confligendum
704 1355 962 1396 existimans.
1007 1353 1130 1402 Quod
1154 1354 1185 1394 si
1211 1354 1317 1396 alter
1340 1354 1632 1395 dimicancium

181 1412 314 1454 relato
358 1413 469 1468 pede
514 1413 727 1467 prenotati
772 1413 886 1455 orbis
919 1426 1073 1468 gyrum
1104 1411 1348 1466 excederet,
1381 1412 1554 1468 perinde
1585 1426 1633 1453 ac

108 1484 124 1510 ε
179 1471 318 1513 uictus
352 1485 478 1514 cause
512 1471 813 1513 detrimentum
846 1471 1067 1526 reciperet.
1124 1470 1195 1512 Sin
1227 1474 1369 1511 autem
1401 1470 1549 1525 quauis
1582 1470 1634 1512 de

179 1542 223 1570 re
257 1529 445 1584 pugilem
477 1529 696 1589 popularis
729 1530 975 1586 impeteret,
1015 1529 1152 1584 ipsum
1187 1533 1373 1570 armatus
1406 1529 1632 1583 exciperet,

178 1587 353 1629 cubitali
386 1588 598 1630 duntaxat
630 1588 772 1643 stipite
805 1591 1106 1643 pugnaturum.
1160 1587 1269 1635 Quin
1306 1587 1436 1628 eciam
1470 1586 1629 1628 cladem

179 1644 291 1687 Dani
333 1646 386 1688 ab
428 1646 667 1700 alienigena
715 1646 907 1702 oppressi
954 1645 1134 1687 duorum
1181 1649 1483 1686 extraneorum
1531 1644 1632 1686 cede

178 1704 442 1745 sarciendam
473 1704 671 1747 instituit.

316 1762 488 1804 Interea.
522 1763 727 1816 Gotarus,
767 1761 964 1804 sumendi
1007 1761 1058 1804 de
1090 1761 1214 1802 Erico
1260 1761 1439 1817 supplici
1479 1760 1632 1815 gracia,

178 1834 320 1875 pugne
345 1821 581 1863 exercitum
605 1825 838 1876 comparat.
882 1819 918 1862 Ε
941 1819 1152 1862 contrario
1173 1818 1335 1861 Frotho
1360 1833 1452 1861 cum
1476 1832 1628 1873 magne

178 1879 325 1920 classis
356 1882 566 1934 apparatu
595 1879 860 1934 Noruagiam
893 1879 1010 1934 petit.
1054 1877 1160 1919 Cum
1192 1877 1246 1919 ad
1277 1877 1454 1919 insulam
1488 1877 1630 1918 Renso

178 1937 335 1991 pariter
376 1937 663 1992 appulissent,
695 1936 900 1985 Gruterus,
943 1935 1223 1978 Frothoniani
1255 1935 1434 1977 nominis
1473 1934 1631 1988 magni-

179 1993 328 2036 tudine
376 1995 568 2046 territus,
614 2008 763 2051 pacem
806 2010 882 2051 per
926 1995 1091 2049 legatos
1133 1993 1355 2048 efflagitat.
1417 1992 1485 2034 Ad
1526 2006 1631 2047 quos

175 2051 339 2103 Ericus,
373 2051 718 2102 Inuereeundus,
752 2054 827 2106 ait,
862 2057 926 2094 est
958 2053 1083 2105 latro,
1117 2052 1188 2107 qui
1219 2052 1334 2108 prior
1366 2051 1631 2092 concordiam

178 2110 342 2165 querit,
384 2115 459 2152 aut
501 2111 622 2166 bonis
666 2111 981 2153 communicare
1022 2110 1243 2165 presumit.
1307 2109 1387 2157 Qui
1420 2109 1527 2150 enim
1560 2108 1632 2149 ob·

177 2170 314 2210 tinere
345 2168 489 2223 gestit,
521 2170 652 2211 obniti
685 2169 838 2223 debet3
873 2169 980 2210 ictus
1012 2169 1115 2210 ictui
1148 2167 1426 2223 opponendus
1458 2170 1542 2218 est,
1587 2165 1631 2205 li-

178 2241 344 2282 uorque
394 2227 531 2269 liuore
581 2228 818 2283 pellendus.
891 2227 1083 2284 Cumque
1127 2225 1208 2267 hoe
1250 2225 1408 2267 dietum
1450 2224 1630 2267 Gotarus

177 2285 350 2326 attentis
373 2285 538 2327 eminus
565 2286 739 2328 auribus
772 2285 1024 2341 excepisset,
1053 2298 1177 2340 quam
1200 2288 1368 2339 poterat
1391 2283 1502 2324 clara
1522 2294 1628 2323 uoce

176 2343 234 2384 ita
255 2343 415 2398 inquit:
451 2343 643 2400 Quisque
670 2344 816 2385 uirtuti
839 2343 1001 2397 militat,
1034 2347 1161 2398 prout
1182 2342 1373 2384 beneficii
1396 2340 1596 2382 meminit.
1622 2336 1626 2394 Ι

178 2401 256 2443 Cui
278 2400 450 2442 Ericus:
482 2401 820 2444 Beneficenciam
852 2407 967 2443 tuam
999 2401 1165 2443 reddito
1190 2400 1264 2442 tibi
1286 2399 1459 2441 consilio
1483 2411 1629 2453 repen-

177 2459 283 2500 saui.
328 2459 423 2507 Quo
457 2474 653 2501 sermone
682 2461 875 2516 egregios
897 2460 1082 2501 monitus
1105 2458 1217 2500 omni
1241 2458 1445 2499 donorum
1471 2469 1629 2510 genere

176 2517 490 2571 prestanciores
537 2518 764 2561 indicabat.
827 2518 882 2560 Et
924 2522 971 2560 ut
1011 2517 1214 2560 Getarum
1260 2515 1418 2570 accepti
1467 2513 1626 2555 consilii

176 2575 391 2630 ingratum
423 2575 682 2630 ostenderet,
717 2576 897 2625 Quando
931 2575 1156 2630 coniugem
1190 2573 1325 2626 miehi,
1356 2572 1502 2628 inquit,
1534 2585 1627 2612 cum

108 2646 145 2676 40
178 2634 266 2676 uita
297 2633 484 2679 adimere
517 2635 741 2695 cupiebaS,
773 2634 957 2679 melioris
989 2632 1174 2694 exempli
1205 2632 1389 2693 speciem
1419 2629 1628 2675 lacerasti.

1689 559 1714 583 p.
1737 552 1787 577 ‘22¹9

1700 839 1772 873 (86)

1689 1079 1714 1104 p.
1734 1071 1785 1098 ‘230

1682 2416 1710 2442 p.
1728 2407 1775 2433 ‘23¹
