1884 3126
238 919 272 944 10

235 1207 269 1232 15

233 1495 269 1520 20

230 2070 266 2098 30

229 2359 265 2385 35

230 2646 266 2673 40

318 268 398 308 378
883 284 930 288 —
995 258 1062 300 XI
1130 281 1175 286 —

315 391 527 433 celerrime
576 401 791 430 sacrorum
843 386 986 428 usibus
1032 386 1283 436 restituerit,
1329 398 1404 439 pro
1452 389 1539 425 tam
1586 386 1748 426 cruenti

313 448 473 502 imperii
515 446 763 500 expiacione
806 444 988 484 muneris
1032 443 1121 485 loco
1153 442 1351 485 Steffnice
1383 443 1598 497 prouincie
1630 442 1744 483 dimi-

313 506 423 545 dium
455 505 536 544 aris
570 518 592 542 a
625 517 668 542 sc
701 502 878 542 conferri
921 501 1122 556 publicat.
1185 500 1273 541 Nec
1313 500 1479 540 erubuit
1519 501 1747 542 multorum

311 562 480 603 auribus
512 560 765 613 singularem
807 559 959 613 flagicii
991 558 1052 599 sui
1085 559 1346 599 committere
1388 557 1623 599 nocionem.
1685 557 1748 598 Ea

309 634 372 659 res
404 618 738 658 inextricabilem
772 617 888 671 regni
921 615 1238 670 sacerdociique
1275 614 1539 656 concordiam
1573 620 1747 669 operata

310 685 384 717 est.
449 675 615 729 Quippe
648 689 722 715 rex
754 689 838 715 non
870 674 1003 715 solum
1036 674 1265 714 antistitem
1298 674 1337 713 iu
1371 672 1519 714 eodem
1560 673 1747 714 amicicie

308 732 440 786 gradu
473 732 643 785 habuit,
688 732 761 772 sed
797 731 929 772 eciam
970 731 1193 772 maioribus
1226 730 1442 785 dignitatis
1481 731 1747 772 incrementis

308 791 502 842 donauit,
544 790 638 844 plus
681 789 827 830 officiis
871 789 958 830 eius
991 788 1042 829 ad
1087 789 1271 843 graciam
1313 803 1437 844 quam
1481 789 1745 830 contumeliis

307 848 354 887 al
383 848 640 888 iracundiam
664 847 913 896 concitatus,
935 860 1057 901 quem
1085 861 1168 888 non
1190 847 1355 900 priuata
1377 847 1452 895 ira,
1485 846 1556 887 sed
1583 847 1744 901 publice

305 905 517 958 religionis
559 905 708 945 iniuria
756 905 979 945 aduersum
1014 918 1057 945 se
1090 908 1372 959 prouocatum
1414 904 1602 947 uidebat.
1665 904 1746 945 Hic

307 963 413 1002 enim
448 963 661 1003 mirificam
696 962 805 1004 illius
847 963 1139 1015 seueritatem,
1183 962 1253 1003 ille
1285 963 1588 1004 sanctissimam
1622 963 1744 1003 huius

306 1020 643 1061 moderacioncm
679 1020 968 1061 beniuolencie
1002 1021 1244 1061 constancia
1276 1020 1623 1075 prosequebatur.
1663 1019 1745 1061 Sed

305 1082 345 1117 et
375 1082 552 1132 uterque
589 1078 805 1118 cotidianis
841 1078 970 1130 uotis,
1020 1092 1071 1118 ne
1104 1083 1221 1119 tante
1254 1078 1487 1119 animorum
1523 1077 1746 1119 concordie

306 1135 523 1176 diuiduum
576 1135 649 1176 fati
700 1140 865 1190 tempus
915 1135 1225 1188 intercederet,
1276 1136 1520 1190 exoptabat.
1591 1135 1746 1190 Itaque

303 1207 465 1234 summe
516 1193 805 1234 ueneracionis
852 1194 986 1235 officia
1037 1194 1229 1235 certatim
1277 1194 1430 1234 mutuis
1476 1193 1551 1234 sibi
1598 1193 1745 1234 studiis

304 1251 629 1305 impendebant,
676 1252 870 1306 adeoque
912 1252 1112 1292 eximiam
1153 1251 1366 1292 societatis
1406 1251 1531 1292 fidem
1575 1251 1746 1292 honoris

305 1309 590 1350 uicissitudine
622 1309 879 1359 nutriebant,
912 1316 958 1350 ut
979 1309 1126 1363 pocius
1150 1310 1259 1350 inter
1282 1323 1353 1350 eos
1375 1308 1562 1350 amicicie
1587 1309 1743 1363 paritas

306 1379 427 1420 quani
461 1367 689 1421 superioris
721 1367 772 1407 ad
805 1367 1045 1408 inferiorem
1076 1366 1336 1408 familiaritas
1369 1372 1623 1409 cerneretur.

441 1423 620 1466 Veniam
667 1439 777 1465 nunc
823 1425 874 1464 ad
915 1424 1158 1474 Kanutum,
1207 1425 1413 1466 Suenonis
1459 1424 1614 1475 filium,
1661 1425 1744 1479 qui,

302 1482 487 1536 propicie
510 1482 680 1523 fortune
704 1482 906 1523 beneficio
928 1483 1098 1523 summis
1122 1489 1273 1524 nature
1295 1483 1464 1523 dotibus
1494 1482 1744 1536 cumulatus,

304 1553 455 1594 magno
491 1554 583 1580 cuni
616 1541 768 1581 indolis
801 1541 1094 1593 experimento
1117 1538 1287 1595 etaijtem
1309 1541 1447 1581 animo
1469 1541 1741 1605 precucurrit.

303 1596 485 1652 Quippe,
518 1603 736 1639 contracta
765 1599 1000 1650 iuuentute,
1033 1612 1337 1653 myoparonum
1362 1599 1536 1653 piratlca
1556 1603 1743 1639 monstra

301 1656 570 1709 perdomuit,
624 1655 826 1697 Sembieis
878 1661 1005 1712 atque
1051 1656 1259 1697 Estonicis
1304 1656 1510 1697 illustrem
1558 1656 1741 1710 tropheis

301 1712 635 1754 adolescenciam
656 1714 754 1766 egit,
773 1715 978 1769 nouisque
996 1715 1146 1754 uirium
1169 1713 1371 1768 gradibus
1392 1714 1559 1768 paterni
1580 1713 1742 1755 roboris

231 1782 263 1807 εἴ
298 1769 573 1812 fundamenta
606 1771 878 1813 transcendit.
937 1771 1028 1819 Que
1061 1772 1240 1812 uictoria
1269 1771 1456 1812 futurum
1490 1772 1579 1812 eius
1611 1772 1742 1812 domi-

300 1828 412 1869 nium
463 1829 646 1869 ominata
695 1835 770 1870 est.
834 1830 918 1872 Pro
966 1829 1561 1884 amplificandaltuendaque
1606 1830 1741 1884 patria

300 1886 420 1940 iuges
455 1886 654 1927 excubias
687 1888 833 1941 gessit,
866 1901 1106 1942 rerumque,
1139 1901 1316 1942 quarum
1349 1887 1402 1927 ob
1434 1887 1642 1927 infirmam
1673 1887 1744 1927 ad-

300 1943 382 1983 huc
416 1948 572 1985 etatem
605 1946 676 1985 uix
711 1950 922 1999 spectator
955 1959 1047 1986 csse
1091 1945 1254 2000 potuit,
1296 1950 1444 1985 auctor
1475 1945 1620 1985 haberi
1651 1958 1742 1999 pre-

300 2002 491 2056 sumpsit.
536 2002 643 2049 Quin
678 2004 808 2043 eciam
843 2003 1026 2044 iuuenile
1058 2017 1209 2056 corpus
1233 2003 1430 2043 continuo
1456 2016 1532 2043 usu
1556 2002 1608 2042 ad
1633 2002 1742 2043 bella

298 2059 475 2113 impigre
506 2060 767 2100 conficienda
799 2075 1000 2115 armaque
1042 2061 1221 2103 uiriliter
1252 2060 1498 2101 sustinenda
1532 2060 1739 2112 firmabat,

299 2117 493 2171 famaque
536 2118 624 2158 cius
669 2117 819 2159 bellica
853 2119 894 2159 ui
925 2119 966 2158 in
1000 2124 1163 2159 tantum
1208 2117 1406 2159 claritatis
1450 2119 1652 2170 excessit,
1693 2125 1740 2159 ut

298 2174 535 2216 rediuiuum
570 2176 710 2229 magni
741 2175 904 2217 Kanuti
935 2177 1128 2231 spiritum
1158 2176 1458 2230 fortunamque
1489 2176 1612 2217 simul
1645 2189 1738 2217 cum

300 2233 478 2274 nominis
500 2233 715 2274 uideretur
739 2235 1033 2275 communione
1066 2234 1252 2286 sortitus,
1285 2234 1391 2274 adeo
1414 2239 1461 2274 ut
1484 2235 1620 2274 nullus
1642 2247 1738 2274 eum

299 2291 463 2344 paterni
509 2292 626 2345 regni
674 2292 941 2332 successione
987 2293 1215 2347 potiturum
1269 2291 1513 2343 ambigeret.
1589 2290 1739 2345 Neque

299 2348 419 2398 enim,
454 2349 611 2389 uirtute
634 2349 715 2390 iam
739 2355 941 2400 maturus,
974 2350 1123 2390 honori
1155 2350 1481 2404 intempestiuus
1507 2349 1738 2390 uidebatur.

300 2405 382 2446 Sed
405 2420 483 2448 nec
506 2406 768 2447 liberalitatis
792 2408 954 2461 species
976 2409 1064 2448 eius
1087 2407 1374 2449 adolescencie
1395 2406 1541 2448 defuit.
1585 2405 1734 2447 Cutius

298 2462 469 2504 fratrem
496 2463 743 2517 I-Iaraldum,
776 2469 878 2504 natu
902 2466 1118 2514 maiorem,
1152 2465 1291 2505 obtusi
1313 2464 1363 2504 ad
1387 2463 1561 2505 modum
1585 2463 1735 2516 cordis,

298 2520 406 2561 inter
452 2522 624 2562 iuuente
670 2522 790 2563 inicia
832 2527 1062 2578 perpetuus
1110 2523 1264 2564 inercie
1317 2535 1444 2576 sopor
1489 2535 1737 2576 oppressum

298 2578 484 2620 tenebat.

434 2635 621 2677 Tandem
646 2637 899 2686 Suenonem,
932 2638 1080 2679 ultima
1114 2652 1220 2693 pene
1244 2642 1461 2680 senectute
1484 2636 1736 2686 confectum,

1805 1553 1884 1586 (212

1798 1852 1822 1876 p.
1843 1840 1884 1867 561

1773 2417 1861 2444 cxll
