1884 3126
218 918 251 944 w

216 1208 250 1235 15

211 1497 246 1522 ‘20

210 2073 248 2099 30

209 2359 243 2385 35

210 2648 246 2676 40

292 265 374 306 380
866 280 912 286 ν
977 255 1044 296 XI
1107 278 1156 284 -

290 390 550 444 repererunt.
592 384 729 438 Igitur
759 395 905 423 recens
939 380 1134 422 omnibus
1165 380 1369 436 inopinati
1399 380 1558 422 funeris
1588 380 1726 422 luctus

291 446 490 487 exoritur.
551 443 648 496 lpse
686 453 789 482 uero
822 453 846 480 a
877 439 962 480 suis
1005 437 1164 481 feretro
1209 444 1416 493 exceptus
1458 443 1584 493 atque
1629 448 1728 480 ante

290 517 429 555 regem
463 501 623 552 elatus,
665 503 710 539 ut
740 497 827 538 fato
863 496 1096 551 posterior,
1136 496 1195 537 ita
1227 496 1396 537 funebri
1429 510 1584 551 pompa
1613 497 1728 551 prior

291 554 440 601 extitit.
503 556 614 597 Viris
667 568 847 610 namque
895 554 1060 595 funebri
1113 553 1322 595 Suenonis
1372 555 1481 595 lecto
1533 555 1727 596 humeros

289 615 624 665 subiicientibus,
667 614 756 668 ipsc
804 613 921 666 equis
969 612 1198 653 subuectus
1244 611 1374 653 ueluti
1419 611 1588 666 quidam
1631 626 1727 653 exe-

287 675 476 728 quiarum
500 673 586 713 eius
615 671 762 723 auriga
794 670 1013 724 precessit.
1055 669 1178 710 Prior
1209 684 1312 711 uero
1345 670 1528 710 sacrario
1561 670 1727 721 allatus,

286 744 427 771 ueram
473 730 654 784 presagii
699 727 825 769 fidem
876 727 1032 768 retulit.
1097 727 1191 775 Qua
1237 731 1321 768 tam
1368 727 1604 769 admirabili
1651 727 1727 768 fati

285 794 396 829 sorte
419 788 591 842 potitus,
623 800 667 827 se
690 786 799 840 regis
824 786 980 826 cultum
1004 785 1168 826 caritati
1199 783 1389 840 <pocius>
1410 799 1538 840 quam
1559 785 1726 827 fortune

287 859 501 899 erogasse,
542 844 775 899 perdocuit.
837 842 1040 897 Exequiis
1072 843 1301 898 impensius
1334 843 1460 895 actis,
1507 845 1727 885 amborum

283 917 459 958 corpora
492 903 724 944 coniunctis
759 900 1018 954 admodum
1058 901 1233 942 tumulis
1279 901 1572 944 occluduntur.
1635 901 1728 943 Hec

284 965 379 1002 sunt
410 959 653 1001 ueneranda.
695 960 883 1000 amicicie
930 959 1162 1013 stipendia,
1207 973 1312 1014 que,
1355 973 1449 1000 cum
1481 973 1503 1000 e
1526 959 1540 1012 ΙΙ
1564 959 1726 1001 duobus

284 1020 372 1060 eius
405 1018 668 1059 consortibus
701 1019 807 1058 alter
839 1016 1009 1068 excidit,
1042 1017 1217 1071 reliquo,
1250 1018 1338 1058 uite
1370 1017 1589 1058 dulcedine
1610 1017 1724 1059 fasti-

284 1077 380 1127 dita,
414 1076 559 1117 mortis
582 1076 817 1131 appetitum
840 1076 1101 1129 ingenerant.
1143 1074 1248 1116 Post
1269 1075 1348 1116 hec
1370 1074 1510 1116 Sueno
1534 1075 1726 1128 Noricus,

283 1148 408 1189 quem
440 1148 566 1188 supra
597 1134 852 1189 significaui,
894 1132 1186 1174 communibus
1217 1133 1319 1174 cleri
1351 1133 1560 1187 suffragiis
1591 1146 1726 1175 sacer-

282 1192 448 1232 docium
482 1191 622 1233 sumit.

419 1250 552 1303 Regie
576 1264 678 1291 uero
709 1248 990 1290 successionis
1024 1248 1237 1290 delectum
1269 1263 1425 1303 anceps
1456 1249 1727 1304 popularium

281 1308 499 1348 sentencia
560 1307 862 1361 pertractabat.
922 1306 1060 1347 Maior
1109 1320 1292 1362 namque
1345 1306 1564 1348 Danorum
1614 1321 1727 1361 pars,

282 1380 454 1417 memor,
487 1366 654 1420 quantis
677 1379 752 1420 per
775 1364 1008 1416 Kanutum,
1038 1364 1176 1405 adhuc
1206 1365 1373 1419 priuate
1405 1364 1586 1416 fortune,
1618 1366 1727 1420 peri-

282 1424 386 1463 culis
419 1423 583 1464 obiecta
614 1423 763 1473 fucrit,
805 1423 1025 1477 grauiora,
1067 1422 1096 1462 si
1131 1437 1307 1477 regnum
1338 1422 1546 1476 indueret,
1580 1423 1725 1475 uerita,

280 1482 466 1536 maligna
498 1481 662 1522 uirtutis
694 1481 922 1535 interpres,
955 1480 1066 1535 quod
1101 1481 1233 1534 glorie
1267 1480 1354 1521 eius
1386 1494 1625 1529 accrescere
1657 1481 1726 1522 de-

281 1540 442 1590 buerat,
478 1539 734 1594 iniquissima
765 1538 1010 1579 meritorum
1042 1538 1323 1580 ‘estimacione
1351 1537 1601 1591 damnabat,
1645 1539 1726 1580 ele-

281 1598 387 1638 uatis
422 1598 622 1637 uirtutum
655 1596 850 1651 premiis,
896 1595 1126 1638 clarissima
1160 1597 1248 1638 eius
1281 1610 1410 1651 opera
1440 1596 1608 1652 repulse
1640 1601 1725 1638 tur-

278 1654 471 1709 pitudine
509 1654 795 1709 rependendo.
858 1654 994 1708 Igitur
1034 1658 1082 1695 ut
1125 1654 1235 1694 hunc
1279 1652 1563 1710 negociolrum
1606 1660 1724 1695 metu

280 1726 453 1767 perosa,
494 1713 552 1753 ita
588 1711 825 1753 Haraldum
859 1712 935 1752 ocii
967 1712 1215 1768 cusspiditate
1262 1712 1504 1767 complexa,
1548 1712 1723 1754 audacie

230 1786 242 1811 r
278 1770 576 1811 hebetudinem
618 1770 814 1825 pretulit,
855 1771 1145 1824 ignauumque
1186 1770 1265 1811 sibi
1296 1784 1439 1824 regem
1470 1770 1618 1811 maluit
1650 1771 1725 1811 im-

278 1842 427 1883 perare
459 1842 584 1883 quam
616 1828 783 1869 fortem.
832 1827 1117 1875 Quamobrem
1149 1828 1318 1882 egregie
1349 1827 1501 1868 indolis
1534 1828 1724 1870 claritate

279 1891 534 1941 contempta,
568 1891 768 1940 negatum
800 1885 944 1927 uirtuti
977 1886 1143 1927 culmen
1176 1886 1284 1926 uicio
1319 1885 1504 1931 tribuere
1526 1899 1610 1926 non
1632 1900 1725 1927 eru-

279 1945 396 1996 buit,
448 1944 614 1999 repulsa.
660 1943 936 1995 fortitudine,
987 1944 1188 1985 inerciam
1240 1944 1468 1985 honoribus
1519 1944 1722 1986 insecuta.

280 2002 441 2042 Verum
474 2002 587 2043 hunc
618 2002 778 2054 ingrate
812 2003 962 2043 mentis
994 2002 1185 2042 habitum
1214 2001 1361 2043 fucosa
1384 2002 1563 2042 racionis
1585 2002 1724 2057 specie

278 2059 506 2112 colorabat,
538 2059 786 2111 Haraldum,
819 2059 995 2113 perinde
1017 2074 1067 2100 ac
1088 2065 1191 2101 natu
1214 2060 1430 2113 maiorem,
1461 2060 1553 2115 ipso
1577 2064 1725 2100 nature

278 2118 365 2159 iure
397 2132 528 2172 regno
561 2118 747 2159 debitum
781 2120 959 2159 certans.
1008 2118 1153 2160 Genus
1185 2118 1426 2159 affeccionis
1457 2117 1724 2160 inusitatum!

277 2175 404 2216 Hunc
451 2176 584 2217 uirtus
630 2175 836 2228 inuisum,
883 2176 1000 2217 illum
1047 2176 1201 2216 uieium
1251 2175 1511 2230 probabilem
1553 2175 1723 2216 fecerat.

279 2232 368 2274 Soli
401 2233 649 2275 Scanienses
684 2233 794 2274 iusta
824 2233 951 2274 animi
994 2234 1272 2275 inclinacione
1311 2234 1522 2288 prouecti,
1566 2233 1724 2274 Kanuti

277 2291 488 2346 probitate
505 2293 633 2344 culta,
654 2290 835 2332 Haraldi
858 2291 1062 2333 desidiam
1085 2292 1354 2347 respuebant.
1391 2290 1525 2344 Igitur
1542 2291 1724 2332 Ysoram

276 2348 458 2390 habendi
505 2350 693 2391 delectus
739 2349 881 2402 gracia
929 2350 1194 2391 conuenitur.
1257 2349 1324 2390 Ibi
1365 2349 1535 2404 quidem
1577 2350 1723 2402 ingens

278 2406 436 2448 Oceani
460 2408 635 2449 uastitas
658 2407 773 2448 ostiis
796 2406 844 2446 ad
879 2407 1051 2448 modum
1083 2407 1276 2461 angustis
1309 2407 1528 2461 excipitur,
1562 2406 1725 2448 furens-

277 2479 358 2518 que
380 2464 533 2505 fretum
557 2472 706 2506 coactu
730 2463 918 2505 littorum
942 2465 982 2505 in
1006 2470 1143 2506 arctas
1175 2464 1318 2505 fauces
1351 2469 1464 2506 terra
1495 2463 1722 2518 compellit.

277 2521 463 2562 Medium
496 2523 609 2563 sinus
653 2523 807 2563 harene
856 2527 1023 2571 tenent,
1067 2523 1247 2563 obscura
1278 2527 1503 2563 nautarum
1535 2522 1723 2563 celantes

277 2580 472 2632 pericula.
533 2579 644 2621 Nam
686 2582 734 2621 ut
776 2579 924 2662 abiffns
972 2594 1043 2620 eas
1090 2586 1203 2621 estus
1248 2580 1405 2634 aperit,
1452 2580 1512 2620 ita
1557 2578 1724 2619 rediens

278 2636 445 2679 claudit.
507 2637 671 2681 Orienti
718 2636 899 2694 Scanial,
939 2638 943 2691 1
990 2643 1131 2680 cetera
1180 2650 1284 2679 uero
1329 2637 1535 2679 occidenti
1580 2637 1724 2678 classis

1780 969 1871 1003 (213)

1780 1672 1807 1695 p.
1827 1662 1876 1688 569

1761 1725 1884 1753 cxlllb
