1884 3126
197 954 234 981 10

197 1243 232 1270 15

198 1531 236 1559 20

199 1819 236 1846 25

199 2106 235 2134 30

199 2395 236 2423 35

271 304 352 344 6532
806 320 859 324 —
918 294 1058 335 XIIII
1117 319 1171 325 —

270 426 412 481 gracia
443 423 687 464 Beltensem
718 420 943 461 transitum
973 419 1134 460 insidiis
1166 433 1259 460 esse
1291 418 1551 473 uallandum,
1584 432 1708 473 quem

269 485 321 524 ab
353 497 403 523 eo
436 481 550 522 ocius
583 478 688 520 adiri
719 478 963 532 ambiguum
994 491 1078 518 non
1109 477 1176 519 sit.
1238 476 1456 532 Rogatum
1487 490 1614 532 super
1646 477 1709 519 his

268 541 492 593 Magnum,
535 536 848 591 presidiumque
886 535 1132 589 negacionis
1163 535 1359 589 amplecti
1388 540 1602 587 conatum,
1634 549 1710 577 rex

267 602 361 638 tuto
393 596 516 636 fateri
548 608 672 650 posse
694 593 918 648 promittit.
968 592 1046 634 Ille
1069 607 1233 634 summa
1254 606 1350 633 cum
1372 591 1710 634 dissimulacione

269 654 530 695 obiectorum
569 651 698 692 fidem
737 651 905 701 leuare,
948 649 1084 705 siquid
1125 650 1247 691 huius
1286 650 1402 691 modi
1448 655 1711 706 compertum

265 712 386 763 foret,
418 710 662 751 ulteriorem
692 709 770 749 sibi
793 707 808 761 Η
830 707 1001 749 ueniam
1031 708 1178 763 negari
1208 712 1419 763 precatus.
1479 708 1597 760 Rex,
1639 723 1710 751 ne-

266 771 462 823 gatorum
492 766 749 819 incredulus,
771 765 933 807 Adulfo
957 765 1137 819 cuidam,
1168 765 1342 820 insignis
1374 765 1491 818 fidei,
1523 765 1597 808 sed
1631 766 1712 808 cle-

265 826 403 867 ricalis
437 825 711 876 condicionis,
743 823 855 879 quod
891 828 1062 878 propter
1094 824 1302 865 Belticum
1337 824 1452 865 littus
1483 824 1710 878 habitaret,

267 883 582 925 obseruacionis
629 882 854 936 negocium
897 881 1095 934 mandat,
1145 895 1219 937 per
1262 881 1467 924 satellites
1514 881 1567 923 ad
1616 896 1710 924 eum

266 941 447 983 directos
480 940 617 981 cultus
653 944 695 982 et
728 940 915 994 corporis
948 940 1077 1005 notis,
1119 939 1271 995 quibus
1313 939 1527 995 predictus
1565 939 1711 995 Magni

264 999 440 1040 nuncius
464 998 769 1049 dinosceretur,
802 998 1027 1052 expressis.
1075 996 1236 1039 Taliter
1268 1002 1415 1053 captus
1437 997 1710 1054 Thormerus,

264 1071 312 1098 ac
343 1070 484 1098 coram
515 1069 618 1110 rege
646 1069 772 1111 super
794 1055 1029 1122 mandatis,
1049 1069 1231 1111 quorum
1265 1059 1378 1097 esset
1408 1055 1593 1110 gerulus,
1615 1070 1709 1111 per-

266 1115 457 1170 quisitus,
489 1118 586 1167 post
618 1112 779 1154 diutine
811 1113 1053 1167 negacionis
1081 1113 1296 1168 ambageS,
1329 1113 1561 1169 questionis
1593 1117 1710 1156 metu

266 1172 428 1214 credita
460 1171 538 1212 sibi
571 1175 734 1212 secreta
755 1170 930 1223 detexit,
961 1171 1124 1236 lignum
1147 1171 1411 1225 compactile,
1444 1172 1568 1226 quale
1591 1185 1709 1214 more

264 1230 428 1271 Danico
475 1227 608 1271 insster
654 1229 812 1270 amicos
860 1229 986 1295 sigilli
1030 1229 1118 1269 uim
1162 1229 1348 1281 obtinet,
1390 1243 1415 1269 a
1446 1242 1491 1270 se
1531 1229 1709 1284 epistole
1727 1241 1837 1270 cnx

265 1289 359 1330 loco
390 1287 547 1339 gestari
581 1286 813 1339 confessus,
847 1288 961 1328 cuius
985 1285 1202 1328 dimidium
1235 1301 1259 1328 a
1282 1286 1457 1328 Kanuto
1487 1291 1529 1329 et
1549 1286 1710 1330 Karolo

263 1345 438 1401 perinde
479 1359 527 1386 ac
571 1345 842 1400 syngraphus
881 1344 1123 1387 haberetur
1186 1344 1311 1386 Cuius
1353 1344 1590 1401 nequiciam
1632 1359 1711 1387 rex

266 1404 444 1444 uinculis
477 1402 683 1444 mulctare
706 1406 944 1454 contentus,
972 1402 1201 1444 Absalonis
1233 1416 1326 1444 eum
1351 1402 1539 1444 custodie
1570 1403 1710 1444 tradit.

265 1461 403 1515 Igitur
431 1474 506 1515 per
537 1459 785 1513 Nicolaum,
819 1460 974 1502 stabuli
1005 1461 1071 1501 sui
1101 1460 1386 1516 prepositum,
1419 1460 1709 1503 Fioniensium

265 1519 447 1560 militum
479 1533 573 1560 eum
606 1519 728 1573 sequi
757 1519 968 1559 iussorum
1001 1518 1168 1560 auxiliis
1202 1518 1473 1571 succinctum,
1495 1518 1710 1574 Magnum,

264 1576 438 1631 perinde
484 1590 533 1617 ac
580 1575 719 1617 denuo
768 1576 847 1617 sibi
884 1579 888 1622 1
922 1576 1197 1629 insidiosum,
1243 1589 1481 1631 penamque
1531 1577 1710 1632 perfidia

264 1634 481 1687 meritum,
522 1633 775 1688 capiendum
820 1637 968 1675 curat·
1012 1634 1093 1682 Qui
1134 1635 1176 1675 in
1222 1634 1415 1675 cubiculo
1456 1639 1581 1677 nocte
1612 1649 1708 1677 con-

266 1691 388 1732 cubia
411 1692 720 1740 circunuentus,
754 1691 853 1732 dum
885 1692 1060 1746 pristine
1083 1692 1250 1733 uirtutis
1273 1692 1495 1734 immemor
1526 1692 1705 1734 salutem

265 1749 462 1803 latebris,
503 1764 588 1791 non
628 1749 753 1791 armis
788 1750 1077 1816 circunspicit,
1108 1753 1206 1804 post
1236 1748 1360 1791 aulea
1390 1758 1584 1806 repertus
1615 1751 1709 1792 abs-

267 1807 459 1848 trahitur.
515 1806 583 1848 Ita
613 1807 788 1856 nescias,
811 1807 1072 1849 miseriorem
1096 1822 1192 1849 eum
1215 1806 1463 1850 deformitas
1496 1808 1708 1874 capcionis

267 1878 320 1905 an
352 1865 496 1919 capcio
538 1865 629 1920 ipsa
672 1864 915 1907 reddiderit.
978 1865 1157 1907 Oblatus
1198 1866 1311 1920 regi,
1354 1879 1450 1907 cum
1490 1880 1618 1921 super
1648 1867 1709 1907 in-

267 1922 466 1964 sidiarum
499 1923 674 1965 consilio
706 1926 940 1977 rogaretur,
972 1922 1219 1978 aliquandiu
1251 1923 1423 1965 obiectis
1460 1937 1505 1965 se
1537 1923 1710 1965 affinem

266 1980 461 2034 negabat.
523 1980 714 2022 Tandem
747 1981 1093 2022 conuincentibus
1125 1995 1222 2022 eum
1244 1980 1401 2036 captiui
1430 1981 1605 2029 indiciis,
1629 1981 1710 2023 dis-

267 2038 634 2093 simulacionisque
665 2039 841 2080 materia
861 2052 946 2080 non
967 2041 1232 2095 suppetente,
1265 2038 1530 2081 confessione
1553 2040 1710 2082 crimen

266 2096 445 2151 aperuit.
507 2095 637 2137 Cuius
669 2100 852 2137 mentem
893 2096 1024 2138 rubor
1055 2097 1195 2138 nescio
1228 2096 1384 2150 magis,
1429 2111 1483 2138 an
1514 2097 1710 2153 supplicii

268 2156 404 2194 metus
437 2152 649 2196 afflixerit.
697 2153 825 2196 Hunc
856 2168 932 2196 rex
963 2154 1017 2196 ad
1047 2154 1195 2195 urbem
1219 2153 1493 2196 Laterensem
1524 2156 1710 2207 missum,

268 2209 588 2266 Thorbernique
623 2211 814 2253 custodie
836 2211 1050 2264 traditum,
1084 2225 1251 2253 carcere
1281 2225 1406 2266 quam
1437 2217 1573 2254 morte
1603 2213 1710 2254 mul-

270 2273 383 2310 ctare
415 2269 577 2311 maluit.

405 2326 489 2367 Per
520 2326 634 2368 idem
665 2332 831 2383 tempus
865 2327 1118 2369 Sclauorum
1147 2327 1298 2383 pirate,
1330 2327 1519 2383 spoliatis
1535 2327 1710 2370 Walde-

266 2384 373 2424 mari
412 2383 589 2438 legatis,
632 2386 850 2440 nauigium
886 2385 1131 2427 muneribus
1173 2384 1307 2426 eidem
1340 2400 1364 2426 a
1395 2399 1543 2427 socero
1575 2389 1711 2427 trans-

270 2441 404 2483 missis
447 2446 644 2483 onustum
686 2457 849 2498 cepere.
912 2442 1041 2484 Cuius
1073 2442 1323 2497 reposcendi
1364 2443 1506 2498 gracia
1547 2444 1709 2485 nunciis

271 2499 323 2540 ab
357 2498 507 2541 eodem
538 2500 674 2542 missis
706 2501 891 2555 superbe
923 2515 1177 2556 responsum
1207 2499 1374 2543 dedere.
1436 2501 1531 2548 Qua
1559 2501 1712 2542 iniuria

276 2556 586 2605 Waldeniarus‚
619 2561 665 2599 ut
685 2571 762 2613 par
783 2564 888 2612 erat,
910 2572 1124 2608 accensus,
1148 2557 1381 2599 Henricum
1402 2558 1445 2599 in
1466 2558 1711 2600 societatem

272 2613 447 2656 ulcionis
485 2614 708 2669 sollicitat,
750 2615 1064 2672 Rugianisque,
1109 2615 1219 2671 quod
1261 2616 1479 2657 hostilium
1519 2616 1712 2658 locorum

205 2683 242 2709 40
274 2672 391 2732 gnari
433 2677 594 2732 essent,
625 2674 678 2734 sin
724 2673 1016 2720 commilicium
1057 2673 1268 2727 euocatis,
1300 2687 1376 2734 per
1403 2676 1406 2723 Ι
1436 2673 1608 2719 Suinam
1651 2674 1711 2716 in-

659 2764 670 2790 Χ,

1764 706 1845 741 (359

1766 2691 1791 2718 r>-
