1884 3126
214 1022 250 1047 ll)

220 1354 249 1379 15

208 1689 246 1716 ‘20

211 2076 248 2103 25

209 2404 250 2431 30

281 257 365 300 210

861 256 1157 300 ..Ἦ-

554 383 723 439 Vulgus
755 388 978 427 externum
1007 384 1200 439 fugiebat
1232 399 1364 439 esum,

555 441 646 483 Nec
677 441 758 484 fuit
788 443 962 485 summis
995 443 1110 498 epuli
1140 442 1294 496 libido;

555 499 654 555 Ipse
685 514 759 542 rex
791 514 922 555 paruo
955 501 1144 542 meminit
1174 500 1405 542 modestam

692 558 860 600 Ducere
890 559 1034 600 uitam.

556 663 698 705 Mellei
731 668 924 705 temnens
957 665 1139 719 speciem
1170 664 1332 719 saporis

558 721 772 763 Combibit
804 725 959 762 tostum
994 721 1157 763 Cereris
1189 722 1409 777 liquorem,

556 778 646 820 Noc
677 792 826 834 parum
859 781 987 821 coctis
1019 779 1238 821 dubitabat
1269 781 1343 832 uti,

694 837 804 879 Assa
834 851 1025 892 perosus

557 941 705 983 Mensa
736 942 953 997 perstabat
985 942 1148 984 modico
1180 946 1343 997 paratu,

556 999 775 1041 Exhibens
806 1005 1023 1055 sumptum
1056 1000 1173 1046 tenui
1205 1000 1352 1053 salino,

557 1057 722 1112 Nequid
758 1062 935 1099 externo
969 1058 1152 1099 uariaret
1184 1072 1263 1099 usu

691 1115 827 1157 Docta
858 1120 1062 1158 uetustas,

555 1219 797 1275 Amphoras
828 1234 950 1261 nemo
984 1224 1209 1275 patei-asne
1231 1218 1453 1274 ‘quondam

555 1278 705 1319 Intulit
737 1278 915 1327 mensis3
950 1278 1063 1320 dolio
1095 1277 1289 1332 profudit

554 1336 763 1377 Poculum
794 1349 976 1390 promuS,
1007 1349 1084 1377 nec
1118 1340 1208 1377 erat
1240 1334 1389 1376 catillis

693 1393 826 1449 Copia
858 1395 994 1449 pictis.

557 1496 689 1539 Nemo
722 1498 923 1540 transacti
956 1500 1181 1539 uenerator
1214 1498 1282 1538 eui

557 1555 780 1597 Cantharis
812 1555 948 1598 iunxit
980 1559 1135 1597 teretes
1168 1555 1319 1608 diotas,

558 1612 647 1654 Noc
680 1613 781 1655 cibis
812 1614 978 1655 lancem
1009 1612 1240 1655 cumulauit
1272 1613 1367 1653 olim

693 1671 897 1727 Comptus
930 1685 1073 1726 agaso.

555 1774 651 1816 Non
687 1776 802 1817 bieui
837 1777 997 1819 concha
1028 1777 1226 1817 ciathoue
1258 1776 1340 1817 lcui

554 1833 787 1875 Prandium
820 1848 954 1876 uanus
988 1834 1216 1876 decorabat
1247 1834 1426 1889 hospes3

556 1890 679 1932 Nunc
710 1906 855 1934 recens
888 1906 1053 1934 morum
1085 1891 1215 1933 facies
1248 1892 1455 1947 pudenter

696 1950 848 1992 Omnia
881 1951 1047 2006 pressit.

555 2053 638 2095 Ere
672 2055 763 2110 quis
795 2059 964 2120 sumpto
999 2056 1202 2096 toleraret
1238 2069 1435 2111 umquam

558 2111 701 2153 Funus
735 2112 878 2153 amissi
910 2112 1060 2153 redimi
1090 2114 1291 2168 parentis,

557 2171 642 2211 Aut
673 2169 766 2211 loco
799 2169 930 2226 patris
962 2175 1128 2225 peteret
1158 2172 1296 2212 necati

692 2227 845 2268 Munus
878 2228 929 2269 ab
962 2227 1118 2269 hoste?

557 2319 638 2368 Qui
670 2320 816 2361 ualens
852 2321 972 2361 heres
1004 2319 1254 2375 sobolesque
1286 2320 1425 2362 fausta

556 2377 729 2419 Talibus
760 2378 948 2419 iunctum
979 2379 1091 2419 latus
1123 2379 1369 2434 applicaret,

557 2435 617 2477 Vt
649 2436 727 2477 uiri
757 2450 912 2477 neruos
944 2441 1148 2477 uacuaret
1180 2450 1326 2478 omnes

695 2494 850 2535 Paccio
882 2494 1043 2549 turpis?

553 2585 694 2639 Vnde,
727 2600 820 2627 cum
853 2600 999 2640 regum
1033 2586 1144 2628 tituli
1177 2590 1385 2629 canuntur

553 2643 608 2685 Et
640 2643 794 2686 ducum
826 2648 947 2686 uates
979 2648 1211 2686 memorant
1241 2644 1492 2699 triumphos,

1757 510 1884 538 LXIII*

1778 679 1804 704 p.
1825 671 1873 696 5³11
