1884 3126
317 217 371 258 80
897 240 944 246 -
1007 217 1075 260 111
1140 211 1187 247 —ss

453 343 608 385 Adhuc
625 346 762 384 tamen
786 344 1048 400 propositum
1066 345 1218 400 exequi
1235 358 1319 385 non
1338 349 1559 387 cunctatus
1582 346 1758 402 (quippe
1778 358 1846 392 (45)

316 416 432 457 spem
454 402 543 443 eius
561 402 713 442 fiducia
730 402 960 444 maiestatis
978 402 1231 455 inflauerat),
1249 402 1426 457 puellari
1442 408 1561 444 ueste
1580 409 1759 459 sumpta,

316 465 466 514 quarto
500 473 640 514 regem
681 461 819 501 uiator
856 460 1091 501 indefessus
1137 461 1301 515 petiuit.
1363 461 1400 501 A
1434 474 1515 515 quo
1560 470 1757 517 receptus

316 531 398 558 non
439 518 566 559 modo
611 517 805 558 sedulum
847 532 904 570 se,
945 518 1019 560 sed
1053 518 1185 560 eciam
1217 518 1503 572 importunum
1554 519 1758 561 exhibuit.

265 599 281 616 ›
315 574 396 623 Qui
429 575 542 630 quod
576 575 832 617 muliebriter
864 589 995 631 prope
1029 575 1200 617 modum
1235 576 1371 617 cultus
1403 581 1526 629 esset,
1558 590 1583 617 a
1612 577 1758 632 pleris-

317 647 397 688 que
442 633 597 675 femina
627 633 890 675 credebatur.
966 633 1164 676 Ceterum
1198 648 1243 675 sc
1277 634 1486 676 uocabulo
1532 634 1757 684 Wecham‚

316 695 403 732 arte
436 690 639 732 medicam
672 691 929 743 testabatur3
962 692 1263 746 professionem
1297 705 1464 746 quoque
1495 693 1756 747 promptissi-

316 750 391 791 mis
423 749 749 790 commendabat
789 749 947 790 officiis.
1009 748 1199 790 Tandem
1240 750 1279 790 in
1323 750 1468 803 regine
1500 749 1782 791 famulicium.

315 807 512 858 adscitus,
540 807 680 862 puelle
702 806 998 862 pedissequam
1022 807 1116 861 ogit.
1149 811 1155 858 1
1183 806 1312 849 Cuius
1337 807 1467 849 eciam
1491 807 1647 862 pedum
1671 822 1756 849 sor·
1779 829 1805 853 p.
1829 821 1866 847 125

249 881 284 907 10
314 865 387 906 des
419 865 613 906 serotinis
646 865 761 906 horis
794 865 965 906 abluere
998 865 1175 907 solebat.
1238 864 1412 907 Licebat
1456 879 1625 921 quoque
1656 867 1761 921 lym-

315 922 440 978 pham
480 922 660 977 pedibus
707 923 958 964 ministranti
1007 937 1126 964 suras
1173 936 1221 963 ac
1267 923 1506 978 superiores
1551 924 1759 964 femorum

313 985 454 1036 partes
487 982 739 1035 contingere.
804 982 860 1021 At
892 981 1090 1035 quoniam
1123 981 1241 1022 uario
1287 980 1455 1022 fortuna
1497 995 1624 1036 passu
1665 995 1759 1035 gra-

315 1039 438 1091 ditur,
470 1038 582 1093 quod
604 1045 695 1080 arte
725 1044 964 1093 promptum
986 1053 1070 1079 non
1104 1042 1205 1090 erat,
1237 1038 1275 1079 in
1296 1038 1497 1092 expedito
1520 1053 1640 1080 casus
1663 1053 1760 1080 con-

314 1096 462 1138 stituit.
526 1096 692 1137 Accidit
715 1096 838 1144 enim,
868 1096 1051 1151 puellam
1086 1097 1274 1152 corporis
1307 1096 1503 1138 firmitate
1536 1097 1758 1150 defectam,

245 1170 282 1196 15
314 1154 628 1209 circumspectis
659 1154 794 1194 morbi
826 1154 1050 1205 remediis,
1082 1155 1122 1195 in
1154 1154 1304 1196 salutis
1335 1154 1563 1209 presidium
1597 1169 1758 1204 manuS‚

317 1226 418 1266 quas
453 1217 550 1253 ante
573 1211 859 1263 damnauerat,
892 1212 1128 1264 aduocare,
1151 1225 1363 1267 quemque
1393 1226 1558 1268 semper
1589 1212 1758 1253 fastidio

314 1269 536 1321 habuerat,
567 1274 832 1311 seruatorem
866 1269 1111 1311 adsciscere.
1159 1269 1240 1318 Qui
1271 1269 1473 1311 curiosius
1503 1277 1656 1311 cuncta
1686 1270 1759 1311 do-

315 1328 413 1368 loris
445 1327 598 1368 indicia
628 1331 931 1383 perscrutatus,
975 1332 1020 1368 ut
1050 1327 1198 1369 morbo
1232 1341 1357 1382 quam
1389 1329 1570 1383 primum
1617 1342 1759 1369 occur-

316 1390 494 1438 reretur,
526 1384 732 1428 medicata
763 1385 940 1440 pocione
972 1385 1178 1426 utendum
1212 1386 1415 1437 asseruit3
1449 1390 1635 1427 ceterum
1670 1385 1759 1427 eius

245 1458 282 1485 ‘20
313 1444 634 1498 temperamenti
668 1448 826 1484 tantam
859 1442 1131 1484 acerbitatem
1161 1442 1263 1496 fore,
1296 1447 1355 1493 ut,
1388 1443 1466 1484 nisi
1498 1443 1638 1499 puella
1670 1444 1758 1484 uin-

316 1501 418 1541 culis
458 1516 502 1542 se
555 1501 855 1543 continendam
897 1500 1102 1554 dedisset,
1157 1501 1389 1542 curacionis
1440 1502 1525 1542 uim
1571 1500 1758 1556 perferre

313 1573 397 1600 non
430 1565 589 1614 posset.
634 1559 703 1600 Ab
746 1558 900 1600 intimis
943 1559 1051 1600 enim
1095 1558 1210 1600 fibris
1254 1558 1389 1599 morbi
1430 1558 1756 1625 propulsandam

315 1631 410 1658 esse
455 1617 684 1658 materiam.
768 1617 862 1664 Quo
911 1622 1032 1675 pater
1078 1616 1244 1682 audito,
1295 1616 1423 1657 filiam
1468 1618 1627 1658 uincire
1674 1631 1757 1658 non

314 1674 487 1727 distulit,
503 1675 783 1730 iniec-tamque
803 1675 923 1716 thoro
943 1670 994 1715 ad
1015 1675 1166 1726 omnia,
1189 1688 1269 1729 que
1286 1673 1473 1716 medicus
1489 1674 1757 1728 admouisset,

245 1747 281 1774 ‘25
312 1732 571 1788 pacienciam
601 1737 790 1788 prestare
822 1733 955 1773 iussit.
1016 1732 1213 1774 Fallebat
1244 1732 1361 1773 illum
1393 1731 1562 1775 feminei
1595 1733 1757 1787 species

315 1791 464 1842 cultus,
499 1804 580 1846 quo
615 1804 748 1832 senex
769 1789 821 1831 ad
854 1789 1188 1831 obumbrandam
1222 1790 1322 1832 artis
1363 1805 1438 1832 sue
1475 1790 1755 1845 peruicaciam

314 1848 534 1902 utebatur3
567 1863 649 1903 que
681 1862 746 1889 res
767 1847 1064 1890 medicamenti
1084 1849 1264 1903 speciem
1297 1847 1349 1889 ad
1381 1848 1514 1903 stupri
1540 1848 1756 1889 licenciam

315 1906 543 1948 transtulit.
617 1906 806 1947 Medicus
850 1920 1055 1971 namque,
1101 1906 1267 1948 ueneris
1313 1907 1532 1947 occasione
1575 1910 1756 1961 sumpta,

314 1968 476 2005 mutato
501 1964 732 2006 curacionis
756 1964 907 2017 officio,
938 1963 1053 2019 prius
1075 1963 1124 2004 ad
1150 1962 1387 2005 exercende
1409 1963 1604 2017 libidinis,
1628 1978 1754 2020 quam

244 2035 280 2062 aa
311 2021 507 2078 pellende
538 2021 667 2064 febris
673 2023 912 2088 negocium
935 2022 1153 2077 procurrit,
1188 2021 1371 2063 adue1sa
1393 2021 1534 2076 puelle
1556 2021 1755 2063 ualitudi-

313 2094 366 2121 ne
387 2094 500 2132 usus,
533 2080 650 2121 cuius
671 2080 882 2121 inimicam
903 2080 980 2121 sibi
1011 2079 1344 2120 incolumitatem
1379 2085 1580 2135 expertus
1601 2079 1692 2121 fuel
1697 2085 1752 2121 at

314 2137 455 2179 Aliam
489 2151 657 2193 quoque
690 2151 739 2178 ea
771 2138 822 2178 de
855 2152 900 2179 re
932 2136 1171 2192 opinionem
1203 2137 1433 2179 subtexere
1466 2151 1548 2178 non
1581 2137 1754 2192 pigebit.

313 2195 446 2237 Aiunt
475 2195 586 2236 enim
609 2195 793 2250 quidam,
826 2194 957 2250 quod,
989 2206 1081 2235 cum
1103 2209 1179 2236 rex
1201 2194 1462 2236 laborantem
1493 2208 1636 2236 amore
1668 2208 1754 2235 me-

315 2252 458 2295 dicum
496 2257 612 2295 tanto
654 2252 780 2294 animi
814 2267 861 2294 ac
902 2252 1089 2307 corporis
1130 2251 1343 2307 impendio
1384 2253 1487 2294 nihil
1524 2250 1755 2307 profecisse

245 2325 282 2351 35
313 2315 609 2366 cognosceret,
650 2326 702 2353 ne
735 2311 841 2352 bene
883 2311 1078 2351 meritum
1109 2309 1250 2352 debita
1291 2310 1487 2352 mercede
1526 2309 1753 2363 fraudaret,

315 2368 575 2411 clandestino
607 2369 693 2410 filie
726 2368 952 2410 concubitu
985 2368 1111 2422 potiri
1152 2368 1400 2434 permiserit.
1459 2367 1582 2409 Adco
1627 2367 1754 2409 inter-

315 2427 415 2468 dum
455 2431 633 2483 paterna
672 2427 714 2468 in
746 2427 908 2482 prolem
948 2429 1166 2480 grassatur
1204 2426 1422 2480 impietas,
1470 2439 1562 2466 cum
1604 2429 1755 2466 nature

316 2485 588 2526 clemenciam
634 2484 821 2526 uiolenta
867 2484 1092 2538 corrumpit
1131 2483 1315 2525 affeccio.
1391 2482 1524 2531 Quem
1569 2496 1753 2524 errorem

318 2543 433 2585 edito
465 2543 549 2584 filie
579 2546 704 2598 partu
734 2542 863 2597 plena
893 2541 1059 2583 ruboris
1090 2541 1326 2597 penitencia
1356 2542 1572 2582 insecutus
1605 2545 1676 2582 est

245 2613 283 2655 4⁰,
435 2600 507 2642 At
535 2600 614 2651 dii,
656 2600 807 2655 quibus
853 2599 1050 2655 precipua
1092 2598 1204 2655 apud
1237 2598 1474 2640 Bizantium
1517 2598 1638 2639 sedes
1679 2597 1751 2639 ha-
