1884 3126
269 884 299 909 10

264 1171 299 1199 15

261 1459 297 1484 20

259 2034 296 2062 30

258 2322 293 2349 35

341 232 421 273 466
875 249 923 254 -
985 224 1123 267 XIIII
1184 251 1236 257 --

338 356 503 411 gocium
534 354 750 408 pacienter
779 353 1017 406 inspectare
1061 351 1314 392 ualentibus.
1379 350 1528 405 Itaque
1569 349 1773 404 paulatim

339 417 550 454 crescente
582 423 737 464 pugna,
768 409 873 449 adeo
908 409 1091 450 omnium
1123 408 1204 450 huc
1236 408 1363 449 animi
1395 408 1703 459 confluxerunt,
1728 412 1772 447 ut

337 485 389 511 ex
422 482 469 510 eo
502 468 600 508 belli
630 467 818 520 presultu
853 466 988 506 tocius
1021 467 1194 508 uictorie
1234 480 1399 507 summa
1433 464 1623 520 pendere
1656 465 1770 505 uide-

335 532 462 567 retur.
524 524 617 571 Quo
658 524 769 576 uiso,
810 524 917 564 filius
958 523 1184 565 Thorstani
1226 524 1402 575 Petrus,
1436 524 1619 563 onmium
1662 522 1772 576 regis

334 596 582 624 arcanorum
613 582 835 636 particeps,
868 594 951 621 non
983 581 1154 635 ignarus
1187 581 1348 622 Frisice
1379 580 1640 630 temeritatis,
1675 594 1772 621 con-

335 641 473 681 festim
496 639 648 679 aimari
671 638 903 679 exercitum
927 639 1231 693 prestolarique
1254 639 1399 679 castris
1429 643 1618 692 paratum
1642 638 1770 678 iubet.

334 698 474 739 Huius
508 696 564 737 rei
596 696 711 737 inscii
735 695 935 737 Frisones
967 700 1054 736 tota
1087 710 1251 737 amnem
1273 709 1401 736 manu
1431 703 1605 750 repente
1638 699 1770 736 trans-

332 756 491 802 uolant,
523 755 615 806 rati,
648 754 738 794 sine
771 758 920 807 paratu
954 767 1097 806 regem
1129 754 1168 793 in
1200 754 1344 794 castris
1378 767 1482 794 esse.
1543 753 1611 794 Ita
1642 753 1770 794 auda-

334 813 421 853 cius
454 825 578 865 quam
611 810 866 864 prudeneius
901 812 1033 851 omnis
1067 825 1213 852 eorum
1245 811 1395 865 irrupit
1435 812 1670 863 exercitus,
1710 811 1770 850 in-

330 870 544 924 opinatum
577 869 741 909 hostem
777 868 1013 923 opprimere
1046 868 1209 910 auidus,
1259 868 1343 910 Sed
1376 868 1655 909 Suenonianis
1686 882 1770 909 non

332 927 502 980 segnius
550 926 893 978 occursantibus,
938 925 987 965 ad
1038 930 1158 966 notas
1210 926 1286 966 sibi
1338 925 1530 979 refugere
1577 925 1768 981 paludes.

332 984 447 1032 Quas
480 998 578 1024 mox
622 984 787 1038 equites
827 983 1033 1024 factorum
1066 998 1090 1024 a
1121 998 1165 1025 se
1197 984 1395 1038 poncium
1435 984 1673 1024 stramentis
1707 984 1769 1024 usi

330 1042 452 1083 facile
485 1048 699 1096 superant,
731 1041 1009 1095 translatique
1041 1041 1181 1094 fugam
1214 1042 1416 1082 acerrime
1446 1047 1769 1096 persequuntur.

331 1099 460 1140 Aliud
492 1112 659 1153 quoque
692 1099 800 1139 ferro
835 1098 913 1138 sibi
946 1099 1243 1154 compendium
1268 1104 1448 1140 struunt.
1510 1098 1620 1139 Nam
1652 1102 1768 1139 tanta

328 1158 369 1198 in
399 1157 607 1211 fugientes
641 1161 805 1210 strages
829 1157 1016 1197 exercita
1050 1163 1125 1208 est,
1149 1162 1208 1209 ut,
1232 1158 1455 1198 constratis
1478 1157 1767 1208 cadaueribus,

329 1216 462 1256 amnis
495 1229 589 1255 mox
622 1228 645 1253 a
678 1214 908 1255 uictoribus
942 1215 1148 1268 permeari
1171 1215 1371 1268 potuerit.
1433 1214 1557 1256 Fusis
1584 1214 1767 1256 Friseni-

329 1273 434 1325 bus,
483 1271 678 1312 Kanutus
729 1285 822 1311 cum
870 1272 1013 1326 paucis
1062 1273 1176 1312 exilii
1222 1272 1344 1313 sociis
1391 1286 1520 1326 eques
1573 1272 1764 1314 elabitur.

329 1330 529 1384 Reliquis,
573 1329 674 1383 fuge
717 1330 986 1383 expertibus,
1029 1328 1253 1384 oppidum*
1284 1330 1474 1384 receptui
1520 1330 1611 1370 fuit.
1688 1328 1766 1370 Cui

333 1388 474 1428 Sueno
508 1387 727 1428 Kanutum
759 1388 894 1427 inesse
927 1391 1056 1437 ratus,
1090 1388 1297 1436 obsessos,
1330 1401 1451 1442 quarn
1485 1391 1676 1443 poterat,
1708 1387 1768 1428 in-

327 1446 468 1486 fensus
516 1444 785 1498 aggreditur,
832 1457 1028 1498 sperans,
1076 1445 1322 1486 obtencione
1368 1446 1456 1485 eius
1496 1445 1627 1486 tocius
1670 1444 1767 1485 belli

330 1503 455 1543 finem
498 1501 698 1544 futurum.
761 1501 933 1543 Saucios
972 1503 1144 1556 integris
1187 1507 1346 1553 mutat;
1391 1502 1511 1544 fessis
1554 1502 1766 1557 requietos

329 1559 555 1601 succedere
587 1560 725 1613 iubet3
759 1560 909 1600 diurno
943 1559 1073 1615 prelio
1106 1565 1358 1602 nocturnum
1391 1561 1535 1610 sociat,
1568 1560 1764 1615 omnique

330 1618 533 1659 instancia
568 1622 697 1670 curat,
731 1631 782 1657 ne
816 1618 933 1658 lassis
965 1618 1082 1672 quies
1114 1618 1300 1659 remedio
1332 1618 1417 1659 fiat.
1465 1617 1662 1658 Addebat
1694 1618 1764 1658 ob-

330 1675 454 1716 sessis
486 1675 669 1716 animum
714 1689 858 1716 recens
900 1675 1163 1730 captiuorum
1196 1676 1373 1726 occisio,
1405 1690 1483 1718 nec
1515 1676 1708 1730 cuiquam
1741 1691 1766 1717 a

282 1747 292 1761 r
328 1734 486 1775 uictore
509 1734 641 1774 tocies
664 1734 750 1774 leso
775 1733 898 1774 uenia
921 1733 1184 1787 sperabatur.
1234 1734 1392 1774 Contra
1413 1748 1502 1786 rex,
1524 1734 1558 1775 si
1581 1747 1762 1788 pugnam

329 1791 583 1843 remitteret,
623 1805 759 1845 neque
800 1805 899 1832 mox
942 1791 1096 1846 oppido
1141 1792 1370 1846 potiretur,
1413 1791 1564 1832 Fresos
1605 1791 1762 1831 auxilio

329 1848 508 1890 obsessis
547 1848 711 1890 futuros
762 1849 959 1900 timebat,
1007 1848 1188 1903 ideoque
1229 1849 1600 1903 perseueranciore
1632 1849 1762 1904 prelio

329 1920 434 1960 opus
476 1906 667 1947 ducebat.
730 1907 797 1947 Sic
839 1910 976 1948 metus
1010 1907 1206 1961 utrinque
1248 1907 1460 1961 pugnandi
1494 1907 1764 1961 pertinaciam

328 1964 503 2006 fecerat.
566 1964 656 2005 Nec
688 1964 867 2005 interdiu
902 1964 1123 2005 dimicasse
1156 1965 1364 2017 contenti,
1396 1971 1561 2005 noctem
1594 1977 1762 2019 quoque

326 2021 436 2062 bello
482 2022 762 2063 contribuunt.
823 2022 941 2063 Tunc
984 2035 1083 2062 uero
1116 2035 1271 2076 anceps
1303 2022 1482 2076 prelium
1515 2028 1626 2075 erat,
1669 2036 1761 2063 cum

326 2078 434 2120 forte
457 2079 769 2132 Waldemarus,
803 2080 983 2120 clamore
1015 2079 1246 2120 comminus
1279 2083 1391 2129 orto,
1423 2079 1575 2121 Fresos
1606 2081 1761 2120 instare

326 2141 455 2189 ratus,
487 2138 527 2178 in
567 2143 752 2192 partem,
791 2152 874 2192 qua
916 2137 1113 2191 strepitus
1145 2137 1474 2188 exaudiebatur,
1509 2151 1602 2178 cum
1633 2137 1762 2191 signis

326 2196 531 2246 accurrit,
571 2196 793 2249 sociosque
835 2207 1034 2250 perquam
1068 2201 1265 2236 strennue
1306 2199 1590 2250 repugnantes
1622 2208 1762 2235 errore

326 2253 460 2293 noetis
491 2249 634 2293 elusus
665 2254 883 2307 oppressit.
947 2252 1012 2293 [ta
1043 2252 1259 2293 fortissimi
1286 2253 1411 2293 animi
1443 2252 1530 2293 dux
1561 2253 1761 2306 temporis

325 2310 473 2351 habitu
505 2311 821 2364 circumuentus,
855 2310 1004 2364 quibus
1039 2324 1161 2364 opem
1182 2310 1292 2351 ferre
1317 2310 1577 2357 decreuerat,
1602 2310 1761 2351 cladem

327 2372 453 2423 atque
501 2368 680 2409 exicium
729 2368 943 2423 irrogauit.
1021 2366 1252 2422 Oppidani,
1308 2367 1489 2409 assiduis
1544 2368 1678 2423 plagis
1720 2373 1762 2409 et

327 2426 525 2467 continua
563 2425 810 2467 lassitudine
847 2425 1064 2471 exhausti,
1116 2425 1363 2480 nullumque
1409 2439 1549 2480 pugne
1594 2425 1760 2479 supple-

327 2489 515 2524 mentum
557 2483 785 2535 habentes,
818 2497 910 2523 cum
951 2496 1029 2523 nec
1059 2483 1171 2523 uires
1203 2497 1278 2524 nec
1319 2483 1494 2523 uulnera
1521 2484 1525 2535 1
1555 2483 1639 2523 ullo
1672 2497 1759 2523 mo-

327 2540 459 2583 menti
491 2541 630 2595 spacio
661 2554 850 2582 recreare
872 2540 1118 2596 quiuisscnt,
1140 2540 1372 2595 desperatis
1393 2541 1531 2588 rebus,
1559 2540 1757 2581 dedidere

260 2610 295 2637 40
326 2612 368 2640 se
409 2599 510 2654 regi.
584 2591 713 2683 Cuius
751 2598 879 2640 fidem
924 2601 1051 2653 atque
1092 2597 1384 2652 clemenciam,
1430 2598 1540 2639 ultra
1585 2611 1634 2640 ac
1679 2600 1758 2640 rati

1787 1343 1884 1383 cxx:

1814 2501 1843 2525 p.
1861 2493 1884 2519 6!
