1884 3126
247 876 282 902 10

248 1164 283 1190 15

246 1452 283 1479 20

245 1741 280 1767 25

246 2028 282 2055 30

244 2316 280 2344 35

246 2607 282 2634 40

317 226 401 266 472
850 238 901 246 --
960 215 1099 257 XIIII
1157 237 1211 244 —-

319 349 537 392 exordium
569 348 675 387 inter
706 344 856 385 milites
888 356 986 383 suos
1021 341 1283 383 Sueticarum
1314 341 1406 381 iura
1438 339 1747 394 prouinciarum

319 414 518 461 tanquam
549 404 646 445 belli
677 401 835 457 premia
864 400 1105 455 partiretur.
1166 399 1264 440 Duo
1297 410 1465 453 quoque
1506 412 1559 439 ex
1591 394 1748 452 proice-

316 465 430 506 ribus
468 463 554 503 eius
595 460 648 502 ad
691 459 928 514 opinionem
976 458 1099 498 unius
1142 456 1311 498 Suetice
1355 454 1527 509 uirginis
1568 455 1748 496 libidinis

320 520 581 564 emulacione
612 517 813 571 correpti,
846 515 1006 569 magnis
1047 515 1155 555 inter
1196 527 1240 555 se
1272 513 1419 568 iurgiis
1452 512 1653 554 dissidere
1684 526 1748 553 ce-

317 581 481 633 perunt.
544 575 671 616 Cuius
703 574 875 628 nupcias
907 587 984 614 rex
1015 573 1056 613 in
1088 571 1294 623 beneficio
1328 585 1403 612 suo
1435 584 1644 626 reponere
1674 585 1750 626 par

316 635 527 686 estimans,
559 637 680 687 capta
702 632 859 677 Suetia,
890 630 1060 671 forciori
1092 629 1349 671 connubium
1381 628 1615 684 pollicetur.
1657 628 1749 676 Quo

314 692 519 746 promisso
541 690 723 731 libidinis
746 689 891 730 emulis
913 701 1112 741 magnum
1135 688 1301 728 uirtutis
1325 692 1538 728 certamen
1559 686 1749 740 ingessit.

313 749 451 790 Tanta
493 747 606 803 apud
646 747 791 788 Danos
832 745 1011 786 fruende
1055 745 1196 786 Suetie
1238 744 1391 786 fiducia
1431 743 1520 786 fuit.
1580 743 1751 786 Interea

314 807 470 848 Suerco
512 806 611 846 belli
652 809 768 846 metu
809 804 975 845 crebras
1027 802 1080 843 ad
1124 816 1220 844 eum
1266 803 1319 843 de
1362 816 1466 857 pace
1507 802 1749 855 legaciones

314 864 491 915 direxit,
523 863 596 904 scd
629 862 754 904 nullis
787 861 1104 903 condicionibus
1138 860 1190 901 ad
1223 874 1316 901 eam
1345 859 1655 915 impetrandam
1688 874 1750 901 as-

314 935 485 974 surgere
519 921 666 962 ualuit.
727 920 876 974 Igitur,
908 919 1062 960 frustra
1094 918 1262 974 fatigari
1293 932 1337 959 se
1372 917 1543 970 uidens,
1584 933 1666 960 non
1706 932 1751 960 se

313 979 443 1035 prelio
479 979 656 1032 offerre,
687 992 772 1019 non
804 991 942 1029 arma,
985 991 1070 1018 non
1112 977 1432 1032 expedicionem
1464 990 1634 1031 parere,
1677 975 1750 1017 sed

313 1039 481 1091 ignotos
513 1036 698 1078 locorum
734 1050 924 1076 recessus
956 1049 1154 1090 querere,
1186 1049 1476 1090 summamque
1517 1034 1614 1074 belli
1648 1033 1750 1075 Sue-

315 1094 465 1135 onibus
497 1093 681 1135 credere.
747 1093 805 1134 Vt
836 1098 978 1134 autem
1013 1093 1154 1134 Sueno
1185 1092 1523 1134 difficillimorum
1555 1093 1750 1133 itinerum

316 1153 498 1193 euitaret
529 1152 756 1204 anfractus,
787 1152 1112 1192 instrumentum
1135 1151 1234 1191 belli
1255 1150 1418 1206 hyemis
1450 1151 1752 1205 expectacione

314 1210 569 1264 suspendit„
595 1209 647 1250 ab
692 1210 870 1251 astrictis
901 1209 1035 1263 glacie
1067 1209 1293 1262 paludibus
1333 1208 1610 1263 profeccionis
1643 1223 1750 1250 com-

313 1267 511 1323 pendium
555 1267 775 1322 petiturus.
847 1266 1045 1321 Hyberni
1080 1267 1223 1322 itaque
1262 1267 1465 1321 temporis
1504 1266 1752 1308 beneficium
1814 1323 1818 1328 .

314 1330 480 1375 nactus,
525 1325 794 1381 expediciora
834 1325 937 1379 legit
982 1325 1151 1375 itinera,
1196 1325 1435 1379 rapinisque
1480 1327 1522 1364 et
1561 1323 1751 1365 incendio

316 1383 505 1425 Finniam
527 1383 829 1437 predabundus
853 1382 1109 1437 aggreditur.
1163 1382 1400 1423 Occurrunt
1429 1381 1624 1436 indigene
1656 1396 1751 1436 sup-

314 1441 466 1496 plices,
509 1442 688 1495 patriam
735 1455 864 1495 seque
910 1440 1138 1494 dedentes3
1182 1454 1262 1481 nec
1306 1441 1363 1482 sic
1405 1454 1449 1481 se
1492 1440 1751 1481 subtraxisse

316 1499 523 1550 contenti,
568 1499 700 1540 eciam
746 1499 1048 1540 commeatibus
1089 1498 1283 1553 prebitis,
1325 1498 1619 1553 hospitalitatis
1654 1512 1749 1540 eum

315 1556 528 1611 obsequiis
560 1561 884 1612 prosequuntur.
929 1557 1033 1597 Post
1067 1557 1144 1597 hec
1174 1555 1452 1597 Werendiam
1479 1556 1619 1597 intrat.
1665 1555 1750 1596 Vbi

314 1615 366 1656 ab
397 1614 544 1656 incolis
575 1629 713 1669 neque
735 1615 873 1656 Marte
900 1628 1039 1670 noque
1070 1614 1292 1655 dedicione
1324 1617 1539 1669 exceptus,
1570 1614 1748 1654 flammis

314 1673 452 1714 omnia
482 1672 680 1727 ferroque
706 1672 926 1727 peruadit,
968 1673 1065 1714 uiris
1099 1686 1146 1713 ac
1176 1672 1343 1714 feminis
1374 1672 1528 1727 passim
1560 1671 1751 1712 solitudi-

312 1744 411 1771 num
442 1730 656 1772 inaccessa
698 1731 951 1785 petentibus.
1014 1730 1098 1771 Sed
1142 1734 1182 1771 et
1222 1731 1384 1785 prealte
1425 1730 1587 1770 niuium
1618 1729 1750 1771 moles

314 1788 413 1829 totis
443 1788 576 1830 ferme
610 1789 764 1844 campis
795 1789 1076 1839 incesserant,
1108 1788 1362 1843 frigorisque
1404 1791 1522 1829 tanta
1554 1787 1615 1828 uis
1647 1791 1749 1839 erat,

315 1849 361 1887 ut
399 1846 601 1888 uberibus
644 1847 802 1887 admoti
843 1847 1047 1899 infantes,
1090 1847 1236 1901 algore
1259 1845 1274 1898 ΙΙ
1296 1846 1505 1888 hebetatis
1536 1844 1746 1896 membris,

313 1904 420 1944 inter
450 1904 541 1959 ipsa
572 1905 692 1946 lactis
715 1905 913 1946 alimenta
935 1903 1202 1958 decederent,
1235 1909 1487 1958 matresque,
1511 1903 1633 1944 simili
1658 1902 1746 1943 fato

314 1962 563 2016 propinque,
597 1962 782 2004 extincta
812 1962 991 2017 pignora
1014 1962 1274 2004 moribundis
1297 1961 1586 2017 complexibus
1620 1965 1746 2002 attre-

314 2023 488 2062 ctarent.
557 2020 669 2061 Dani
708 2034 902 2075 quoque,
945 2020 1091 2062 eadem
1136 2020 1244 2061 aeris
1283 2019 1556 2061 inclemencia
1593 2018 1747 2070 afflicti,

314 2091 398 2117 non
429 2077 471 2117 in
503 2078 648 2119 castris
680 2083 826 2120 noctes
859 2079 1044 2133 exigere,
1077 2091 1161 2119 non
1193 2079 1394 2119 militares
1432 2077 1631 2118 excubias
1665 2073 1748 2131 obl-

314 2149 506 2188 seruare,
538 2150 635 2191 pars
666 2135 761 2177 foco
795 2137 896 2190 sibi,
934 2150 1030 2192 pars
1071 2139 1182 2177 tecto
1227 2135 1468 2187 consulere3
1511 2135 1631 2185 aeris,
1663 2148 1747 2175 non

314 2206 527 2234 armorum
565 2194 763 2236 seniciam
804 2195 847 2235 in
888 2199 1005 2236 metu
1046 2207 1273 2248 reponere3
1315 2193 1455 2235 cuncti
1487 2193 1580 2248 plus
1613 2193 1749 2234 celum

314 2264 437 2305 quam
479 2252 645 2292 hostem
690 2265 849 2294 cauere.
919 2251 1235 2295 Werendenses
1268 2255 1432 2301 autem,
1464 2250 1602 2305 quoad
1634 2251 1746 2304 regis

311 2308 495 2362 graciam
540 2309 875 2363 paciscerentur,
925 2311 1004 2351 iter
1054 2309 1304 2363 intercipere
1356 2309 1594 2363 cupientes,
1642 2309 1746 2349 cesis

314 2365 565 2418 nemoribus,
587 2372 828 2409 truncarum
853 2367 1050 2411 arborum
1075 2366 1402 2421 coa[u]gmentis
1423 2366 1621 2419 faucium,
1644 2380 1748 2420 quas

314 2428 608 2477 permeaturus
651 2429 784 2478 esset,
815 2430 997 2479 angusta
1027 2424 1293 2479 precludunt.
1355 2424 1501 2465 Tantis
1543 2424 1746 2478 siquidem

314 2481 705 2524 circumiacencium
722 2483 889 2538 rupium
911 2483 1166 2524 anfractibus
1184 2481 1498 2534 claudebantur,
1524 2486 1568 2522 ut
1585 2482 1746 2536 absque

313 2536 474 2592 ingenti
512 2539 731 2595 dispendio
775 2554 799 2582 a
838 2541 970 2583 latere
1015 2541 1209 2596 preteriri
1249 2540 1483 2595 nequirent.
1556 2539 1746 2588 Quorum

313 2608 417 2638 ausu
445 2611 526 2639 rex
555 2597 664 2640 inter
695 2595 976 2641 cenitandum*
994 2602 1183 2655 accepto,
1215 2612 1332 2640 more
1356 2598 1488 2640 omnis
1517 2597 1746 2655 inpaciens,

1801 1847 1879 1882 (265
