1884 3126
235 883 265 908 11)

233 1169 263 1195 15

227 2032 264 2060 30

228 2323 264 2350 35

300 233 381 274 502
832 246 885 251 —
944 219 1083 261 X1111
1143 244 1195 251 -

302 361 432 401 ferme
462 368 602 397 omnes
633 350 851 406 oppressit.
893 347 983 389 Nec
1013 348 1056 389 in
1077 350 1194 389 tanto
1227 347 1464 389 discrimine
1495 347 1735 403 quempiam

301 431 353 458 ex
385 415 467 455 suis
498 415 636 467 preter
666 422 796 449 unum
826 406 986 460 amisit,
1029 405 1315 460 pontificatum
1346 410 1388 446 et
1420 405 1615 446 miliciam
1646 406 1735 461 pul-

301 472 505 514 cherrima
545 467 718 508 uictoria
757 465 1007 518 auspicatus.
1079 463 1239 504 Paucos
1280 477 1333 504 ex
1365 462 1581 516 hostibus,
1618 477 1735 505 arma

300 529 513 584 spoliaque
545 525 644 578 fuge
676 523 845 564 liberius
876 520 1055 562 ineunde
1094 520 1237 575 gracia
1274 535 1350 576 per
1379 521 1594 575 ignauiam
1624 521 1736 563 abie-

301 590 473 635 ctantes,
506 584 644 623 iuncta
676 581 833 635 campis
864 579 969 620 silua
998 579 1195 630 seruauit.

437 640 602 682 Eodem
633 652 742 679 anno
784 637 927 678 ciuitas
958 635 1212 691 Arusyensis
1253 637 1465 678 acerrimis
1505 637 1735 691 piratarum

299 699 530 741 incursibus
575 696 731 737 afflicta
778 694 983 750 proditur.
1056 694 1174 734 Tunc
1219 708 1382 749 quoque
1427 694 1735 736 Falstrensibus

296 757 550 812 paucitatem
594 768 712 795 suam
756 752 956 793 aduersus
1006 751 1213 792 infinitam
1263 751 1508 794 Sclauorum
1561 753 1735 794 classem

297 814 462 869 publica
493 811 727 853 municione
757 809 994 862 tuentibus,
1035 823 1128 850 cum
1159 809 1270 851 forte
1301 811 1501 864 pincerna
1539 810 1650 864 regis
1680 810 1734 851 ad

296 873 380 913 alia
410 870 584 925 negocia
615 868 806 910 obeunda
847 869 889 908 in
931 882 1025 908 eam
1056 868 1318 921 prouinciam
1349 869 1496 910 missus
1527 872 1735 911 communi

296 929 508 970 obsidione
538 931 821 982 premeretur,
862 925 1182 980 prouincialium
1222 927 1392 980 quidam
1427 928 1593 970 arbitris
1624 929 1735 983 regis

296 987 522 1041 segniciem
543 984 839 1040 exprobrando
872 984 1025 1025 dixisse
1048 984 1196 1037 fertur,
1228 985 1389 1038 priores
1410 999 1531 1040 reges
1562 987 1603 1027 in
1624 987 1734 1040 talis,

295 1048 533 1099 presentem
564 1056 662 1084 uero
694 1043 737 1083 in
760 1042 895 1096 prima
915 1042 1073 1097 pedum
1094 1046 1213 1095 parte
1236 1043 1467 1085 calcaribus
1489 1045 1733 1086 assueuisse.

297 1102 417 1150 Quod
442 1101 599 1142 dictum
625 1100 843 1155 pincerna,
872 1100 1030 1141 desidie
1063 1100 1322 1142 consciencia
1352 1106 1623 1156 prouocatus,
1649 1117 1734 1143 ma-

295 1160 410 1213 ligna
441 1159 569 1200 animi
608 1158 959 1212 interpretacione
990 1157 1117 1211 regiis
1148 1158 1318 1200 auribus
1349 1159 1496 1213 modo,
1538 1175 1617 1215 quo
1647 1175 1733 1202 non

294 1217 463 1271 debuit,
495 1216 740 1269 inculcauit,
772 1219 827 1268 et,
860 1215 971 1270 quod
1002 1230 1075 1257 sue
1107 1217 1360 1258 contumelie
1392 1222 1501 1266 erat,
1534 1218 1577 1259 in
1607 1219 1734 1260 maie-

294 1275 412 1316 statis
457 1274 726 1328 opprobrium
772 1273 995 1315 transtulit.
1071 1272 1170 1315 Alia
1217 1288 1380 1329 quoque
1425 1275 1538 1317 haud
1586 1277 1734 1318 leuiori

295 1332 587 1373 criminacione
610 1331 835 1373 aduersum
856 1331 1118 1373 Falstrenses
1146 1337 1388 1386 asperatum
1409 1334 1521 1388 regis
1551 1334 1735 1375 animum

294 1390 607 1440 inflammabat,
640 1390 761 1430 unius
792 1390 1005 1444 precipitis
1044 1389 1187 1444 lingue
1222 1390 1540 1432 uehemenciam
1570 1392 1736 1434 uniuer-

225 1458 241 1483 2
292 1462 431 1489 sorum
471 1447 636 1489 excidio
678 1447 881 1488 mulctare
928 1447 1110 1500 cupiens.
1186 1447 1403 1503 Siquidem
1448 1449 1736 1504 impiissimam

293 1506 352 1547 eis
392 1505 643 1560 prodicionis
684 1519 839 1547 noxam
880 1505 1037 1556 affixit,
1082 1506 1198 1560 quasi
1245 1507 1508 1548 consiliorum
1549 1508 1736 1548 omnium

294 1563 517 1605 aduersum
548 1563 757 1604 Sclauiam
789 1567 1085 1617 conceptorum
1118 1563 1271 1604 indicia
1309 1564 1363 1605 ad
1403 1579 1496 1605 eam
1526 1566 1737 1607 transmit-

293 1626 382 1663 tere
413 1621 570 1674 solitis3
612 1621 1039 1675 familiaritatemque,
1079 1635 1203 1676 quam
1234 1621 1444 1663 interdum
1475 1623 1736 1665 conciliande

294 1679 373 1721 sibi
404 1679 548 1720 salutis
579 1679 723 1733 gracia
754 1678 807 1720 ad
838 1678 977 1720 hostes
999 1678 1226 1733 habebant,
1259 1680 1302 1720 in
1333 1680 1490 1721 crimen
1512 1680 1735 1735 deducens,

227 1745 243 1771 2
294 1737 515 1792 obsequia,
555 1735 677 1791 <que>
714 1736 854 1777 timori
892 1737 1035 1790 pocius
1079 1751 1204 1792 quam
1243 1738 1408 1779 caritati
1449 1737 1735 1792 erogaba<n>t,

295 1793 586 1849 perfidie[que]
629 1793 872 1850 deputabat.
933 1793 1046 1835 Nam
1088 1798 1129 1836 et
1171 1795 1355 1850 captiuos
1395 1810 1420 1837 a
1462 1795 1622 1838 Sclauis
1658 1797 1736 1839 sibi

295 1852 533 1895 commissos
564 1852 607 1892 in
639 1852 826 1893 custodia
858 1866 1088 1906 asseruare,
1121 1856 1163 1894 et
1184 1853 1416 1909 plerunque
1438 1854 1574 1908 patrie
1605 1869 1736 1908 arma,

294 1914 409 1952 metu
429 1910 574 1964 pocius
596 1924 723 1965 quam
742 1909 1033 1952 beniuolencia
1054 1910 1237 1965 adducti,
1259 1911 1345 1953 lato
1376 1911 1562 1953 hostibus
1584 1914 1734 1954 nuncio

293 1981 538 2022 precurrere
582 1971 898 2018 consueuerant,
939 1968 1095 2010 scilicet
1133 1972 1181 2009 ut
1217 1969 1396 2010 salutem
1426 1983 1568 2024 suam,
1611 1985 1736 2025 quam

293 2025 451 2067 uiribus
496 2029 717 2080 protegere
764 2025 1018 2080 nequibant,
1064 2026 1214 2067 saltem
1263 2027 1464 2068 beneficio
1514 2028 1736 2070 munirent.

295 2083 433 2124 Huius
464 2083 605 2138 itaque
637 2083 837 2138 pestifera
865 2097 939 2125 rex
961 2083 1259 2125 exhortacione
1281 2088 1517 2140 corruptus,
1539 2086 1736 2141 reliquias

295 2141 478 2183 Falstrie
524 2141 635 2182 ferro
677 2141 844 2196 penitus
891 2141 1116 2183 exhaurire
1162 2141 1396 2197 constituit,
1437 2146 1561 2197 atque
1600 2143 1653 2184 ad
1693 2144 1736 2185 id

296 2198 586 2254 peragendum
632 2198 847 2240 Sialandie
879 2199 1087 2240 duntaxat
1118 2199 1392 2241 ministerium
1428 2200 1618 2242 sufficere
1650 2216 1736 2243 cre-

297 2257 415 2298 didit.
485 2255 701 2298 Absalone
747 2270 847 2311 ergo
902 2256 1171 2298 orientalibus
1217 2257 1351 2299 insule
1398 2258 1525 2313 copiis
1571 2272 1735 2313 preesse

296 2315 431 2369 iusso,
465 2313 744 2356 occidentales
775 2314 863 2370 ipse
894 2314 1065 2356 ductare
1096 2314 1267 2368 statuit,
1307 2315 1545 2369 ingentibus
1580 2317 1736 2370 passim

297 2372 544 2427 exiguisque
575 2372 754 2426 nauigiis
785 2373 1017 2414 exercitum
1048 2372 1308 2414 traiecturus.
1346 2371 1407 2414 At
1428 2373 1734 2427 Sialmdenoes,

297 2430 406 2484 quod
437 2444 532 2470 cum
561 2429 871 2471 Falstrensibus
902 2429 1084 2471 diutinas
1115 2443 1162 2471 ac
1192 2429 1463 2472 uehementes
1495 2431 1735 2473 inimicicias

297 2492 539 2542 gesserant,
584 2491 778 2542 acceptas
827 2487 1000 2529 iniurias
1051 2487 1337 2529 communibus
1387 2488 1514 2530 armis
1558 2503 1735 2544 pensare

299 2545 537 2598 cupientes,
579 2545 687 2586 ultro
730 2541 966 2599 im'perium
1009 2545 1207 2600 obsequio
1249 2546 1563 2599 procurrebant,
1604 2547 1735 2597 letati,

230 2612 267 2640 40
297 2615 441 2656 regem
486 2603 564 2644 sibi
608 2602 831 2647 aduersum
881 2603 1040 2645 emulos
1090 2603 1191 2645 belli
1241 2603 1390 2645 ducem
1439 2608 1734 2661 auctoremque
