1884 3126
115 882 152 909 10

113 1173 148 1200 15

112 1463 149 1490 20

61 1750 146 1782 ‘25

108 2045 145 2072 30

107 2333 145 2362 35

107 2623 144 2651 40

760 240 816 247 —-
875 217 969 260 1111
1028 243 1082 248 ——-
1557 225 1637 267 103

189 339 450 397 querendam
483 341 664 397 putauit,
697 355 778 397 quo
795 342 932 384 solam
955 346 1197 400 prosperius
1231 348 1375 401 egerit.
1421 347 1510 391 Nec
1542 362 1638 390 eum

191 400 332 455 opinio
385 399 547 441 fefellit.
628 400 951 455 Speculatorem
997 403 1153 458 quippe
1206 405 1467 448 clandestino
1519 406 1637 448 aditu

188 463 355 500 scutum
387 471 437 499 ac
469 458 657 500 chartam
693 458 871 513 pristino
903 459 998 502 loco
1032 475 1238 517 reponere
1271 465 1510 519 cupientem
1540 479 1635 520 pro-

190 516 332 558 siliens
351 516 537 571 corripit,
557 521 812 572 captumque
829 518 1063 560 uinclorum
1080 533 1188 575 pena
1209 520 1434 564 choercuit.
1456 522 1636 574 Deinde,

192 575 387 617 excitatis
418 574 654 626 comitibus,
687 575 832 630 regine
863 581 1041 631 penates
1072 578 1245 620 accedit.
1309 579 1386 621 Cui
1418 594 1471 621 ex
1503 581 1637 622 soceri

188 647 370 689 persona
392 632 658 675 consalutate
681 634 896 689 scriptum,
917 635 1190 691 eiusdemque
1211 637 1345 692 sigillo
1367 638 1636 692 obsignatum

186 691 390 747 porrexit.
416 690 540 739 Quod
556 705 649 732 cum
663 692 896 747 accepisset
908 692 1228 735 Hermuthruda
1242 695 1405 750 (regine
1423 697 1463 737 id
1482 710 1634 737 nomen

186 750 294 803 erat)
326 749 677 805 perlegissetque,
710 764 884 805 operam
916 750 1106 794 Amlethi
1138 752 1471 809 industriamque
1494 755 1634 796 uerbis

184 807 509 864 impensioribus
541 812 779 863 prosecuta,
811 808 941 850 iustas
960 809 1207 865 Fengonem
1227 825 1358 866 penas
1380 812 1632 867 pependisse

183 866 364 919 dicebat,
408 867 547 921 ipsum
584 879 687 908 uero
719 866 961 909 Amlethum
1004 882 1091 909 rem
1134 868 1317 910 humana
1361 869 1632 912 estimacione

183 926 386 967 maiorem
411 925 761 979 incomprehense
782 924 1084 980 profunditatis
1103 927 1272 982 ingenio
1293 928 1499 978 molitum,
1523 928 1634 984 quod

183 997 268 1025 non
299 983 438 1025 solum
468 983 636 1038 paterni
669 984 793 1025 exicii
842 985 1108 1040 maternique
1149 986 1405 1028 concubitus·
1426 986 1634 1027 ulcionem

183 1041 444 1084 inscrutabili
462 1055 611 1083 sensus
634 1041 858 1082 altitudine
874 1049 1133 1084 commentus
1143 1042 1304 1095 fuisset,
1316 1058 1464 1085 uerum
1479 1041 1483 1099 Ι
1498 1044 1627 1086 eciam

182 1114 363 1155 regnum
396 1101 499 1152 eius,
531 1113 555 1140 a
586 1114 669 1155 quo
713 1099 880 1151 crebras
918 1101 1091 1142 insidias
1123 1107 1325 1156 expertus
1361 1101 1511 1154 fuerat,
1541 1116 1634 1144 con—

180 1158 333 1214 spicuis
365 1157 587 1213 probitatis
621 1158 819 1213 operibus
853 1164 1113 1214 occupasset.
1168 1159 1458 1207 Quamobrem
1491 1161 1633 1201 mirari

181 1231 225 1258 se
258 1221 344 1258 tam
377 1215 531 1258 eruditi
562 1216 722 1271 ingenii
759 1217 897 1257 uirum
928 1231 1012 1258 uno
1045 1218 1295 1273 nupciarum
1326 1216 1491 1260 *errore
1520 1218 1634 1259 labe-

180 1274 327 1316 factari
358 1275 560 1331 potuisse,
598 1275 682 1330 qui,
716 1288 813 1315 cum
845 1274 1048 1316 humanas
1081 1289 1190 1331 pene
1221 1291 1288 1317 res
1311 1277 1501 1318 claritate
1524 1280 1636 1317 tran-

181 1333 370 1387 scendat,
393 1334 435 1374 in
456 1332 690 1388 ignobilem
713 1333 1020 1389 obscuramque
1038 1334 1234 1389 copulam
1251 1335 1474 1390 prolapsus
1494 1333 1560 1375 uid
1570 1347 1636 1375 ea-

181 1395 264 1433 tur.
327 1391 496 1446 Quippe
529 1391 752 1445 coniugem
785 1391 874 1432 eius
906 1391 1042 1433 seruis
1074 1392 1320 1447 parentibus
1354 1407 1473 1445 esse,
1507 1406 1636 1447 quan-

180 1464 306 1505 quam
340 1464 410 1492 eos
434 1448 607 1490 fortuna
630 1450 755 1504 regiis
780 1449 1010 1492 honoribus
1035 1455 1297 1492 exornasset.
1346 1451 1397 1492 In
1432 1455 1635 1505 expeten-

182 1507 244 1549 dis
276 1507 485 1563 siquidem
517 1508 723 1562 coniugiis
767 1506 969 1562 prudenti
1001 1522 1084 1549 non
1116 1508 1252 1550 forme
1283 1507 1518 1563 fulgorem,
1558 1507 1630 1548 sed

181 1566 352 1620 generis
376 1565 655 1608 meciendum.
709 1565 980 1621 Quapropter
1010 1567 1044 1607 si
1075 1566 1152 1607 rite
1176 1567 1191 1619 Η
1214 1567 1410 1621 copulam
1442 1570 1630 1621 appetat.

180 1625 425 1679 prosapiam
471 1624 639 1665 estimet
686 1638 765 1665 nec
815 1625 956 1679 specie
1017 1625 1232 1680 capiatur,
1281 1639 1364 1679 que
1407 1638 1502 1665 cum
1542 1623 1632 1664 ille-

180 1682 404 1724 cebrarum
445 1682 755 1723 irritamentum
787 1683 862 1734 sit,
906 1682 1137 1724 multorum
1182 1682 1408 1724 candorem
1450 1682 1632 1723 inaniter

177 1740 319 1799 fucata
358 1739 549 1783 detersit.
609 1740 715 1782 Esse
759 1753 886 1791 uero,
930 1755 1059 1795 quam
1103 1740 1181 1782 sibi
1221 1740 1441 1782 nobilitate
1484 1753 1631 1795 parem

179 1798 385 1841 asciscere
417 1799 564 1853 possit.
605 1798 659 1840 Se
691 1798 912 1854 siquidem,
944 1812 1023 1840 nec
1054 1799 1180 1840 rebus
1211 1802 1385 1840 tenuem
1431 1811 1508 1838 nec
1539 1811 1632 1838 san-

181 1856 307 1911 guine
355 1855 581 1911 humilem,
630 1856 720 1898 eius
764 1855 1031 1911 amplexibus
1079 1856 1276 1897 idoneam
1320 1855 1434 1906 fore,
1479 1859 1630 1910 utpote

182 1929 310 1969 quam
327 1928 406 1957 nec
423 1914 563 1969 regiis,
586 1914 738 1970 opibus
759 1915 916 1968 uincat,
938 1928 1017 1956 nec
1034 1915 1148 1956 auito
1166 1913 1391 1969 splendore
1413 1913 1629 1970 precellat.

182 1972 352 2029 Quippe
383 1972 568 2027 reginam
593 1988 639 2015 se
672 1987 777 2025 esse,
812 1976 867 2024 et,
898 1972 979 2014 nisi
999 1971 1286 2027 refragaretur
1308 1986 1451 2021 sexus,
1482 1985 1628 2025 regem

177 2031 412 2073 existimari
432 2045 581 2087 posse3
614 2031 756 2083 immo,
790 2030 903 2087 quod
929 2031 1070 2072 uerius
1090 2035 1167 2082 cst,
1190 2044 1484 2086 quemcunque
1506 2028 1628 2070 thoro

177 2103 253 2130 suo
288 2089 459 2141 dignata
480 2089 621 2143 fuerit,
654 2103 800 2145 regem
819 2088 1015 2139 existere,
1042 2102 1307 2144 regnumque
1339 2103 1384 2130 se
1417 2101 1511 2129 cum
1543 2101 1629 2128 am-

176 2147 376 2202 plexibus
409 2147 521 2190 dare.
583 2147 649 2189 Ita
681 2153 723 2190 et
755 2147 918 2202 nupciis
950 2152 1162 2203 sceptrum
1197 2151 1239 2189 et
1260 2149 1425 2201 sceptro
1456 2145 1628 2199 nupcias

176 2205 452 2261 respondere.
511 2204 602 2248 Nec
635 2206 756 2261 parui
787 2205 982 2247 beneficii
1007 2219 1112 2257 esse,
1146 2218 1239 2247 eam
1264 2204 1455 2259 proprios
1478 2202 1627 2244 offerre

177 2264 413 2319 amplexus,
447 2278 531 2318 que
563 2264 672 2306 circa
703 2264 805 2306 alios
837 2263 948 2304 ferro
980 2264 1195 2318 repulsam
1219 2263 1371 2317 exequi
1395 2275 1626 2303 consueue-

176 2327 255 2368 rat.
318 2320 528 2363 Hortatur
559 2322 726 2378 itaque,
768 2320 963 2377 placendi
1003 2320 1190 2363 studium
1231 2320 1270 2361 in
1315 2335 1359 2362 se
1390 2318 1660 2371 transferat,v

176 2379 218 2420 in
251 2394 294 2421 se
329 2383 476 2422 uotum
519 2381 715 2435 nupciale
757 2380 980 2433 deflectat,
1026 2392 1246 2434 genusque
1276 2377 1410 2419 forme
1441 2375 1627 2432 preferre

178 2437 324 2479 discat.
387 2437 484 2479 Hec
517 2437 675 2492 dicens,
707 2437 887 2480 astrictis
917 2437 960 2478 in
991 2451 1088 2479 eum
1122 2435 1410 2491 complexibus
1441 2433 1537 2476 ruit.

316 2495 411 2547 Ille,
442 2499 528 2536 tam
560 2497 669 2537 comi
701 2495 877 2550 uirginis
910 2494 1077 2550 eloquio
1111 2494 1367 2546 delectatus,
1402 2493 1444 2533 in
1477 2495 1623 2532 mutua

177 2554 415 2609 prorumpit
457 2554 625 2606 oscula,
670 2554 857 2596 alternos
899 2553 1199 2608 complexuum
1245 2550 1378 2592 nodos
1426 2549 1622 2592 conserit.

175 2611 362 2668 sibique,
403 2611 516 2668 quod
556 2612 732 2669 uirgini,
776 2611 980 2668 placitum
1024 2612 1297 2666 protestatur.
1358 2607 1429 2649 Fit
1470 2605 1623 2649 deinde

1673 1063 1697 1087 p.
1724 1054 1771 1080 158

1670 1228 1818 1257 xxxua

1698 1575 1767 1609 (58)
