1884 3126
197 880 254 915 ,ιο

213 1452 250 1479 20

215 1740 250 1766 25

213 2027 251 2053 30

213 2604 248 2631 40

293 229 374 271 340
875 221 1141 264 —X—

290 353 477 407 plexum,
509 349 847 392 adolescenciam
878 362 997 390 suam
1028 349 1138 390 intra
1168 347 1386 390 uiduitatis
1417 348 1622 403 gremium
1654 347 1724 390 ob-

290 415 425 451 terere
454 422 601 463 passus
634 421 717 447 non
748 411 824 448 est.
886 406 1022 460 Igitur
1061 411 1264 461 quantum
1304 406 1426 446 alteri
1456 410 1724 460 contemptus

289 467 494 520 alterique
525 464 814 505 ueneracionis
848 463 1045 516 defer,ret
1077 464 1254 518 apeiuit.
1298 463 1510 518 Syritham
1541 477 1722 518 namque

289 523 483 577 colloquii
516 522 787 563 simulacione
820 496 1045 562 celebriter
1073 521 1339 573 accersitam,
1381 521 1596 574 nauigium
1629 535 1723 562 con-

289 580 453 622 serendi
495 593 634 620 secum
676 579 878 620 sermonis
919 578 1058 632 gracia
1103 579 1340 620 subintrare
1372 578 1534 633 petiuit.
1597 578 1724 619 Cuius

286 637 479 692 precibus
512 637 677 689 regina,
726 649 807 690 quo
840 635 1094 677 uerecundie
1127 637 1391 676 munimento
1424 637 1559 677 tucior
1591 637 1723 689 fieret,

287 694 528 748 aliquandiu
559 694 788 743 reluctata,
830 693 881 733 ad
916 699 1152 734 extremum
1184 694 1359 747 imperio
1393 695 1529 735 cessit.
1589 693 1725 748 Igitur

286 753 358 792 uix
391 756 515 806 atque
548 765 647 805 egre
680 750 988 805 obtemperanti
1021 750 1180 804 lignum
1219 750 1448 805 pensilibus
1482 751 1596 792 uncis
1629 751 1724 792 sub-

286 811 430 849 nixum
482 810 621 863 pontis
673 810 766 849 loco
819 807 1058 849 scandende
1117 809 1270 863 puppis
1320 809 1461 862 gracia
1510 809 1723 850 sternitur.

286 866 409 913 Quod
443 881 535 907 cum
576 880 722 920 regem
765 865 930 906 aditura
974 866 1303 918 conscenderet,
1344 865 1492 907 eodem
1525 880 1600 920 per
1629 867 1725 908 insi-

286 923 427 965 diosos
460 924 678 977 subducto,
710 937 886 978 preceps
918 922 1114 964 fluctibus
1147 923 1352 965 obuoluta
1385 929 1460 965 est.
1502 923 1594 966 Nec
1627 938 1723 966 con-

286 981 391 1022 tenti
422 985 549 1022 naute
583 981 881 1035 amplissimam
914 982 1175 1022 maiestatem
1208 981 1355 1022 ultimo
1388 981 1595 1024 dedecore
1627 996 1725 1023 con-

285 1039 465 1090 fudisse,
509 1052 590 1093 quo
632 1039 781 1079 clarius
813 1038 1083 1079 libidinosum
1116 1039 1152 1079 ei
1185 1038 1370 1079 animum
1402 1039 1723 1094 exprobrarent,

284 1097 424 1136 inflicti
457 1110 577 1138 casus
611 1096 914 1150 turpitudinem
937 1097 1120 1137 clamore
1143 1096 1220 1137 sub
1243 1095 1428 1137 hinnitus
1450 1097 1590 1152 specie
1613 1097 1723 1138 edito

237 1166 251 1190 ·›
281 1154 491 1208 persecuti
534 1165 644 1194 sunt.
706 1154 799 1194 Hec
841 1158 904 1195 est
935 1153 1177 1207 Noruagica
1222 1153 1486 1207 humanitas,
1528 1154 1635 1196 dolis
1676 1168 1724 1195 ac

283 1211 492 1253 derisione
526 1211 752 1262 instructa,
798 1226 880 1267 que
913 1211 1252 1266 splendidissime
1283 1211 1438 1253 femine
1470 1212 1596 1254 fidem
1628 1226 1723 1267 pro-

283 1269 416 1309 brosis
448 1269 606 1310 insidiis
657 1269 967 1320 circunuenire,
1009 1270 1241 1311 matronale
1284 1269 1413 1311 decus
1457 1270 1722 1312 contumeliis

281 1327 549 1380 proculcare,
590 1340 860 1381 amoremque
900 1327 1128 1380 ignominia
1159 1327 1391 1382 rependere
1423 1341 1507 1368 non
1540 1328 1722 1369 erubuit.

282 1384 337 1425 Et
368 1399 468 1425 sane
503 1384 687 1439 quisquis
721 1385 757 1424 ei
788 1384 945 1439 populo
980 1384 1289 1426 humanitatem
1321 1389 1447 1440 atque
1477 1386 1722 1441 obsequium

281 1447 439 1496 erogat,
471 1443 644 1495 ingratis
678 1441 948 1482 be’ffleficium
979 1446 1154 1496 prestat.
1197 1442 1255 1483 At
1285 1444 1442 1497 regina,
1475 1458 1583 1498 pone
1614 1444 1721 1498 peri-

283 1500 376 1540 culo
409 1498 659 1552 prelfocata,
700 1514 853 1554 magno
901 1513 995 1540 cum
1029 1499 1245 1541 Sueonum
1277 1502 1428 1542 rubore
1460 1515 1559 1555 egre
1590 1501 1720 1542 littori

282 1557 475 1598 restituta
507 1561 583 1599 est.
631 1557 817 1598 Tandem
851 1562 1021 1612 recepto
1054 1558 1215 1613 spiritu,
1247 1558 1554 1613 impudiciciam
1588 1559 1665 1599 sibi
1697 1573 1721 1599 a

282 1629 381 1668 rege
412 1616 712 1670 exprobratam
754 1615 964 1666 iudicans,
1005 1616 1201 1657 ruborem
1242 1616 1415 1671 periculi
1457 1617 1583 1657 tacita
1612 1616 1720 1658 ferre

280 1672 487 1727 nequiuit,
521 1673 735 1728 opprobrii
768 1673 1080 1716 deformitatem
1113 1673 1255 1726 minis,
1297 1673 1448 1729 quibus
1481 1674 1630 1728 potuit,
1662 1674 1720 1714 in-

281 1734 436 1772 secuta.
500 1730 649 1785 Neque
681 1731 816 1784 enim,
850 1731 1012 1772 duabus
1043 1731 1298 1785 grauissimis
1330 1732 1570 1784 calumniis,
1613 1732 1720 1786 peri-

283 1788 377 1828 culo
401 1801 448 1829 ac
470 1788 638 1842 rubore,
670 1788 834 1843 affecta,
867 1789 1053 1830 lacessiti
1083 1789 1255 1843 pudoris
1281 1789 1586 1831 irritamentum
1611 1803 1719 1844 equo

282 1846 419 1886 animo
454 1846 633 1887 toleiare
664 1847 882 1898 sustinuit,
914 1851 1064 1901 utpote
1095 1861 1177 1901 que
1211 1862 1263 1889 ex
1294 1847 1561 1912 integerrime
1594 1848 1720 1888 maie-

282 1904 400 1944 statis
422 1904 567 1958 regina
589 1904 641 1945 ad
664 1904 883 1946 insolentis
904 1905 1021 1959 proci
1043 1904 1244 1959 plenum*
1235 1905 1461 1959 ignominie
1494 1905 1719 1946 ludibrium

281 1960 452 2002 redacta
497 1962 650 2003 fuerat.
711 1962 778 2002 Ita
824 1962 983 2004 uersuti
1031 1962 1147 2003 ducis
1193 1976 1399 2013 acumen,
1450 1963 1719 2004 ammirabilis

281 2017 532 2060 uaframenti
562 2020 781 2061 inuolucro
814 2024 992 2071 tectum,
1023 2020 1154 2072 uires,
1189 2020 1340 2075 quibus
1373 2020 1556 2062 Olauum
1589 2021 1719 2072 exuit,

281 2075 359 2117 sibi
399 2078 664 2131 sagacissime
705 2077 957 2119 conciliauit.
1019 2077 1230 2119 Continuo
1276 2091 1457 2132 namque
1503 2077 1634 2133 petite
1677 2079 1717 2118 in

281 2134 590 2175 matrimonium
624 2135 791 2190 Syrithe
824 2150 872 2177 eo
906 2135 1194 2190 benigniorem
1228 2136 1434 2187 animum,
1464 2149 1548 2190 quo
1581 2135 1717 2177 Olauo

281 2190 558 2244 infestiorem,
603 2198 801 2248 expertus
844 2197 919 2235 est.
981 2193 1072 2234 Nec
1113 2193 1270 2234 inerter
1300 2194 1497 2234 ruborem
1530 2194 1718 2247 coniugis

280 2254 437 2303 negata
482 2264 585 2291 mox
630 2264 759 2305 proco
806 2251 890 2292 filia
941 2250 1187 2293 uindicauit.
1247 2251 1475 2292 Interiecto
1526 2256 1718 2305 tempore

233 2316 245 2342 ῖ
280 2306 497 2348 Kanutum
530 2322 582 2349 ex
616 2308 788 2364 Syritha
820 2309 1016 2363 suscepit.

418 2364 485 2405 Ita
507 2365 668 2407 Olauus
691 2366 856 2408 duobus
878 2365 1225 2421 splendidissimis
1247 2366 1450 2420 coniugiis
1477 2365 1716 2415 destitutus,

281 2421 378 2462 dum
425 2422 603 2464 alterum
649 2428 808 2465 temere
851 2424 1035 2479 respuit,
1080 2423 1134 2464 ab
1175 2424 1306 2465 altero
1352 2424 1530 2478 turpiter
1571 2424 1717 2478 repelli

280 2480 454 2531 meruit,
494 2485 626 2536 utque
670 2481 749 2523 hoc
789 2482 979 2536 repulsa,
1019 2482 1078 2522 ita
1108 2481 1211 2522 illud
1253 2481 1481 2523 insolencia
1520 2481 1716 2536 perdidit.

280 2536 438 2579 Verum
465 2538 479 2590 Η
502 2539 600 2593 quia
632 2539 872 2580 Suenonem
904 2553 1052 2594 parum
1082 2553 1285 2594 prospere
1318 2539 1428 2579 bella
1448 2553 1594 2593 gerere
1616 2538 1715 2579 soli-

278 2598 367 2636 tum
387 2600 579 2651 nouerat,
601 2595 712 2638 facta
733 2610 819 2637 non
840 2597 989 2638 uirium
1013 2597 1115 2651 eius,
1147 2597 1221 2638 sed
1241 2596 1409 2638 fortune
1432 2595 1716 2649 estimacione,

1793 1452 1869 1481 Clla

1775 1520 1802 1544 p.
1822 1511 1872 1539 504

1787 2547 1879 2580 (191)
