1884 3126
313 252 394 291 482
842 265 897 271 —
955 236 1091 282 XIIII
1153 262 1206 268 „-

310 390 385 418 rex
413 386 537 414 auare
560 369 715 410 dictum
737 366 998 420 existimans,
1020 369 1307 421 percontatur,
1338 379 1439 406 num
1462 363 1602 407 adhuc
1631 368 1748 407 satur

313 435 434 475 esset.
494 425 751 481 Respondit,
792 429 981 465 saturum
1013 438 1080 477 se,
1113 424 1187 466 sed
1219 424 1379 476 uereri,
1418 437 1470 464 ne
1501 423 1749 465 sacietatem

310 501 455 544 parum
498 484 675 525 salubris
718 481 904 536 digeries
946 486 1207 536 sequeretur.
1269 481 1388 522 Tunc
1430 495 1610 536 quoque,
1647 481 1748 536 quid

309 548 418 587 facto
451 557 556 597 opus
589 546 712 593 esset,
744 544 942 594 rogatus,
974 540 1017 580 in
1048 540 1246 581 Scaniam
1277 539 1543 593 migrandum
1576 540 1746 593 edocet3

263 617 278 640 ,π
309 603 487 644 tuciores
531 599 613 639 illic
654 599 783 650 uires3
825 598 867 637 in
908 596 1122 638 Sialandia
1152 598 1374 652 pauciores
1422 597 1578 638 amicos
1623 611 1746 652 quam

242 900 276 927 io

236 1478 273 1504 20

238 2055 275 2082 30

308 661 449 700 hostes
501 671 605 697 esse.
681 656 882 696 Preterea
932 654 1051 695 Iutos
1086 654 1091 707 l
1130 654 1244 695 haud
1297 654 1419 695 facile
1470 656 1748 706 insecuturos,

306 714 498 758 Fotensis
546 713 682 753 adbuc
725 725 868 767 pugne
910 713 1114 753 memoria
1154 712 1352 767 trepidos.
1417 711 1489 753 Sin
1534 717 1676 754 autem
1707 713 1748 753 in

306 773 498 815 Scaniam
531 771 813 826 preuenerint,
846 770 984 823 gentis
1006 770 1235 812 aduersum
1268 784 1364 811 eum
1397 771 1555 812 auxilia
1585 775 1749 812 contra-

307 836 466 881 cturos,
499 842 625 884 quam
649 830 682 869 si
704 833 851 883 petere
873 828 1194 882 supersedisset,
1227 828 1280 868 ad
1304 828 1463 870 emulos
1487 828 1748 870 defecturam

306 902 387 929 non
428 887 651 928 dubitaret.
729 886 865 933 Quem
905 885 1047 926 Sueno
1093 899 1213 927 secus
1261 886 1554 927 estimaturum
1601 887 1749 942 inquit,

306 946 382 987 nisi
406 944 738 996 &Valdemarunn
764 944 882 984 cuius
907 943 1191 985 concubinarii
1210 944 1283 984 filii
1301 943 1572 999 pedagogum
1591 948 1748 999 ageret,

304 1003 530 1057 penatibus
563 1002 647 1043 suis
678 1015 901 1057 parsurum
934 1007 1137 1056 speraret.
1187 1001 1382 1044 Aliorum
1414 1017 1516 1044 uero
1548 1003 1682 1054 bonis,
1715 1003 1749 1043 si

304 1061 484 1115 patriam
519 1060 629 1100 hosti
662 1059 910 1113 cessissent,
950 1060 1113 1100 nullum
1145 1060 1369 1115 peculiaris
1402 1060 1589 1102 amicicie
1620 1061 1749 1103 bene-

305 1119 442 1159 ficium
477 1117 660 1172 presidio
693 1117 895 1158 futurum.
957 1116 1023 1157 Ita
1056 1118 1190 1160 alieno
1233 1119 1407 1160 consilio
1453 1124 1622 1173 spreto,
1653 1133 1750 1174 pro-

259 1199 274 1215 .›
305 1177 443 1230 prium
476 1175 768 1231 amplexatus,
800 1174 1040 1229 Roskyldic
1082 1176 1246 1217 hostem
1293 1177 1475 1231 opperiri
1517 1177 1748 1218 constituit.

305 1233 633 1275 Rarescentibus
657 1233 878 1285 alimentis,
900 1233 1040 1287 regios
1063 1233 1178 1275 uicos
1211 1235 1449 1289 complures
1478 1234 1749 1289 comparandi

306 1296 499 1346 sumptus
530 1291 674 1345 gracia
695 1291 958 1332 uenditabat.
1006 1290 1209 1343 Tandem,
1243 1292 1364 1333 multi
1386 1291 1491 1333 ruris
1523 1293 1748 1347 absumpto

304 1350 458 1404 precio,
491 1363 583 1389 cum
617 1348 849 1390 exercitum
872 1349 1008 1389 nimiis
1028 1350 1227 1405 impensis
1251 1364 1474 1391 onerosum
1504 1350 1750 1391 dimissurus

306 1407 534 1459 uideretur,
567 1406 766 1456 Eskillus,
800 1406 1087 1448 defeccionem
1118 1407 1374 1463 prouidens,
1415 1412 1548 1449 artem
1581 1408 1750 1462 excogi-

304 1466 434 1518 tauit,
483 1478 566 1519 qua
610 1464 842 1519 periculum
884 1464 936 1505 ad
982 1465 1163 1506 fructum
1209 1470 1490 1508 conuerteret.
1561 1466 1749 1507 Primum

306 1524 414 1564 enim
446 1522 585 1577 ampla
617 1521 870 1563 defeccionis
902 1524 1063 1578 premia
1095 1523 1148 1564 ab
1190 1523 1444 1565 aduersariis
1483 1524 1645 1565 occulte
1676 1537 1749 1579 pa-

306 1581 489 1622 ciscitur.
551 1579 658 1621 Mox
690 1594 785 1622 cum
821 1581 1108 1623 conterraneis
1139 1596 1285 1636 regem
1319 1581 1545 1634 accedens,
1579 1582 1749 1623 alimen-

304 1642 444 1679 torum
486 1638 671 1692 inopiam
713 1639 923 1693 queritur,
958 1639 1162 1693 dimittat,
1194 1645 1404 1695 precatur,
1437 1654 1543 1695 quos
1575 1654 1748 1694 pascere

306 1699 503 1751 nequeat,
534 1696 756 1750 presertim
779 1696 948 1750 pietatis
970 1711 1019 1738 ac
1040 1698 1368 1740 necessitudinis
1389 1698 1481 1739 iura
1502 1698 1748 1750 uiolaturos,

258 1767 271 1793 τ
305 1755 341 1796 si
370 1756 415 1796 in
444 1754 556 1795 ciues
589 1768 636 1794 ac
670 1755 927 1810 propinquos
951 1770 1004 1797 ex
1038 1756 1217 1797 aduerso
1242 1760 1482 1798 contractos
1515 1761 1748 1811 pugnatum

304 1812 451 1855 issent.
519 1811 599 1853 His
642 1813 783 1865 dictis,
827 1817 1027 1867 tanquam
1071 1813 1322 1855 defensionis
1364 1815 1532 1856 racione
1572 1814 1749 1863 reddita,

306 1883 400 1911 eum
432 1870 604 1911 cohorte
638 1870 815 1913 Seanica
847 1871 966 1925 regia
998 1871 1188 1926 excedit,
1223 1872 1509 1926 subiungente
1540 1871 1749 1925 Suenone,

307 1926 478 1982 dignum
527 1941 642 1980 eum,
686 1929 754 1983 qui
796 1928 1051 1971 defeccionis
1094 1943 1226 1984 penas
1264 1931 1405 1986 capite
1444 1930 1593 1971 lueret.
1666 1929 1750 1971 Sed

306 1985 418 2027 hunc
456 1986 566 2040 regis
605 1985 789 2028 furorem
831 1987 969 2029 sanior
1002 1988 1254 2028 arbitrorum
1297 1988 1513 2043 sentencia
1550 1987 1749 2042 propulit,

305 2043 560 2085 imminentis
590 2043 687 2085 belli
719 2044 906 2098 auspicia
938 2046 1100 2087 scelere
1128 2050 1169 2086 et
1191 2045 1409 2100 sacrilegio
1430 2045 1749 2100 prohibencium

307 2115 400 2143 csse
433 2101 649 2142 sumenda.
691 2102 865 2157 Iamque
887 2118 977 2155 rex,
1000 2103 1159 2144 maiore
1182 2104 1395 2145 exercitus
1417 2108 1539 2158 parte
1563 2103 1749 2158 delapsa,

305 2159 450 2212 fugam
501 2160 845 2212 meditabundus,
890 2175 986 2201 cum
1031 2161 1219 2216 reliquiis
1268 2161 1483 2216 copiarum
1526 2161 1749 2203 Falstriam

306 2231 456 2259 uersus
490 2218 730 2260 contencius
761 2219 912 2274 pergit,
956 2219 1245 2273 ignorantibus
1277 2220 1407 2260 eciam
1440 2219 1632 2270 arbitris,
1665 2232 1747 2273 quo

306 2274 524 2329 proposito
556 2280 644 2316 tam
674 2282 859 2317 remotas
895 2276 948 2317 ab
980 2277 1084 2319 urbe
1127 2281 1270 2332 partes
1314 2277 1548 2319 accederet.
1612 2277 1747 2324 Quem

269 2352 274 2367 ι
306 2332 375 2372 ubi
409 2333 460 2373 de
493 2331 594 2388 fuga
626 2334 814 2388 cogitare
845 2340 1111 2390 compertum
1143 2334 1296 2376 milites
1329 2334 1535 2385 habuere,
1576 2348 1630 2376 ne
1661 2334 1749 2375 sine

308 2390 438 2444 prelio
471 2391 727 2445 uinceretur,
763 2397 943 2445 orantes,
976 2393 1219 2444 uictoriam,
1263 2393 1295 2433 si
1332 2392 1493 2446 redeat,
1525 2392 1747 2447 spondent.

308 2447 512 2491 I'reterea
557 2450 663 2491 scire
708 2450 878 2504 iubent,
927 2464 1000 2492 eos
1047 2451 1124 2492 sibi
1166 2450 1317 2491 milites
1351 2464 1466 2505 esse,
1499 2450 1566 2505 qui
1601 2450 1747 2491 crebro

309 2518 439 2558 parua
471 2520 597 2547 manu
630 2508 822 2563 ingentes
854 2506 1051 2563 holstium
1082 2508 1225 2563 copias
1257 2509 1577 2563 superauerint,
1611 2521 1749 2563 neque

308 2563 564 2617 paucitatem
597 2566 733 2607 uereri
756 2566 770 2619 Η
795 2565 973 2619 debere,
1007 2580 1132 2622 quam
1174 2567 1306 2608 tocies
1336 2566 1377 2607 in
1414 2567 1500 2607 suis
1533 2566 1746 2606 uictricem

243 2630 280 2658 40
310 2622 535 2674 aspexerit.
606 2622 717 2672 Quin
765 2624 895 2665 eciam
942 2624 1077 2666 ultimi
1124 2624 1342 2666 dedecoris
1389 2637 1491 2673 esse,
1534 2623 1747 2665 fortunam
