1884 3126
699 313 751 318 —-
813 286 923 331 XVI
984 314 1035 318 —-
1507 293 1589 336 669

143 408 435 466 incertumque
477 413 611 455 uitatu
653 417 883 469 periculum
918 423 1031 471 erat,
1063 420 1369 474 pregrandibus
1401 422 1515 463 saxis
1545 422 1587 464 in

145 476 361 510 consertas
385 484 550 525 puppes
571 473 856 526 ‘cadentibus3
888 476 929 517 in
961 475 1062 532 fuga
1093 490 1142 517 ac
1173 477 1459 521 declinacione
1492 493 1588 522 eau-

144 531 273 582 toque
319 529 507 582 corporis
548 534 666 572 motu
711 533 843 586 magis
888 548 1013 589 quam
1053 535 1096 576 in
1138 535 1223 576 ulla
1264 550 1475 578 armorum
1509 552 1589 593 ope

145 583 488 628 frustrandorum
512 588 672 630 ictuum
693 590 924 632 remedium
948 592 1194 634 ducebatur.
1234 594 1423 636 Absalon
1446 596 1586 637 medio

94 656 111 684 5
145 647 270 684 tenus
304 644 464 699 nauigii
502 660 777 701 progressus,
812 655 957 703 egesta
994 652 1215 693 tormentis
1254 652 1408 694 robora
1441 654 1587 695 crebra

146 702 336 756 corporis
368 701 655 746 declinacione
687 706 873 749 fallebat.
936 708 1069 756 Quem
1112 709 1315 751 barbarus
1357 710 1466 752 forte
1497 725 1588 766 pre-

146 758 252 800 sidio
289 773 499 815 egressus,
528 767 754 819 postquam
797 779 850 805 ex
893 766 1030 820 clypei
1061 767 1172 808 notis
1204 768 1394 821 agnitum
1427 769 1586 823 habuit,

145 821 455 859 tormentorum
486 821 724 874 presidibus
755 837 881 864 manu
915 824 1179 877 significauit,
1211 832 1258 866 ut
1290 840 1384 867 eum
1416 827 1586 882 impete-

143 880 251 917 rent.
299 876 437 930 Igitur
459 878 744 933 interrogatus
767 896 790 921 a
813 881 1009 936 quodam,
1031 896 1083 923 an
1105 888 1374 938 perspectum
1398 885 1586 938 haberet,

75 947 112 974 10
144 933 323 988 qualiter
355 935 493 990 ipsum
527 936 732 980 barbarus
766 938 1000 993 denotaret,
1035 954 1177 982 curam
1209 942 1273 982 sui
1303 941 1411 983 illius
1444 943 1583 984 animo

146 991 313 1033 insitam
357 994 601 1048 respondit,
642 995 792 1038 eodem
831 997 1011 1039 ludibrio
1056 998 1220 1040 hostem
1263 1004 1304 1041 et
1337 1001 1585 1043 monitorem

147 1050 409 1105 excipiendo.
485 1052 695 1108 Intrepidi
745 1055 872 1096 animi
922 1055 1118 1107 dixerim,
1169 1058 1211 1098 in
1257 1057 1394 1098 medio
1440 1059 1585 1101 salutis

92 1128 98 1134 ·
147 1107 384 1151 discrimine
431 1110 619 1165 pericula
666 1127 742 1153 sua
787 1113 931 1159 iocoso
980 1114 1092 1155 dicto
1144 1116 1342 1170 prosequi
1388 1116 1583 1160 uoluisse.

145 1166 269 1208 Adeo
303 1168 580 1210 certissimum
614 1170 872 1213 fortitudinis
905 1176 947 1213 et
978 1173 1218 1214 constancie
1251 1175 1584 1228 experimentum

76 1239 112 1266 15
144 1225 376 1266 necessitas
414 1226 571 1269 tribuit.
644 1227 981 1284 Expugnacione
1023 1244 1107 1271 non
1147 1232 1429 1286 procedente*⁷
1472 1247 1584 1274 noua

142 1282 373 1325 adoriende
415 1284 530 1326 urbis
571 1286 706 1339 racio,
749 1292 921 1329 auctore
964 1288 1178 1339 Esberno,
1222 1289 1461 1344 excogitata
1508 1296 1582 1333 est.

143 1340 358 1396 Siquidem
417 1344 616 1385 inusitate
665 1346 968 1399 magnitudinis
1020 1347 1257 1401 nauigium,
1303 1348 1429 1389 uariis
1475 1348 1583 1402 ignis

143 1400 411 1442 nutrimentis
444 1402 716 1457 completum,
750 1403 839 1444 solo
874 1408 1095 1446 uentorum
1127 1404 1301 1459 remigio
1335 1407 1582 1460 opportunis

142 1457 336 1499 incendio
384 1460 578 1501 menibus
612 1460 868 1515 adigendum
909 1462 1125 1505 curabant.
1189 1462 1311 1510 Quod
1357 1463 1502 1504 latenti
1538 1465 1580 1506 in

73 1529 110 1558 ao
143 1515 266 1557 undis
297 1517 427 1572 stipiti
459 1518 630 1571 illisum,
663 1520 752 1560 sine
790 1520 878 1561 ulla
901 1520 1208 1575 oppidanorum
1231 1522 1391 1562 iactura
1412 1524 1581 1577 proprie

142 1587 234 1614 cum
267 1576 444 1617 materie
476 1576 716 1618 discrimine
749 1578 1039 1633 conflagrauit.
1100 1578 1167 1619 Ita
1199 1579 1340 1633 exigui
1376 1579 1477 1633 ligni
1506 1580 1580 1621 im-

141 1631 383 1686 pedimento
426 1648 522 1690 spes
563 1635 746 1689 ingentis
789 1636 964 1677 uictorie
1004 1636 1179 1677 subruta
1218 1643 1282 1678 est
1314 1637 1580 1693 hostiumque

140 1689 252 1730 salus
284 1690 462 1746 paruulo
494 1691 663 1734 fortune
697 1698 908 1735 momento
932 1694 983 1735 ab
1007 1692 1290 1748 im<m>inente
1321 1694 1452 1736 exicio
1484 1709 1580 1750 pro-

141 1751 266 1789 tecta.
326 1749 432 1792 Post
454 1751 534 1792 hec
555 1750 570 1804 Η
593 1750 872 1806 Bogiszlauus
905 1753 946 1793 in
970 1751 1224 1794 dedecorum
1249 1767 1421 1794 suorum
1453 1754 1580 1795 ulcio-

72 1820 110 1847 25
141 1819 237 1847 nem
270 1806 392 1849 dolos
424 1814 566 1851 mente
602 1814 825 1863 scrutatus,
848 1810 1074 1851 Absalonis
1099 1810 1352 1865 colloquium
1384 1811 1580 1853 simulata

142 1865 257 1918 pacis
288 1865 565 1908 affectacione
597 1882 672 1923 per
703 1867 863 1922 legatos
889 1868 1114 1923 poscendo⁷
1149 1882 1242 1909 eum
1273 1869 1433 1923 ingenti
1466 1871 1580 1924 equi-

143 1925 233 1963 tatu
266 1922 522 1966 destinatum
557 1927 790 1967 conuentui
820 1926 960 1967 locum
982 1926 1145 1980 petiuit.
1208 1926 1342 1973 Quem
1371 1927 1474 1968 binis
1507 1929 1580 1969 ob-

142 1979 254 2021 uiam
286 1981 364 2022 sibi
395 1983 575 2038 nauigiis
616 1984 884 2032 uenientem,
926 1990 971 2025 ut
1003 1984 1283 2025 continentem
1315 1985 1576 2040 ascenderet,

143 2038 405 2093 obsecrauit,
439 2042 700 2083 commodius
740 2042 780 2082 in
814 2039 1011 2098 tenltorio
1043 2056 1168 2097 quam
1207 2043 1306 2083 naui
1337 2043 1578 2098 colloquen-

72 2111 109 2139 30
140 2095 240 2138 dum
281 2098 494 2152 prefatus„
556 2100 873 2155 Obsequentem
913 2100 1031 2141 illum
1072 2099 1328 2155 nauigioque
1372 2100 1576 2143 excedere

143 2154 355 2196 uolentem
377 2155 577 2212 Erlingus
609 2159 790 2214 quidam,
821 2158 972 2199 illustri
994 2159 1100 2199 inter
1122 2156 1300 2199 Noricos
1327 2158 1418 2199 loco
1439 2163 1575 2212 natus,

140 2211 385 2255 horridioris
416 2216 554 2258 somni
585 2217 830 2257 narracione
863 2216 1048 2268 retinuit,
1083 2215 1195 2256 haud
1228 2215 1353 2257 dubie
1384 2215 1576 2258 fraudem

142 2284 381 2325 sensurum,
422 2274 458 2314 si
489 2274 670 2315 salutem
700 2288 820 2315 suam
852 2274 1043 2315 hostibus
1076 2272 1286 2325 crederet,
1327 2278 1574 2328 auguratus,

143 2327 273 2371 Cuius
306 2343 454 2372 uocem
476 2331 669 2373 Absalon
701 2332 875 2387 perinde
906 2345 956 2372 ac
987 2331 1188 2372 diuinitus
1219 2331 1296 2372 sibi
1319 2331 1406 2372 dati
1437 2331 1576 2373 indicii

72 2402 110 2430 35
143 2387 389 2428 miraculum
432 2395 682 2441 ueneratus,
724 2389 894 2430 uocanti
929 2404 973 2430 se
1008 2389 1286 2442 Bogiszlauo,
1319 2389 1519 2430 minorem
1551 2403 1576 2431 a

140 2444 300 2487 maiore
332 2446 419 2500 peti
449 2461 534 2489 non
558 2452 764 2503 oportere,
795 2447 1019 2502 perhibuit,
1051 2447 1291 2502 pontificem
1314 2446 1410 2488 duci
1443 2446 1575 2502 digni-

141 2507 229 2544 tate
250 2508 439 2558 prestare
460 2505 760 2547 asseuerando.
803 2504 870 2545 Ita
892 2504 1003 2546 hosti
1023 2504 1316 2559 impotenciam
1340 2504 1573 2547 obiiciendo

140 2560 299 2602 fraudis
331 2564 548 2604 materiam
580 2564 750 2605 ademit.
800 2562 894 2616 Ille,
927 2563 1072 2603 stricta
1102 2562 1221 2602 nauis
1253 2561 1396 2615 spacia
1427 2576 1572 2604 causa-

142 2622 224 2673 tus,
256 2620 478 2674 repentino
512 2620 699 2663 discessu
731 2620 940 2662 fallaciam
981 2619 1152 2661 detexit.
1212 2618 1321 2659 Nam
1360 2620 1433 2675 qui
1471 2620 1574 2685 alias

73 2691 109 2722 40
142 2678 249 2719 ultro
295 2678 515 2734 nauigium
558 2679 786 2721 Absalonis
829 2677 993 2732 ingredi
1038 2676 1281 2730 consueuit,
1327 2691 1438 2718 nunc
1484 2692 1573 2722 elus

1634 1759 1726 1794 (381)

1631 2057 1657 2082 p.
1677 2049 1729 2076 980
