1884 3126
278 271 359 311 364
855 292 883 297 -
968 263 1011 305 X
1076 290 1124 295 ’-

274 397 509 447 roboratus,
532 394 584 435 ad
608 392 949 448 prosequendum
973 393 1090 447 regni
1114 392 1296 435 emulum
1319 392 1438 443 redit,
1471 406 1519 433 eo
1544 392 1712 448 quidem

273 453 519 504 instancius,
567 450 680 506 quod
723 465 862 491 rerum
904 465 1146 502 successus,
1194 465 1276 506 quo
1318 451 1411 505 plus
1452 450 1527 491 sibi
1571 451 1711 505 gracie

272 511 445 566 peperit,
477 510 557 549 hoc
579 509 712 563 magis
734 508 941 550 Suenonis
963 509 1155 549 fauorem
1194 509 1441 563 absumpsit,
1473 522 1712 564 auersoque

220 565 223 569 ’
272 569 386 622 uulgi
418 567 569 619 animo,
603 580 859 621 magnopore
886 566 1099 607 residuum
1125 566 1212 607 eius
1236 566 1474 618 debilitauit
1495 566 1711 620 auxilium,

201 924 236 950 10

198 1212 233 1237 15

196 2079 233 2105 30

272 640 346 666 nec
379 626 514 666 solum
546 623 929 665 contrahendarum
951 624 1103 664 uirium
1125 638 1244 678 spem
1266 623 1450 677 sustulit,
1483 623 1555 665 sed
1580 624 1711 665 eciam

271 687 505 723 contractas
559 682 756 723 excussit.
821 682 932 730 Quin
984 683 1116 723 eciam
1163 681 1447 723 Guthscalcus
1496 681 1712 723 Sclauicus

269 741 375 781 inter
393 746 568 792 ceteros,
594 741 664 794 qui
681 739 854 780 infelicis
877 740 966 780 eius
994 742 998 793 Ι
1028 740 1179 780 milicie
1196 739 1408 795 stipendia
1425 739 1713 792 deseruerant,

270 798 339 838 diu
372 812 416 838 se
451 797 528 838 sub
568 798 713 838 alienis
754 798 951 852 auspiciis
995 812 1080 838 rem
1113 797 1335 839 infeliciter
1366 797 1547 851 gessisse
1582 798 1714 838 consi-

270 855 442 906 derans,
486 870 581 896 cum
620 855 791 896 domino
833 854 936 896 nihil
974 856 1064 910 spei
1106 855 1299 896 relictum
1341 855 1713 906 animaduerteret,

270 913 440 954 militem
483 927 644 954 exuens
687 913 943 954 defectorem
985 927 1113 968 agere
1157 928 1242 955 non
1276 913 1467 965 erubuit,
1509 928 1712 969 suamque

269 971 449 1025 experiri
482 971 717 1022 fortunam,
751 984 876 1026 quam
908 971 1085 1012 alienam
1118 972 1264 1026 sequi,
1297 972 1431 1012 tucius
1465 970 1609 1024 duxit,
1655 976 1712 1024 ut,

269 1043 363 1069 cum
396 1043 539 1082 regem
570 1029 744 1069 meliora
775 1032 1039 1082 speraturum
1073 1029 1307 1082 diffideret,
1355 1033 1530 1084 paterne
1562 1005 1712 1070 salteni

267 1088 359 1127 neci
407 1086 616 1127 ulcionem
661 1100 741 1128 non
784 1090 972 1140 negaret
1031 1086 1218 1128 Consilio
1268 1087 1487 1141 respondit
1519 1091 1712 1129 euentus.

269 1143 498 1199 Siquidem,
527 1145 655 1198 gestis
687 1145 802 1185 uarie
836 1144 966 1188 bellis,
999 1144 1212 1186 Sclauiam
1244 1159 1318 1186 sue
1350 1144 1526 1186 dicionis
1558 1144 1712 1195 effecit,

266 1208 397 1256 utque
430 1202 616 1243 externis
649 1202 774 1243 rebus
807 1201 1028 1253 infractus,
1059 1204 1118 1244 ita
1151 1202 1389 1244 domesticis
1420 1203 1604 1244 inuictus
1636 1217 1710 1258 ap-

266 1260 416 1312 paruit.
498 1259 589 1302 Nec
639 1260 802 1315 quesite
845 1261 1157 1302 dominacionis
1209 1260 1410 1302 felicitate
1471 1265 1711 1314 contentus,

267 1317 495 1358 Saxoniam
541 1321 638 1373 post
682 1317 877 1370 modum,
921 1319 1107 1372 parentis
1146 1332 1295 1359 necem
1338 1319 1474 1372 ultus,
1522 1319 1711 1371 obtriuit,

266 1389 394 1430 parue
418 1376 550 1430 glorie
572 1390 748 1430 regnum
771 1379 843 1417 aut
869 1375 1041 1417 diuicias
1071 1383 1285 1432 reputans,
1318 1377 1351 1418 si
1382 1391 1467 1418 non
1500 1377 1711 1418 ulcionem

266 1434 414 1486 opibus
438 1433 674 1476 adiecisset.
716 1433 841 1476 Adeo
870 1438 1011 1476 autem
1034 1434 1215 1489 Magnus
1238 1434 1291 1476 ob
1313 1434 1544 1477 uindictam
1565 1435 1712 1476 finium

201 1502 216 1526 *Δ
268 1492 353 1532 suis
399 1505 519 1532 carus
564 1491 709 1532 haberi
740 1496 885 1547 ceptus
920 1498 1003 1543 est,
1050 1496 1096 1534 ut
1130 1493 1317 1534 omnium
1360 1505 1569 1534 consensu
1601 1492 1711 1533 Boni

267 1550 519 1603 cognomine
569 1554 837 1601 censeretur,
884 1550 1080 1606 quodque
1128 1551 1306 1592 aliorum
1351 1550 1538 1591 moribus
1585 1550 1712 1591 tribui

266 1607 437 1659 assolet,
463 1607 634 1648 fortune
654 1607 848 1649 laudibus
870 1608 1129 1663 impetraret.
1173 1608 1314 1650 Sueno
1338 1622 1452 1659 uero,
1477 1607 1710 1664 desperatis

265 1665 348 1705 iam
393 1665 538 1717 rebus,
581 1666 623 1706 in
654 1665 874 1718 Scaniam,
917 1670 977 1707 ut-
1005 1666 1210 1717 diximus,
1254 1665 1490 1721 profectus,
1524 1666 1711 1707 Suetiam

266 1721 384 1776 (nam
418 1727 639 1778 paternum
670 1723 769 1764 inde
799 1738 934 1778 genus
966 1723 1176 1778 traxerat)
1208 1725 1394 1766 reuisere
1429 1724 1710 1779 proponebat.

196 1791 228 1816 ι’
266 1780 402 1828 Quem
442 1780 627 1835 Magnus
668 1782 881 1822 concitato
922 1782 1049 1822 animi
1090 1783 1253 1837 impetu
1295 1782 1571 1835 subsecutus,
1617 1795 1709 1822 cum

267 1837 469 1893 oppidum
496 1839 815 1880 Alexthathiam
847 1840 1086 1894 preteriret,
1120 1840 1346 1881 deturbato
1379 1854 1454 1895 per
1486 1853 1708 1881 occursum

265 1896 420 1951 leporis
445 1910 567 1951 equo,
590 1902 747 1949 trunco,
781 1898 898 1939 cuius
919 1898 1110 1953 preacuti
1132 1898 1242 1939 foite
1265 1897 1431 1952 stipites
1454 1897 1706 1950 eminebant,

265 1954 439 1996 adactus
464 1956 739 2020 extinguitur
773 1953 939 2011 Corpus
963 1955 1050 1996 eius
1069 1955 1328 2010 Noruagiam
1350 1956 1528 1997 relatum
1547 1954 1708 1996 Tmon-

266 2010 374 2053 demi
406 2012 447 2053 in
479 2014 693 2067 r'egioulm
724 2018 1095 2055 monumentorum
1127 2027 1225 2055 area
1250 2012 1256 2066 1
1285 2013 1546 2067 sepulturam
1567 2026 1708 2067 posse-

267 2069 340 2111 dit.
402 2070 468 2111 Ita
500 2070 708 2124 Suenoni,
745 2071 1052 2126 angustissimis
1085 2071 1251 2113 fortune
1283 2071 1448 2113 casibus
1479 2071 1706 2137 implicato,

267 2128 462 2183 omnique
484 2129 726 2170 mortalium
748 2144 828 2184 ope
851 2129 1030 2181 defecto,
1063 2129 1288 2184 presidium
1321 2142 1504 2183 superne
1533 2129 1705 2183 pietatis

266 2186 444 2239 affulsit,
477 2200 759 2242 regnumque,
804 2202 885 2242 quo
918 2188 1035 2228 illum
1067 2187 1237 2229 fortune
1268 2187 1466 2242 iniquitas
1498 2186 1706 2242 spoliauit,

267 2244 458 2286 eiusdem
489 2244 742 2286 beneficium
774 2245 970 2287 reddidit.

689 2453 890 2482 EXPLICIT
921 2453 1049 2481 LIBER
1081 2453 1280 2482 DEClMVS.

1771 749 1796 773 p.
1818 739 1867 767 645

1763 2029 1791 2053 p.
1813 2019 1863 2047 646
