1884 3126
251 223 336 267 224
821 249 873 255 -
933 223 1019 268 vn
1078 249 1131 256 ,-

250 351 345 406 Ille,
378 352 649 395 nihilominus
689 353 787 396 leua
826 354 1015 410 gladium
1056 355 1287 410 stringens,
1329 355 1518 397 ferientis
1557 354 1694 397 femur

249 411 465 466 transegit,
498 411 680 453 mutilati
723 412 906 468 corporis
937 412 1147 455 ulcionem
1188 414 1344 468 exiguo
1379 413 1554 455 uulnere
1596 427 1693 468 pro-

250 474 434 512 secutus.
507 469 659 511 Victor
700 469 924 512 Haldanus
967 471 1081 513 uicto
1122 471 1340 513 residuum
1385 472 1473 512 uite
1514 471 1692 526 pecunia

249 526 481 568 redimendi
512 531 769 583 potestatem
810 527 935 582 fecit,
976 542 1030 570 ne
1059 528 1219 570 imbelli
1259 534 1302 571 et
1333 542 1479 571 manco
1515 529 1692 571 miseras

199 594 215 619 f»
247 585 385 625 anime
415 584 610 641 reliquias
645 585 890 628 deformiter
927 586 1114 628 adimere
1146 586 1379 630 uideretur.
1455 586 1550 635 Quo
1582 588 1692 628 facto

184 890 215 917 10

179 1179 212 1206 15

173 2046 209 2071 30

172 2335 207 2361 35

169 2627 207 2655 40

251 646 414 684 tantum
446 657 492 685 se
524 657 633 699 pene
665 644 706 686 in
737 644 946 686 seruando
978 645 1101 686 hoste
1134 645 1232 700 egit,
1267 651 1469 700 quantum
1497 652 1691 699 gesserat

249 700 290 741 in
335 701 557 744 uincendo.
634 701 763 743 Cuius
807 702 984 744 uictorie
1029 703 1234 758 premium
1280 702 1482 744 Thorilde
1528 703 1691 758 nupciis

250 764 490 812 assecutus,
536 760 668 801 filium
716 774 769 800 ex
813 775 862 801 ea
909 761 1178 802 Asmundum
1225 761 1419 813 sustulit,
1460 775 1483 801 a
1525 774 1608 816 quo
1647 774 1691 800 se

249 815 465 871 Noruagie
516 832 638 873 reges
683 818 887 872 originem
940 818 1113 861 duxisse
1164 820 1306 874 magni
1364 819 1585 871 estimant,
1637 818 1690 859 ab

246 874 446 916 Haldano
479 876 696 917 solennem
728 876 1017 930 generacionis
1049 891 1124 918 sue
1156 878 1304 918 seriem
1338 881 1594 919 retexentes.

385 933 490 975 Post
523 934 600 975 hec
623 947 715 975 cum
751 933 886 988 Ebbo,
918 935 1054 989 pirata
1074 935 1231 989 plebeii
1262 934 1440 989 generis,
1472 935 1524 975 ad
1549 935 1686 989 splen-

246 990 345 1032 dida
377 992 574 1046 coniugia
596 991 854 1047 capessenda
875 993 1043 1033 uirtutis
1075 993 1231 1034 fiducia
1253 993 1499 1044 concitatus,
1531 992 1688 1047 Sygru-

245 1049 373 1098 tham,
407 1048 687 1091 Gothensium
719 1051 829 1105 regis
851 1049 1040 1104 Vnguini
1071 1050 1213 1103 filiam,
1244 1051 1493 1106 postularet,
1525 1063 1573 1091 ac
1595 1063 1688 1105 pre-

245 1111 364 1148 terea
399 1106 570 1148 Gothioi
611 1108 729 1162 regni
771 1108 988 1149 dimidium
1020 1108 1062 1149 in
1102 1108 1245 1150 dotem
1282 1112 1526 1163 expeteret,
1563 1121 1689 1162 super

243 1166 497 1206 matrimonii
538 1165 791 1207 admissione
835 1165 1077 1218 consultus,
1122 1181 1374 1208 eonsensum
1418 1165 1526 1207 falso
1559 1179 1687 1220 spon-

245 1222 431 1264 dendum
476 1224 661 1276 monuit,
695 1224 712 1272 11
743 1238 872 1279 seque
917 1224 1091 1279 nupcias
1138 1225 1438 1266 frustraturum
1484 1224 1686 1279 promisit.

245 1280 355 1329 Quin
379 1282 511 1322 eciam
544 1281 719 1323 sedendi
742 1282 881 1323 locum
914 1282 992 1323 sibi
1024 1281 1132 1324 inter
1155 1284 1431 1325 conuiuarum
1454 1281 1685 1323 discubitus

244 1339 449 1393 assignari
479 1340 682 1395 precepit.
758 1340 968 1382 Probante
1001 1341 1223 1382 consilium
1254 1341 1479 1396 Vnguino,
1520 1352 1684 1380 omnem

243 1398 358 1451 regie
404 1396 620 1452 dignitatis
666 1398 850 1453 speciem
895 1398 1120 1453 peregrina
1170 1399 1358 1453 corporis
1407 1395 1686 1453 delformitate

175 1468 190 1494 ρ
243 1468 535 1510 corrumpens,
565 1459 778 1510 noctuque
811 1456 973 1511 nupciis
1005 1458 1333 1512 superueniens,
1367 1455 1685 1497 occurrentibus

242 1511 451 1555 formidini
484 1512 576 1563 fuit,
614 1514 817 1555 maiorem
862 1515 1046 1555 humano
1087 1514 1236 1557 habitu
1279 1515 1417 1556 uirum
1459 1513 1684 1555 aduenisse

241 1571 505 1612 mirantibus.
579 1571 661 1620 Qui
692 1585 816 1625 mox,
862 1576 909 1613 ut
951 1572 1108 1627 regiam
1150 1572 1346 1626 intrauit,
1390 1570 1685 1626 circunspectis

243 1628 452 1681 omnibus,
475 1630 626 1684 querit,
649 1630 739 1684 quis
757 1625 998 1685 proximum
1022 1631 1112 1685 regi
1132 1630 1389 1673 discubitum
1412 1627 1684 1685 occapuerit‘?

242 1685 422 1728 Ebbone
468 1687 643 1740 deinde,
691 1687 884 1729 futurum
932 1688 1118 1742 Vnguini
1168 1703 1373 1744 generum
1426 1688 1514 1729 eius
1564 1685 1684 1727 lateri

195 1758 206 1764 ·
241 1745 536 1796 coniunctum,
578 1745 767 1799 dicente,
810 1759 886 1800 per
917 1760 1123 1787 summam
1156 1747 1384 1788 uerborum
1425 1744 1684 1787 iracundiam

243 1806 527 1857 percontatur,
561 1817 642 1859 qua
664 1804 838 1845 uesania
869 1804 1076 1859 quibusue
1107 1803 1228 1846 furiis
1261 1818 1311 1846 eo
1341 1803 1582 1861 petulancie
1613 1801 1685 1842 ad-

241 1859 391 1902 ductus
424 1861 490 1913 sit,
521 1867 567 1903 ut
599 1861 876 1916 despicabiles
911 1862 1076 1916 generis
1109 1863 1171 1904 sui
1203 1862 1349 1904 sordes
1381 1861 1536 1904 eximie
1567 1859 1683 1901 nobi-

240 1918 369 1960 litatis
401 1919 618 1974 splendori
649 1920 826 1961 miscere
855 1924 1084 1975 presumat,
1117 1921 1377 1975 rusticasque
1399 1933 1548 1961 manus
1569 1917 1684 1973 regie

240 1977 357 2031 genti
390 1977 578 2020 inserere
610 1978 778 2029 audeat,
814 1992 891 2020 nec
922 1978 964 2019 id
997 1978 1165 2033 quidem
1206 1983 1408 2033 expetere
1449 1979 1683 2028 contentus,

240 2034 370 2076 eciam
402 2035 528 2076 alieni
569 2036 688 2090 regni
721 2036 981 2078 consorcium
1024 2040 1193 2091 captare
1238 2037 1446 2078 uideatur.
1517 2033 1682 2075 Deinde

241 2107 336 2133 eum
369 2092 480 2134 ferro
521 2107 665 2136 secum
697 2093 923 2136 decernere
961 2093 1097 2148 iubet,
1139 2108 1224 2135 non
1255 2095 1371 2150 prius
1412 2099 1514 2136 uoto
1558 2105 1681 2147 quam

240 2150 419 2192 uictoria
449 2152 696 2206 potiturum.
771 2152 879 2205 Quo,
920 2155 1176 2193 nocturnum
1217 2152 1414 2194 monstris
1458 2154 1685 2200 certamen,

240 2207 437 2250 diurnum
475 2208 714 2251 hominibus
747 2223 1003 2265 congruere,
1036 2210 1344 2265 respondente,
1386 2225 1440 2251 ne
1480 2207 1682 2263 temporis

242 2268 524 2308 excusacione
568 2281 712 2323 pugna
761 2267 891 2309 abnui
934 2272 1103 2322 posset,
1150 2268 1250 2310 lune
1297 2267 1522 2323 splendore
1573 2265 1681 2307 diem

239 2325 384 2379 equari
414 2325 641 2380 perhibuit.
701 2323 861 2366 Taliter
893 2325 1087 2367 adactum
1127 2339 1269 2381 pugne
1299 2325 1540 2378 Ebbonem,
1584 2337 1681 2365 con-

240 2382 355 2423 uiuio
388 2382 430 2422 in
451 2383 741 2437 spectaculum
772 2396 909 2433 uerso,
930 2385 1172 2439 prostrauit,
1203 2383 1460 2440 nupciasque
1489 2380 1681 2437 exequiis

239 2440 431 2482 mutauit.
466 2440 549 2488 Qui
571 2441 797 2483 interiectis
820 2441 938 2483 annis
962 2442 1003 2482 in
1025 2442 1205 2497 patriam
1228 2441 1450 2494 decedens,
1474 2454 1569 2482 cum
1590 2438 1679 2480 sine

238 2497 381 2540 liberis
399 2502 523 2552 esset,
546 2499 680 2554 regias
699 2513 800 2554 opes
817 2499 1019 2554 Vnguino
1036 2503 1293 2541 testamento
1315 2499 1476 2554 legauit
1503 2510 1680 2552 eumque

239 2569 381 2610 regem
423 2555 688 2598 constituit*
756 2556 840 2599 Hic
870 2560 967 2611 post
1009 2556 1180 2599 modum
1212 2557 1264 2598 ab
1307 2557 1458 2610 emulo,
1490 2555 1556 2598 cui
1591 2554 1674 2596 Re-

238 2614 393 2667 gnaldo
411 2628 564 2656 nomen
583 2619 685 2667 erat,
703 2614 814 2657 bello
834 2627 1073 2670 oppressus,
1094 2615 1225 2656 filium
1241 2614 1475 2671 Syualdum
1494 2612 1674 2667 reliquit.

1740 1230 1828 1264 (125)

1739 1412 1765 1436 p,
1786 1403 1836 1430 330

1708 2550 1852 2580 valla
