1884 3126
309 226 391 266 488
846 246 894 250 —-
956 218 1092 260 XIIII
1158 244 1206 250 «-

309 353 474 394 fallacia
518 350 831 405 repensaueris,
876 347 1184 404 simplicitatem
1232 351 1421 389 nostram
1463 345 1624 387 artibus
1665 345 1751 386 tuis

310 411 624 451 circunuentam
670 421 721 448 nc
757 407 982 457 existimes,
1017 405 1090 447 sed
1122 406 1271 460 pocius
1304 405 1430 445 fidem
1463 404 1750 459 pietatemque

308 466 501 522 periculis
538 465 677 505 locum
719 464 898 507 dedisse.
970 464 1089 505 Tune
1133 464 1302 514 Sueno,
1334 462 1474 503 uerbis
1506 462 1545 502 in
1580 461 1748 502 simula-

309 525 468 566 cionem
502 522 755 576 compositis,
787 522 949 576 perfide
980 536 1026 563 se
1053 525 1243 563 acturum
1277 534 1450 575 negare,
1482 521 1644 561 sincera
1665 518 1748 559 fide

258 594 274 619 5
306 595 451 623 eorum
492 580 721 620 amiciciam
755 580 1042 634 expetiturum
1074 579 1345 634 promittere,
1378 578 1598 633 presertim
1632 590 1725 617 cum
1740 575 1751 630 14

307 653 383 680 nec
427 638 505 678 sibi
546 651 622 679 nec
662 637 804 678 liberis
852 637 1120 679 consulturus
1162 636 1371 678 uideatur.
1448 635 1510 675 Eo
1556 636 1664 676 enim
1705 648 1749 675 se

307 695 453 737 morbo
487 710 592 748 esse,
626 699 673 735 ut
705 709 860 735 annum
892 696 965 736 uix
997 695 1204 735 conficere
1237 699 1378 748 queat.
1423 693 1627 734 Preterea
1659 693 1748 733 sine

306 754 399 794 filiis
433 767 536 805 esse,
569 752 718 807 quibus
750 766 926 806 regnum
959 766 1107 808 parare
1142 752 1305 793 debeat.
1368 750 1477 798 Quid
1511 751 1638 805 igitur
1672 750 1750 791 nisi

307 811 473 865 culpam
505 815 546 851 et
577 810 861 865 ignoffminiam
893 810 1070 865 perfidia
1102 809 1397 864 quesiturum‘?
1446 808 1574 849 Malle
1607 808 1750 863 itaque

239 880 274 907 10
305 869 576 924 quantumuis
609 869 747 909 tristes
778 868 969 909 fortunas
1002 868 1220 923 excipere,
1256 881 1381 922 quam
1413 867 1596 908 maximo
1638 865 1751 907 fame

308 927 687 968 dehonestamento
720 926 967 967 sceleratam
1009 927 1074 967 sui
1118 926 1365 967 memoriam
1398 939 1470 979 per
1501 928 1638 965 totum
1669 927 1751 965 ter-

307 998 448 1025 rarum
483 984 626 1025 orbem
658 983 848 1025 disiicere
870 984 1107 1039 breuesque
1131 985 1248 1037 regni
1280 982 1441 1024 fructus
1474 987 1619 1024 eterna
1639 981 1749 1022 fame

307 1041 567 1097 turpitudine
615 1056 873 1096 comparare.
935 1042 1121 1083 Dimisso
1168 1041 1470 1092 Waldemaro,
1501 1039 1751 1081 Lalandiam

306 1100 395 1154 ipse
438 1100 653 1142 concessit.
725 1100 809 1141 Vbi
846 1100 1060 1154 paucitate
1109 1100 1338 1141 satellitum
1386 1112 1470 1139 non
1514 1101 1750 1150 contentus,

240 1168 274 1194 15
307 1172 437 1200 nouos
471 1158 623 1199 cotidie
654 1157 880 1213 stipatores
913 1157 1083 1210 adciuit,
1115 1158 1395 1212 clienteleque
1428 1156 1658 1210 grandibus
1689 1155 1750 1196 in-

309 1216 530 1257 crementis
562 1220 723 1267 auctus,
757 1215 954 1270 colloquii
987 1216 1097 1256 diem
1130 1216 1210 1257 hoc
1242 1216 1401 1264 tucior,
1433 1213 1552 1270 quo*
1583 1214 1750 1264 forcior,

310 1273 620 1328 opperiebatur,
653 1278 855 1328 tanquam
886 1287 1035 1328 pacem
1068 1287 1159 1313 cum
1185 1273 1335 1314 emulis
1358 1288 1411 1314 ex
1434 1272 1522 1327 pari
1546 1273 1750 1313 facturus.

309 1331 518 1386 Tempore
551 1332 844 1385 prenominato
878 1332 1075 1372 Kanutus
1110 1336 1152 1372 et
1177 1331 1480 1373 Waldemarus
1512 1344 1605 1371 cum
1639 1329 1749 1370 omni

309 1389 473 1430 Danica
513 1390 734 1430 nobilitate
775 1388 1024 1430 Lalandiam
1065 1389 1349 1431 aduehuntur.
1411 1388 1531 1429 Tunc
1572 1386 1750 1429 Walde-

238 1458 275 1484 20
306 1461 460 1500 marus,
512 1447 625 1501 quod
675 1447 917 1488 Suenonem
962 1446 1207 1489 familiarius
1259 1447 1532 1502 frequentare
1584 1446 1750 1497 soleret,

311 1519 406 1546 cum
448 1506 592 1559 paucis
633 1505 683 1545 ad
727 1519 821 1545 eum
864 1505 1120 1546 uisitandum
1153 1505 1385 1552 contendit,
1419 1504 1590 1545 Kanuto
1623 1502 1750 1544 fidem

308 1567 516 1617 perpetua
546 1563 785 1618 suspicione
817 1562 1055 1604 damnante.
1120 1563 1227 1604 Cum
1260 1577 1342 1618 quo
1366 1561 1507 1603 Sueno
1531 1561 1749 1602 Kanutum

308 1620 465 1675 pariter
496 1620 644 1662 adesse
690 1624 830 1674 ratus,
872 1622 1077 1662 subornat
1125 1636 1177 1662 ex
1218 1623 1328 1675 suis,
1376 1621 1447 1675 qui
1490 1619 1750 1673 iul-gencium

308 1692 425 1719 more
457 1692 545 1719 rem
572 1679 614 1719 in
646 1679 865 1732 strepitum
909 1679 1251 1734 sedicionemque
1283 1683 1603 1731 conuerterent,
1637 1691 1751 1718 emu-

241 1748 276 1774 25
308 1737 456 1790 losque
488 1737 642 1790 pariter
673 1736 783 1778 ferro
818 1737 1038 1778 uiolarent.
1086 1737 1221 1785 Quem
1246 1736 1318 1778 ubi
1350 1737 1438 1778 sine
1461 1737 1574 1777 socio
1608 1735 1751 1776 uenire

309 1794 543 1848 conspexit,
576 1794 795 1835 consilium
841 1795 1080 1848 reuocauit,
1122 1808 1271 1849 parum
1315 1794 1547 1849 proficuam
1579 1793 1750 1834 alterius

309 1852 400 1893 sine
426 1851 560 1892 altero
584 1853 903 1906 oppressionem
927 1853 1186 1894 existimans.
1232 1851 1548 1903 Waldemarus,
1572 1850 1750 1905 cognitis

309 1909 483 1960 insidiis,
515 1909 589 1950 sed
622 1909 907 1962 dissimulatis,
942 1911 1075 1955 multa
1099 1910 1308 1952 Suenonis
1340 1909 1589 1951 adulacione
1622 1923 1751 1950 uexa-

309 1971 391 2014 tus,
423 1980 516 2007 cum
548 1967 601 2008 ab
634 1981 682 2008 eo
715 1968 782 2008 die
814 1973 987 2023 postero
1020 1968 1069 2009 ad
1094 1968 1299 2009 familiare
1331 1968 1589 2022 colloquium
1622 1980 1749 2021 expe-

241 2036 277 2062 30
307 2028 479 2076 teretur,
511 2039 594 2066 non
627 2026 748 2066 aliter
779 2027 944 2079 annuit,
988 2041 1113 2082 quam
1149 2030 1195 2066 ut
1226 2031 1402 2081 uterque
1436 2025 1646 2066 solitarius
1678 2024 1750 2065 ad-

311 2086 434 2125 esset.
494 2082 557 2124 Εο
589 2097 770 2138 namque
809 2084 998 2139 corporis
1042 2084 1188 2125 habitu
1234 2089 1347 2136 erat,
1379 2089 1426 2124 ut
1459 2096 1553 2123 cum
1586 2082 1749 2124 nemine

311 2140 468 2181 uiritim
499 2141 698 2195 congredi
731 2141 957 2184 dubitaret.
1019 2142 1223 2183 Militibus
1246 2142 1388 2196 itaque
1420 2140 1569 2196 procul
1600 2140 1750 2182 abesse

311 2198 445 2251 iussis,
477 2198 657 2240 inuicem
691 2199 901 2253 collocuti,
930 2201 1123 2254 proximo
1167 2199 1234 2240 die
1268 2199 1486 2240 concilium
1526 2198 1748 2239 aduocant.

311 2256 430 2297 Tunc
462 2255 616 2306 Sueno,
648 2257 737 2298 siue
772 2258 1041 2312 cognacionis
1073 2257 1226 2298 fiducia
1257 2257 1345 2298 siue
1377 2256 1557 2311 tegende
1590 2256 1750 2297 fraudis

244 2324 278 2350 35
309 2313 472 2366 studio,
519 2313 692 2356 Kanuto
740 2317 1057 2369 consenciente,
1104 2315 1379 2356 Waldemaro
1433 2314 1748 2368 composicionis

311 2371 527 2414 arbitrium
567 2372 717 2425 tradit,
759 2373 1037 2427 probaturum
1079 2387 1146 2423 se,
1191 2386 1440 2428 quecunque
1492 2386 1567 2427 per
1613 2372 1748 2426 ipsum

313 2432 581 2484 taxarentur,
622 2430 849 2473 affirmans.
919 2431 1057 2486 Igitur
1088 2430 1415 2478 Waldemarus,
1456 2430 1555 2484 ipsis
1587 2430 1748 2484 sibique

314 2486 417 2539 regii
449 2488 627 2529 nominis
668 2490 950 2543 usurpacione
995 2489 1187 2541 decreta,
1234 2488 1433 2529 trifariam
1466 2488 1599 2528 tocius
1631 2487 1748 2541 regni

317 2542 459 2584 orbem
490 2546 679 2600 partitus,
711 2545 823 2588 Iutie
846 2547 1192 2601 magnitudinem,
1225 2560 1309 2588 non
1341 2546 1478 2586 minus
1507 2542 1748 2599 incolalrum

249 2611 283 2638 40
313 2600 577 2645 multitudine
608 2617 734 2660 quam
764 2604 916 2659 spaciis
948 2604 1249 2659 abundantem,
1282 2604 1323 2646 in
1346 2617 1475 2650 unam
1508 2602 1749 2658 porcionem

1803 640 1882 676 (274

1806 811 1882 844 w71

1772 1216 1884 1244 chxn
