1884 3126
273 872 308 898 10

272 1159 308 1185 15

270 1447 308 1474 20

267 1733 304 1760 25

267 2020 304 2048 30

264 2311 300 2338 35

350 219 431 259 446
881 234 933 239 —-
993 207 1129 249 XIIII
1191 232 1243 239 -—

349 342 515 399 quidam
560 344 783 381 nautarum
826 351 903 392 per
949 336 1133 391 quietem
1181 333 1465 386 existimauit,
1511 347 1586 388 per
1626 333 1785 375 inculta

349 400 554 442 moncium
585 397 683 450 iuga
715 394 873 436 lasciuo
907 394 958 435 ad
993 393 1166 435 modum
1198 406 1305 447 equo
1339 405 1382 432 se
1413 391 1615 446 prouehi,
1648 404 1784 445 eoque

348 469 513 498 cursum
546 454 720 505 citante,
760 452 869 493 inter
910 451 1084 491 uallium
1125 463 1255 504 opaca
1288 448 1584 504 precipitatum
1627 449 1784 490 crebris

346 517 588 554 noctuarum
630 509 842 563 unguibus
873 508 1037 549 laniari.
1100 507 1224 555 Quod
1258 520 1349 548 cum
1384 520 1505 547 mane
1534 521 1610 562 per
1647 507 1783 548 iocum

344 568 558 611 sodalibus
590 567 816 619 retulisset,
849 565 1010 617 Ericus,
1043 579 1095 606 ea
1125 565 1288 606 uisione
1320 564 1455 605 ueluti
1485 564 1659 619 periculi
1691 578 1784 618 pre-

345 626 553 676 monitus,
595 639 648 665 ne
682 638 778 665 eum
808 623 1098 678 nauigacionis
1131 623 1325 664 comitem
1364 622 1561 674 haberet,
1595 623 1635 662 in
1669 622 1783 663 aliud

344 698 388 724 se
423 683 639 736 nauigium
671 681 873 732 contulit,
907 695 1042 735 eoque
1073 685 1213 731 tutus,
1258 680 1380 722 sociis
1412 679 1632 734 naufragio
1664 694 1784 735 pere-

342 740 538 793 untibus,
581 739 833 793 permansit,
873 740 1115 792 letatusque
1160 742 1242 789 est,
1287 737 1400 793 quod
1444 737 1620 779 salutem
1662 751 1782 779 suam

342 798 477 839 aliene
508 798 586 837 rati
621 811 747 852 quam
779 797 950 851 proprie
984 796 1156 837 credere
1188 796 1418 836 maluisset.

477 854 604 895 Forte
651 859 792 895 autem
837 855 948 895 inter
994 855 1133 908 ipsum
1175 852 1604 909 Roskyldensemque
1647 853 1781 908 ponti-

341 913 480 963 ficem,
512 911 763 966 Eskyllum,
795 911 1015 952 inimicicie
1047 912 1251 966 primum,
1283 925 1385 951 mox
1416 910 1652 952 sediciones
1685 910 1783 953 ado-

340 971 497 1011 leuere.
560 969 653 1017 Qua
684 970 725 1010 in
757 983 801 1010 re
835 970 1010 1010 antistes
1042 970 1180 1019 l'etri,
1212 968 1399 1023 Botylde
1429 968 1524 1019 filii,
1558 969 1782 1023 collegium

340 1033 513 1081 nactus,
557 1028 830 1080 auctoritate,
873 1041 996 1082 quam
1028 1027 1204 1080 primam
1236 1026 1343 1067 inter
1375 1025 1670 1068 Sialandenses
1710 1026 1782 1067 ha-

341 1085 492 1138 bebat,
538 1086 579 1126 in
625 1085 737 1138 regis
778 1099 850 1126 eos
895 1085 1039 1125 odium
1080 1084 1284 1136 concitat,
1328 1084 1574 1140 uiribusque
1617 1084 1783 1139 publice

340 1143 696 1184 consternacionis
730 1142 901 1183 adiutus
926 1141 1137 1183 Sialandie
1161 1156 1257 1183 eum
1287 1142 1476 1183 terminis
1508 1142 1640 1197 pellit.
1687 1142 1781 1190 Quo

339 1206 513 1251 exacto,
545 1200 847 1254 prouincialem
879 1200 1080 1254 populum
1113 1200 1153 1240 in
1185 1199 1431 1241 societatem
1472 1200 1671 1241 faccionis
1704 1200 1782 1241 sub

339 1259 461 1300 titulo
494 1258 699 1299 libertatis
732 1256 979 1312 ad<s>ciseit,
1003 1273 1024 1298 a
1054 1258 1263 1312 suspectis
1298 1257 1465 1298 obsides
1496 1258 1613 1313 petit.
1659 1257 1781 1299 Solos

341 1330 444 1357 uero
480 1315 750 1371 Skyalmonis
792 1316 900 1356 filios
932 1315 1151 1357 sedicionis
1194 1316 1454 1356 consorcium
1496 1316 1780 1357 detrectantes

342 1373 394 1414 ad
426 1375 632 1428 populare
676 1374 896 1414 concilium
938 1379 1112 1427 euocat,
1157 1378 1220 1424 et,
1252 1373 1292 1413 ni
1325 1377 1483 1414 statuta
1515 1374 1581 1415 die
1614 1373 1781 1415 obsides

339 1432 519 1482 tradant,
553 1431 672 1472 bonis
706 1431 906 1472 carituros
939 1431 1133 1471 minatur.
1195 1431 1261 1471 Illi
1305 1445 1407 1472 uero
1449 1431 1498 1472 ad
1535 1432 1781 1472 concionem

339 1489 541 1543 peruecti,
575 1503 650 1529 nec
682 1489 801 1530 minis
833 1490 933 1530 uicti
966 1503 1043 1530 nec
1078 1489 1282 1530 bonorum
1314 1502 1424 1543 pena
1456 1488 1682 1544 muljctati,
1714 1504 1776 1531 so-

337 1547 465 1587 lidum
499 1551 673 1588 tenuere
705 1548 984 1602 propositum.
1049 1546 1134 1588 Sed
1175 1553 1220 1588 ut
1265 1547 1318 1587 ad
1352 1561 1424 1588 eos
1456 1547 1685 1602 impunita-s
1718 1561 1780 1588 re-

338 1604 567 1655 dundauit,
607 1605 666 1645 ita
708 1604 759 1644 ad
798 1603 1023 1659 Eskyllum
1065 1617 1175 1658 pena
1216 1605 1436 1646 concessit.
1506 1605 1625 1659 Rege
1669 1605 1780 1646 enim

338 1676 431 1702 cum
464 1662 599 1702 Iutica
632 1662 765 1703 classe
788 1676 973 1716 reuerso,
1006 1662 1134 1716 patris
1167 1676 1215 1703 ac
1239 1663 1378 1716 patrui
1400 1663 1642 1704 interuentu
1664 1677 1779 1716 usus,

335 1720 484 1761 uicena
515 1720 607 1761 auri
638 1719 797 1760 talenta
829 1720 984 1760 mulcte
1016 1720 1186 1760 nomine
1217 1720 1433 1773 persoluit.
1483 1720 1637 1762 Petrus
1663 1735 1778 1773 uero,

335 1777 434 1819 fatis
466 1778 552 1818 suis
585 1777 794 1818 ulcionem
826 1778 1180 1832 precum-entibus,
1214 1792 1374 1832 penam,
1409 1792 1491 1833 que
1519 1792 1544 1819 a
1574 1791 1675 1832 rege
1706 1793 1780 1833 pa-

334 1835 520 1885 rabatur,
566 1834 721 1889 effugit.
784 1836 867 1876 Per
908 1835 1055 1876 eadem
1099 1840 1312 1890 tempora,
1345 1836 1582 1878 decedente
1617 1837 1776 1877 Ascero

334 1893 563 1946 Lundensi,
597 1893 647 1934 de
681 1894 781 1935 noui
812 1893 1009 1934 antistitis
1041 1893 1297 1948 s'uffeccione
1331 1893 1550 1935 diuiduum
1584 1894 1697 1948 regis
1729 1908 1779 1935 ac

334 1951 476 2006 populi
520 1950 771 2005 suffragium
814 1951 905 1992 fuit.
967 1951 1183 2006 Siquidem
1227 1951 1476 1994 Scanienses
1519 1952 1574 1993 ob
1607 1953 1779 2006 egregia

334 2008 482 2050 Asceri
532 2008 680 2050 merita
732 2009 977 2064 Eskyllum,
1037 2009 1270 2051 arctissima
1322 2010 1358 2050 ei
1410 2010 1778 2064 consanguinitate

333 2067 543 2117 iunctum,
581 2080 634 2108 ne
678 2065 980 2121 p0<n>tificium
1011 2081 1035 2108 a
1067 2067 1224 2108 familia
1267 2067 1522 2121 discederet,
1566 2066 1775 2121 suffragiis

334 2125 657 2180 amplectuntur.
731 2125 827 2166 Rex
870 2138 995 2178 uero,
1042 2125 1196 2166 rubore
1241 2123 1476 2180 fugacionis
1524 2126 1778 2166 ammonitus

334 2195 473 2237 neque
519 2196 690 2224 suorum
734 2182 775 2222 in
816 2182 993 2237 Eskyllo
1041 2181 1294 2224 dedecorum
1343 2183 1523 2234 oblitus,
1566 2183 1777 2224 Rikonem

335 2239 662 2293 Slesuicensem,
706 2240 775 2295 qui
806 2254 939 2295 nuper
972 2240 1131 2281 Albero
1164 2245 1451 2290 successerat,
1485 2240 1599 2295 quod
1629 2241 1670 2282 in
1701 2255 1776 2295 po-

331 2297 478 2340 ciendo
509 2312 640 2352 regno
674 2298 868 2343 familiari
901 2298 991 2339 eius
1025 2312 1153 2353 opera
1184 2313 1286 2339 usus
1328 2298 1486 2349 fuerat,
1528 2312 1673 2339 eorum
1712 2313 1776 2339 ar-

333 2355 456 2397 bitrio
489 2355 743 2410 preferebat.
787 2354 876 2399 Nec
910 2359 1051 2398 tamen
1085 2356 1161 2397 hec
1191 2361 1295 2397 uota
1327 2357 1466 2412 palam
1499 2356 1552 2397 ad
1583 2356 1699 2397 litem
1733 2362 1775 2398 et

334 2414 668 2455 controuersiam
696 2426 923 2468 progressa
955 2413 1143 2459 fuerant„
1176 2414 1320 2455 Scanis
1362 2418 1478 2455 metu
1517 2414 1775 2455 sentenciam

334 2472 654 2513 occultantibus.
701 2471 864 2513 Eodem
898 2476 1086 2527 tempore
1118 2471 1276 2526 Plogus
1308 2472 1491 2526 quidam.
1522 2473 1633 2512 claro
1666 2472 1774 2512 inter

333 2527 452 2569 Iutos
484 2529 577 2570 loco
618 2534 763 2582 natus,
804 2526 982 2585 tamletsi
1023 2530 1132 2584 regis
1165 2529 1362 2570 miliciam
1394 2529 1676 2585 profiteretur,
1709 2530 1767 2570 la-

265 2597 301 2625 40
330 2588 466 2627 tentes
499 2587 624 2642 capiti
655 2588 744 2629 eius
777 2586 948 2628 insidias
991 2587 1276 2643 comparabat.
1338 2586 1403 2628 Ad
1446 2601 1570 2642 quem
1605 2587 1770 2642 Rypam

1832 1493 1884 1528 (25

1823 2541 1879 2572 με
