1884 3126
48 909 85 936 10

47 1196 83 1223 15

48 1486 85 1513 20

48 1777 85 1804 25

50 2067 87 2094 30

50 2356 87 2384 35

657 264 708 271 —
769 240 907 283 XIIII
971 267 1018 271 ——
1480 243 1562 283 595

116 373 308 423 tutatus,
331 384 413 425 quo
435 374 560 425 pacto
584 371 803 412 certamini
832 372 1110 414 interfuturus
1130 387 1213 414 non
1244 373 1312 427 sit,
1343 372 1563 428 presertim

118 442 213 470 cum
243 428 582 484 inseparabiliter
613 443 710 470 eum
732 430 921 471 comitari
944 430 1190 473 decreuerit.
1235 430 1440 486 Cumque,
1463 444 1564 485 rege

115 500 182 528 res
214 490 356 540 gestas
389 501 441 528 ex
465 501 513 528 eo
536 500 789 541 cognoscere
819 498 821 521 Ι
850 488 1057 543 cupiente,
1086 488 1316 530 discessuro
1337 489 1564 539 Absalone‚

116 545 332 600 quiescere
363 549 599 599 rogaretur,
621 545 951 599 pertinacissime
982 546 1176 601 precibus
1197 547 1449 600 obluctatus,
1479 560 1565 588 non

115 603 230 657 prius
261 603 433 657 rogatui
464 603 599 656 cessit,
633 616 759 657 quam
789 617 863 645 rex
887 618 1058 659 operam
1090 618 1132 646 se
1165 604 1368 646 daturum
1394 604 1565 660 pollice-

117 665 244 710 retur,
278 665 324 702 ut
356 675 452 702 eum
474 665 568 715 post
589 659 848 703 Absalonem
871 663 1008 717 prima
1030 662 1122 703 luce
1143 662 1386 704 dimitteret.
1430 661 1566 703 Erant

116 723 258 760 autem
301 733 374 760 sex
415 719 589 773 nauigia
631 717 893 761 Absalonem
924 720 1193 772 comitancia,
1236 735 1258 761 e
1290 720 1440 775 quibus
1471 720 1565 771 tria,

116 790 198 831 quo
233 776 495 818 commodius
526 777 636 831 ignis
668 777 871 818 alimenta
902 777 1224 832 contraherent,
1256 778 1300 819 in
1331 778 1565 833 superiores

116 834 244 876 maris
275 834 490 876 anfractus
515 839 820 890 concesserant,
844 850 924 890 que
946 840 1039 890 post
1061 835 1232 876 modum
1264 840 1396 889 estus,
1428 836 1565 877 subito

116 906 310 947 regressu
333 893 547 944 destituta,
580 907 683 935 ceno
708 893 875 948 paludis
906 893 1115 944 affixerat,
1140 893 1356 935 Absalone
1389 894 1564 936 totidem

116 950 295 993 residuis
327 951 542 992 exteriora
573 952 686 993 sinus
718 951 824 993 ostia
858 952 1179 1006 complectente.
1241 952 1321 1000 Qui
1353 966 1449 993 cum
1479 965 1565 992 ma-

116 1009 252 1050 tutino
297 1012 488 1064 tempore
531 1023 614 1051 una
657 1024 752 1051 cum
794 1009 930 1051 scriba
973 1024 1046 1051 suo
1078 1010 1318 1064 religiosum
1358 1009 1566 1064 psallendi

116 1067 243 1108 ritum
289 1071 538 1122 perageret,
580 1068 913 1109 tumultuacione
954 1068 1116 1109 eminus
1159 1067 1324 1122 audita,
1366 1067 1566 1122 quidnam

116 1124 196 1166 hoc
227 1129 349 1178 esset,
381 1130 677 1168 concentorem
709 1125 912 1180 dispicere
944 1126 1073 1168 iubet.
1120 1126 1209 1174 Quo
1242 1140 1397 1167 nouem
1419 1126 1565 1180 longas

114 1197 245 1224 naues
276 1197 301 1223 a
332 1197 375 1224 se
407 1184 588 1238 prospici
631 1184 867 1236 referente,
908 1184 1066 1239 piratas
1107 1198 1196 1225 esse
1236 1198 1319 1225 non
1356 1183 1566 1237 dubitans,

116 1245 340 1282 stertentes
384 1241 523 1283 adhuc
562 1240 768 1297 remissges
818 1242 903 1282 alta
947 1256 1053 1283 uoce
1097 1242 1334 1296 compellat.
1407 1241 1566 1289 Quibus

116 1313 278 1340 summo
331 1313 424 1340 cum
466 1305 635 1355 stupore
679 1300 970 1352 exilientibus,
1014 1314 1091 1341 nec
1137 1305 1279 1353 ueste,
1326 1299 1398 1341 sed
1441 1299 1566 1340 armis

117 1371 294 1411 corpora
341 1358 682 1413 protegentibus,
739 1359 945 1413 ocyssime
1000 1357 1138 1399 hostes
1192 1358 1420 1411 petendum
1471 1357 1567 1397 hor-

117 1420 254 1465 tatur3
306 1429 483 1470 quorum
529 1417 612 1457 iam
666 1420 786 1457 tanta
836 1416 1030 1468 uicinitas
1080 1416 1365 1469 senciebatur,
1416 1419 1462 1456 ut
1513 1415 1566 1455 ab

117 1473 176 1515 eis
207 1473 364 1515 crebris
395 1474 580 1516 silicibus
620 1474 989 1515 contunderentur.
1059 1474 1168 1522 Quin
1210 1474 1343 1515 eciam
1385 1472 1566 1514 anchore

116 1531 293 1573 uinculis
324 1532 558 1587 rumpende
591 1546 705 1574 more
737 1533 881 1586 gracia
913 1532 1116 1586 discissis,
1159 1532 1384 1586 remigium
1416 1531 1564 1572 exerit.

116 1589 176 1630 At
222 1589 384 1643 Sclaui,
433 1590 557 1632 facile
606 1591 757 1632 nostris
800 1594 962 1631 metum
1009 1590 1177 1632 iniicere
1208 1590 1311 1642 rati,
1354 1603 1402 1629 ac
1431 1588 1565 1629 ueluti

117 1648 299 1703 ipsorum
322 1648 484 1690 animos
506 1648 689 1690 horridis
709 1649 882 1690 uocibus
903 1648 1157 1701 hebetaturi,
1189 1647 1350 1701 ingenti
1380 1648 1564 1687 clamore

118 1705 244 1759 edito,
276 1705 518 1762 obstrepere
551 1711 767 1761 ceperunt.
833 1706 953 1754 Quod
987 1710 1206 1760 postquam
1238 1705 1394 1746 frustra
1425 1719 1468 1745 se
1501 1718 1565 1745 co-

116 1768 239 1805 natos
270 1763 634 1818 animaduertere,
668 1764 921 1819 diffugiunt,
963 1778 1191 1819 eorumque
1222 1764 1323 1804 ratis
1355 1777 1438 1803 una
1469 1776 1564 1803 cum

118 1821 326 1863 uniuersis
383 1823 612 1877 remigibus
663 1823 910 1877 intercepta.
997 1821 1079 1863 Sed
1130 1835 1206 1863 nec
1254 1820 1409 1861 Vrcine
1460 1820 1565 1861 silue

118 1879 283 1921 latebra
313 1879 366 1921 ad
398 1894 442 1922 se
484 1881 803 1922 decurrentibus
835 1880 1018 1922 subsidio
1059 1879 1160 1932 fuit,
1202 1879 1436 1933 agrestibus
1469 1892 1562 1919 eam

120 1937 324 1979 curiosius
353 1938 691 1992 perlustrandam
724 1938 979 1979 curantibus.

258 1995 322 2037 Ea
362 2000 615 2052 tempestate
645 1996 882 2048 Esbernus,
924 1996 1071 2037 urbem
1101 1994 1344 2036 Kalundam
1380 1994 1563 2047 molitus,

118 2053 220 2094 noui
263 2053 514 2095 munimenti
554 2054 736 2109 presidio
778 2059 945 2108 portum
987 2053 1128 2095 hostili
1168 2054 1345 2108 piratica
1386 2052 1566 2093 liberum

119 2111 313 2166 prestitit.
374 2112 472 2167 Ipse
501 2117 504 2160 Ι
533 2126 696 2168 quoquc
737 2117 779 2153 et
810 2112 1018 2166 Inguarus
1056 2115 1097 2152 et
1140 2111 1299 2152 Olauus
1339 2110 1446 2151 ultro
1477 2108 1566 2150 Ab·

119 2168 252 2210 saloni
283 2183 326 2210 se
357 2170 480 2211 infati
512 2170 614 2211 abili
636 2170 801 2225 piratici
832 2171 1016 2211 muneris
1038 2169 1291 2211 execucione
1321 2169 1562 2209 iunxerunt.

258 2226 373 2268 Vere
394 2185 509 2269 redd

120 2284 331 2326 succincto
364 2299 569 2341 prospera
610 2286 835 2327 aduersum
881 2285 1164 2326 Brammesios
1207 2283 1428 2339 expedicio
1471 2282 1562 2324 fuit.

120 2341 215 2390 Qua
236 2349 420 2397 peracta,
454 2344 535 2385 alia
556 2344 749 2399 protinus
771 2343 985 2398 regalibus
1008 2344 1131 2384 iussis
1162 2342 1396 2383 instruitur.
1440 2341 1562 2381 Hanc

121 2400 312 2450 Absbalon
346 2407 387 2442 et
421 2401 752 2457 Christophorus
785 2401 941 2443 ducum
972 2402 1141 2442 nomine
1172 2399 1410 2454 prosecuti,
1442 2399 1562 2453 primi

122 2456 429 2512 Ma[n]snetam
462 2474 635 2501 uenere.
698 2460 781 2507 Qui
813 2473 921 2510 cum,
953 2473 1053 2512 rege
1084 2458 1242 2499 tardius
1274 2460 1440 2511 agente,
1474 2470 1562 2497 rur-

122 2530 216 2557 sum
253 2516 538 2560 Brammesios
581 2517 756 2572 aggredi
796 2517 1062 2566 statuissent,
1103 2515 1327 2557 aduehitur
1376 2513 1564 2556 Eskillus

121 2574 276 2629 insigni
307 2574 597 2616 Scaniensium
640 2576 772 2616 classe
811 2574 1002 2629 stipatus.
1065 2573 1148 2614 Hic
1188 2587 1324 2628 nuper
1356 2570 1563 2614 Hieroso-

54 2643 91 2674 4ο
119 2631 232 2687 lyma
272 2646 514 2687 regressus,
547 2633 720 2675 barbam
763 2632 815 2673 ad
858 2631 1027 2674 modum
1061 2631 1289 2672 immissam
1331 2629 1563 2684 longinque

1361 2697 1428 2733 35*

1620 497 1718 532 p.ffl3

1606 1243 1738 1271 Chva

1620 2123 1716 2156 ρ.ὅΗ

500 2229 573 2281 ito,
598 2227 903 2282 Cbristophoro
923 2227 1022 2269 solis
1040 2227 1281 2282 prefecture
1306 2241 1380 2267 sue
1405 2225 1563 2266 uiribus
1585 2231 1829 2262 CI1XXV1¹b.2s

1635 2272 1769 2308 (341,⁴7)

1652 2316 1750 2349 p.ffi8
