1884 3126
307 270 389 310 432
860 285 910 291 -
972 260 1086 303 XIII
1147 286 1201 292 -—

306 391 542 433 detestabili
574 389 655 431 filio
688 387 973 429 damnacionis
1006 387 1277 429 consorcione
1308 386 1557 436 iunxerunt,
1589 387 1748 429 scelere

305 464 430 515 pares
469 461 577 502 pena
620 446 833 500 equandos
883 445 1185 486 existimantes.
1250 443 1399 498 Neque
1433 444 1542 486 enim
1578 445 1749 486 ulterior

304 506 503 547 iuraeioni
544 504 631 544 eius
673 503 777 544 fides
819 502 963 543 habita
1005 507 1092 557 est,
1140 503 1211 556 qui
1254 502 1335 542 iam
1376 515 1635 556 prepropera
1675 502 1749 544 filii

302 562 581 604 reuocacione
604 561 876 615 conspicuum
899 561 1060 601 eunctis
1082 560 1311 615 periurium
1334 559 1549 601 edidisset.
1571 559 1636 600 V÷
1629 574 1747 614 rum

252 637 268 662 5
301 634 352 661 ne
375 619 558 674 populus
579 619 698 672 regio
724 618 851 659 ductu
876 631 1036 659 uacuus
1059 631 1203 672 regem
1235 618 1477 670 incesseret,
1511 618 1588 658 sub
1621 618 1747 660 certis

301 677 427 731 signis
450 676 626 717 militare
661 676 892 726 constituit,
924 676 1096 730 fragiles
1119 680 1293 716 conatus
1318 680 1359 716 et
1382 676 1589 730 propositi
1609 676 1749 716 irritos

300 735 503 787 iudicans,
538 748 639 789 quos
671 734 787 774 nulla
817 731 978 787 (ducis)
1010 734 1200 787 auspicia
1232 738 1544 787 procurassent.
1595 734 1747 789 Itaque

302 806 444 846 regem
477 806 530 833 ex
563 795 767 832 consueta
799 791 1064 844 potissimum
1096 791 1252 831 familia
1285 791 1513 845 petiturus,
1547 792 1747 847 preterito

303 849 508 901 Haraldo,
540 849 678 902 Erico,
712 849 824 904 quod
858 849 955 889 huic
985 849 1104 903 stirpi
1134 849 1270 889 affinis
1303 855 1429 900 esset,
1462 854 1504 890 et
1529 863 1682 890 nomen
1707 856 1748 891 et

230 923 267 949 10
297 908 435 961 regias
484 908 595 948 uires
642 907 851 960 suffragiis
899 907 1062 947 detulit.
1124 907 1341 961 Siquidem
1381 906 1544 948 facilem
1588 922 1641 948 ex
1683 908 1746 948 his

301 965 556 1006 eleccionem
589 979 754 1006 morum
784 964 1037 1019 inequalitas
1078 963 1276 1006 faciebat.
1340 964 1438 1005 Non
1470 965 1604 1006 solum
1637 966 1746 1005 enim

301 1023 483 1064 auaricia
515 1022 720 1074 Har-aldi,
753 1021 824 1063 sed
859 1022 990 1062 eciam
1022 1022 1152 1063 libido
1185 1021 1359 1077 flagiciis
1393 1021 1531 1063 obsita
1561 1036 1585 1063 a
1617 1037 1746 1077 regno

300 1080 447 1135 repelli
481 1081 644 1122 meruit.
706 1080 831 1130 Huic,
863 1081 1104 1133 coniugalia
1136 1094 1254 1121 sacra
1285 1081 1511 1134 spernenti,
1548 1081 1746 1135 frequens

302 1139 544 1180 concubinis
596 1138 836 1179 cubiculum
889 1138 1038 1179 extitit.
1125 1138 1294 1193 Quippe
1344 1138 1609 1179 matrimonio
1664 1153 1746 1179 non

230 1212 266 1238 15
298 1201 535 1248 contentus,
567 1196 775 1251 genialem
808 1196 974 1236 thorum
1007 1196 1204 1250 pellicum
1239 1210 1316 1237 usu
1349 1196 1558 1251 pollutum
1581 1196 1742 1239 habuit.

301 1252 489 1303 Quarum
536 1259 682 1309 partus
729 1253 903 1305 singulis
948 1254 1212 1294 incunabulis
1261 1254 1427 1308 excepti
1475 1258 1517 1296 et
1561 1254 1602 1294 in
1650 1256 1746 1296 aula

299 1312 441 1353 liberis
483 1317 663 1353 matrum
706 1311 854 1352 officiis
899 1311 1086 1365 edueati,
1128 1313 1247 1353 triste
1289 1316 1421 1367 nupte
1460 1312 1747 1367 spectaculum

299 1369 430 1411 fuere.
495 1369 629 1424 Igitur
663 1370 716 1410 ob
747 1369 905 1410 inuisos
946 1370 1135 1424 parentis
1178 1383 1318 1411 mores
1351 1375 1548 1424 suspecta
1578 1384 1744 1425 quoque

299 1428 524 1482 posteritas
557 1432 658 1476 erat,
691 1441 768 1468 nec
799 1427 935 1468 solum
966 1441 1140 1482 presens
1172 1427 1317 1483 patris,
1349 1427 1422 1468 sed
1445 1429 1575 1469 eciam
1603 1427 1744 1469 futura

228 1500 266 1526 20
299 1486 521 1526 liberorum
573 1485 842 1526 metuebatur
892 1486 1113 1540 impietas,
1172 1484 1284 1541 quod
1335 1486 1515 1526 filiorum
1566 1485 1744 1527 affectus

298 1544 483 1598 paternis
538 1544 701 1585 soleant
754 1543 932 1597 ingeniis
984 1543 1256 1597 respondere.
1326 1543 1564 1598 Eapropter
1606 1544 1754 1584 cuncti'

297 1601 348 1641 ab
392 1600 582 1641 Haraldo
631 1601 772 1643 oculos
821 1605 1087 1652 auertentes,
1141 1601 1331 1655 benignis
1377 1600 1548 1642 Ericum
1596 1601 1743 1642 animis

297 1659 503 1714 respicere
536 1660 788 1700 maluerunt.
852 1658 950 1713 Ipse
981 1673 1097 1712 uero,
1131 1659 1223 1714 plus
1257 1659 1426 1714 proprie
1458 1659 1743 1700 moderacioni

296 1731 366 1772 qu
355 1731 420 1757 nn
450 1717 585 1758 alieno
619 1716 754 1757 fauoii
784 1716 1090 1771 indulgendum
1123 1717 1381 1770 existimans,
1414 1717 1601 1759 oblatum
1623 1731 1647 1757 a
1669 1731 1742 1783 po-

229 1790 264 1816 25
296 1775 515 1830 pularibus
566 1776 769 1815 honorem
813 1788 980 1817 sumere
1026 1775 1262 1840 lecusauit,
1311 1780 1606 1816 ornamentum
1654 1776 1740 1816 eius

296 1833 455 1873 uiribus
479 1846 656 1887 querere
680 1846 942 1887 regnumque
964 1834 1091 1874 armis
1115 1847 1359 1888 precurrere
1383 1833 1568 1888 cupiens.
1607 1833 1742 1887 Igitur

295 1893 337 1931 et
377 1891 533 1931 ulcioni
575 1890 831 1931 studendum
874 1896 915 1931 et
957 1892 1133 1945 imperio
1176 1897 1274 1932 ante
1315 1896 1480 1946 partam
1524 1891 1740 1932 uictoriam

295 1948 589 1989 abstinendum
638 1949 818 2002 putauit.
881 1948 944 1989 Ac
989 1949 1171 2003 primum
1218 1949 1371 1990 lutiam
1420 1950 1623 2004 imparate
1670 1963 1741 1990 ex-

294 2006 526 2060 pedicionis
558 2006 718 2047 uiribus
750 2007 869 2061 petit.
913 2006 1050 2054 Quem
1083 2011 1285 2048 contexta
1317 2008 1408 2047 aeie
1439 2006 1741 2062 procedentem

226 2079 262 2105 30
293 2063 458 2117 'I‘horo,
503 2064 707 2118 Riparum
750 2065 951 2116 antistes,
995 2065 1240 2119 compositis
1286 2064 1462 2120 perfidie
1494 2064 1740 2106 commentis

295 2123 485 2177 excepit,
532 2136 737 2163 summam
779 2121 888 2175 regis
934 2122 1222 2164 innocenciam
1267 2122 1512 2177 predicans,
1560 2136 1740 2177 eumque

292 2178 514 2221 inracionis
555 2193 631 2221 sue
670 2185 856 2220 tenorem
907 2179 1107 2234 deinceps
1154 2185 1428 2222 executurum
1475 2181 1738 2235 promittens.

293 2236 446 2278 Verbis
481 2237 632 2278 deinde
668 2251 859 2291 magnam
891 2251 966 2292 pre
988 2253 1033 2279 se
1057 2238 1377 2279 excusacionem
1414 2237 1736 2292 prefeirentibus
1793 2263 1818 2286 p.
1851 2256 1855 2277 ι

294 2309 440 2349 preces
486 2295 537 2336 de
580 2309 683 2350 pace
731 2295 993 2349 multiplicat.
1054 2295 1217 2345 Ericus,
1249 2296 1506 2337 obsecrantis
1552 2296 1736 2336 animum

225 2366 260 2393 35
293 2352 536 2406 simpliciter
559 2353 775 2405 estimans,
807 2354 1034 2394 securitate
1067 2368 1116 2395 ex
1151 2354 1239 2394 eius
1271 2353 1488 2394 mendacio
1522 2357 1736 2408 concepta,

295 2410 517 2463 continuo,
571 2411 802 2463 reuocatis&
834 2411 1085 2465 aquiliferis,
1137 2411 1369 2452 subsistere
1420 2411 1560 2466 copias
1606 2412 1734 2452 iubet.

295 2467 424 2508 Cuius
455 2483 574 2510 mora
603 2467 824 2511 Nic-olaus:
840 2483 891 2509 ex
933 2469 1270 2534 speculatoribus
1312 2470 1500 2523 cognita,
1542 2468 1734 2524 profusos

293 2526 334 2565 in
368 2526 502 2567 ocium
538 2527 677 2568 hostes
708 2526 823 2567 nullo
856 2527 1032 2580 negocio
1064 2526 1244 2580 fugauit.
1308 2526 1372 2567 Ita
1406 2527 1506 2578 dux,
1538 2525 1735 2567 antistitis

295 2588 530 2627 commento
564 2585 819 2635 ludificatus,
852 2585 1003 2625 stolide
1037 2584 1297 2625 credulitatis
1324 2600 1400 2626 sue
1422 2599 1554 2640 penas
1577 2598 1735 2638 pepen-

228 2651 261 2679 40
293 2639 365 2683 dit
379 2641 403 2665 ἃς
466 2640 655 2698 Cumque
701 2642 754 2684 ob
800 2641 881 2684 hoc
924 2642 1070 2684 datum
1118 2642 1198 2683 sibi
1236 2642 1394 2683 iustum
1436 2642 1534 2685 belli
1565 2642 1733 2683 titulum
1750 2652 1850 2680 CXX*
