1884 3126
229 916 262 943 10

230 1204 261 1230 15

224 1493 261 1519 20

223 1782 259 1808 25

225 2071 260 2098 30

226 2361 260 2387 35

298 267 380 307 428
677 267 679 270 ’
841 283 890 289 -
953 257 1068 300 ΧΙΙΙ
1127 280 1181 287 -

298 390 470 444 aggredi
518 400 818 443 perseuerans,
869 385 1023 437 lorice,
1075 398 1201 440 quam
1247 382 1325 424 sub
1371 386 1489 424 ueste
1533 384 1741 438 gestabat,

299 461 459 489 summa
492 445 665 485 detexit.
712 443 794 484 Sed
827 457 879 483 ne
912 456 962 483 eo
999 443 1166 497 quidem
1199 441 1447 506 suspicionis
1478 441 1741 484 irritamento

300 505 498 545 refertum
529 501 779 542 fortitudine
811 505 961 555 pectus
992 500 1167 553 ignauia
1200 499 1436 553 astringere
1468 500 1614 543 ualuit.
1675 501 1742 542 Ita

298 561 424 602 solide
458 559 661 600 industrio
694 559 865 600 satelles
898 557 1022 598 fidem
1055 572 1173 599 suam
1209 563 1251 598 et
1281 557 1467 611 periurio
1498 570 1677 599 uacuam
1701 564 1742 600 et

296 618 539 659 innocencia
565 617 733 671 plenam
755 619 948 671 prestare
974 616 1121 657 uoluit.
1167 615 1343 670 Iamque
1366 614 1563 656 Kanutus
1586 617 1741 671 primos

295 676 397 715 silue
443 674 582 715 aditus
631 674 821 716 subibat.
871 687 962 714 cum
1008 688 1031 713 a
1079 674 1260 726 Magne,
1311 672 1532 714 occiduum
1580 674 1741 716 arboris

295 740 489 773 truncum
521 731 746 783 insidente,
778 731 884 773 falsa
919 730 999 772 oris
1034 731 1247 771 hilaritate
1280 735 1321 771 et
1352 731 1457 772 fictis
1500 732 1738 774 osculorum

295 790 590 831 blandimentis
642 790 863 844 excipitur.
941 788 1068 830 Cuius
1120 794 1166 829 ut
1213 789 1428 830 astrictum
1476 790 1740 844 amplexibus

293 853 440 902 pectus
474 847 584 888 ferro
616 852 774 888 tectum
803 848 993 899 agnouit,
1026 847 1125 902 quid
1159 847 1217 887 ita
1251 861 1300 888 eo
1334 848 1449 888 cultu
1482 853 1613 899 esset,
1646 862 1738 903 per·

293 905 460 960 quii-ere
492 905 650 946 institit.
715 906 771 945 At
803 906 885 955 ille,
913 905 1214 945 dissimulande
1238 905 1396 946 fraudis
1421 905 1618 959 cupidine
1650 920 1741 946 mu-

292 963 464 1004 nimenti
497 963 704 1004 racionem
737 963 899 1004 referre
935 964 1120 1018 cupiens,
1155 977 1247 1004 esse
1280 963 1430 1016 uirum,
1462 964 1620 1018 inquit,
1652 965 1740 1005 uite

293 1021 474 1073 rustice,
519 1021 635 1061 cuius
680 1021 873 1075 populari
914 1027 1090 1075 penates
1131 1020 1273 1062 uellet.
1347 1020 1566 1074 Kanutus,
1607 1026 1649 1062 et
1680 1023 1741 1064 rei

294 1079 561 1119 atrocitatem
594 1082 635 1119 et
666 1079 866 1133 temporis
890 1079 1138 1133 religionem
1161 1082 1306 1119 sancte
1329 1079 1540 1127 estimans,
1564 1079 1741 1135 (quippe

294 1136 531 1191 Epiphanie
563 1150 681 1176 sacra
713 1136 1007 1191 gerebantur)
1041 1151 1092 1177 ne
1125 1137 1292 1190 priuata
1333 1138 1395 1178 ira
1427 1137 1641 1192 publicum
1675 1151 1741 1179 so-

291 1195 414 1235 lennc
449 1195 690 1244 macularet,
725 1195 885 1235 orabat.
948 1195 1067 1248 Quo,
1100 1209 1238 1250 neque
1271 1210 1315 1236 se
1350 1195 1558 1236 ulcionem
1598 1196 1742 1237 remis—

293 1267 436 1293 surum
458 1267 596 1307 neque
619 1254 837 1307 proposito
861 1267 1090 1302 cessurum,
1121 1253 1300 1305 iurante,
1322 1253 1414 1307 ipse
1438 1253 1740 1295 satisfaccionis

294 1311 402 1351 iusta
436 1310 682 1365 promittere
714 1325 920 1366 suamque
943 1325 1019 1366 pro
1055 1311 1142 1352 eius
1167 1311 1436 1353 correccione
1469 1312 1739 1365 sponsionem

294 1368 445 1409 offerre
480 1369 602 1422 cepit.
667 1369 1021 1424 Obstrepentibus
1067 1369 1242 1421 deinde,
1285 1369 1355 1424 qui
1393 1369 1552 1411 insidiis
1586 1369 1742 1411 addicti

291 1427 481 1475 fuerant,
528 1427 671 1468 oculos
712 1428 754 1468 in
786 1432 947 1482 partem
983 1426 1288 1479 circunferens,
1321 1427 1419 1482 quid
1453 1427 1530 1468 sibi
1563 1428 1740 1469 militum

292 1484 369 1524 hec
402 1498 548 1524 manus
581 1485 695 1525 uelit.
721 1485 734 1538 Ι]
757 1486 1006 1539 interrogat.
1070 1484 1150 1525 Cui
1182 1485 1391 1539 Magnus,
1423 1486 1503 1525 iam
1538 1484 1589 1527 de
1622 1485 1739 1540 regni

293 1542 556 1583 successione
599 1548 640 1583 et
679 1558 819 1584 rerum
864 1558 1025 1584 summa
1057 1542 1283 1597 agendum,
1324 1543 1554 1598 respondit.
1622 1542 1742 1584 Tunc

293 1599 518 1651 Kanutus,
565 1605 610 1641 ut
650 1603 781 1655 patris
827 1601 915 1642 eius
954 1602 1155 1643 maiestas
1199 1600 1269 1641 diu
1302 1601 1396 1642 letis
1438 1601 1603 1643 fortune
1635 1601 1741 1642 uelis

292 1672 540 1713 prosperum
595 1673 761 1700 cursum
814 1664 980 1712 teneat,
1032 1662 1233 1713 exoptat3
1286 1659 1585 1714 tempestiuam
1637 1672 1740 1700 uero

293 1716 439 1757 talium
472 1717 735 1758 mencionem
767 1717 954 1759 incidere
988 1723 1130 1771 negat.
1192 1716 1286 1758 Hec
1329 1717 1507 1758 dicentis
1538 1717 1741 1758 uerticem

291 1774 468 1815 exiliens
512 1773 691 1827 Magnus
732 1776 994 1829 0b1umanns
1037 1788 1155 1815 more
1197 1775 1414 1829 corripuit.
1476 1775 1611 1829 Igitur
1654 1774 1739 1815 Ka-

293 1839 435 1884 nutus,
466 1810 640 1887 patente
672 1834 754 1873 iam
788 1833 907 1882 dolo,
947 1847 1118 1874 manum
1152 1833 1302 1887 capulo
1335 1833 1549 1885 inserens,
1583 1833 1739 1887 uagina

293 1889 449 1931 ferrum
484 1891 727 1931 abstiwaheie
759 1891 1013 1943 conabatur·
1046 1891 1213 1945 iamque
1245 1891 1430 1944 gladium
1472 1890 1738 1932 mediotenus

292 1947 596 1994 destrinxerat,
644 1963 736 1990 cum
786 1963 880 1990 eum
928 1948 1109 2003 Magnus
1157 1948 1304 2002 capitis
1351 1947 1489 1989 media
1531 1948 1739 1989 diffissum

294 2006 520 2047 exanimat.
583 2006 724 2048 Ceteri
759 2008 1072 2049 coniuratorum
1105 2010 1362 2060 prostratum
1397 2007 1554 2048 crebris
1594 2005 1739 2047 confo-

293 2063 421 2115 derel
452 2064 710 2119 cuspidibus.
773 2065 953 2120 Sanguis
999 2065 1087 2106 eius
1129 2069 1238 2105 terre
1281 2064 1470 2106 redditus
1510 2064 1739 2105 salutarem

292 2122 420 2163 fontis
459 2123 693 2163 scatebram
734 2124 950 2178 perpetuis
991 2122 1136 2163 usibus
1177 2123 1417 2163 mortalium
1449 2122 1738 2163 amministrat.

433 2180 559 2221 Cuius
593 2181 695 2221 cede
727 2187 957 2237 comperta,
991 2180 1264 2245 Skyalmonis
1295 2180 1388 2231 filii,
1422 2180 1574 2235 quibus
1606 2180 1738 2220 multa

294 2236 343 2278 ad
398 2252 494 2279 eum
546 2252 597 2278 ex
652 2239 918 2281 educacionis
973 2238 1268 2279 communione
1318 2238 1580 2279 familiaritas
1634 2243 1737 2288 erat,

297 2295 470 2349 petitum
502 2296 613 2337 illico
655 2311 820 2350 regem,
866 2303 911 2337 ut
942 2297 1082 2351 ipsum
1120 2296 1160 2336 in
1195 2296 1557 2361 Roskyldensium
1588 2309 1738 2336 monu-

292 2358 527 2394 mentorum
562 2368 660 2396 area
683 2355 877 2397 tumulari
902 2355 1105 2410 paci-itur,
1128 2358 1320 2394 exorant.
1366 2354 1444 2395 Ille
1467 2353 1548 2394 loci
1571 2352 1735 2407 copiam

292 2425 465 2463 negare,
500 2412 716 2454 ciuitatem
746 2411 851 2462 tanti
883 2412 978 2452 mali
1011 2416 1186 2466 aspectu
1214 2411 1552 2466 exasperandam
1584 2411 1736 2459 dicere,

295 2483 468 2523 (osque,
503 2484 526 2510 a
558 2470 710 2525 quibus
741 2470 928 2518 funebris
960 2469 1122 2510 Kanuti
1154 2482 1311 2524 pompa
1339 2468 1589 2520 duceretur,
1632 2468 1737 2508 indi-

294 2527 545 2579 gnacionem
560 2542 679 2568 suam
702 2527 961 2569 aduersum
953 2529 1136 2569 lnuisam
1154 2525 1298 2592 Magni
1315 2527 1576 2582 presenciam
1600 2526 1735 2566 acrius

296 2583 578 2627 destricturos.
627 2571 894 2642 Quapropter
927 2585 1128 2640 exequias
1151 2585 1300 2639 pocius
1322 2584 1574 2626 sediciosum
1595 2597 1736 2637 pugne

229 2652 264 2680 ,ιο
296 2642 515 2697 strepitum
556 2656 681 2699 quam
726 2643 843 2702 pium
888 2643 1162 2693 humanitatis
1209 2642 1457 2701 obsequium
1503 2641 1736 2684 habituras.

1794 1493 1884 1528 (2403
