1884 3126
739 255 790 261 -
852 228 918 273 XI
987 254 1027 259 ‹-·
1129 233 1134 239 ‘
1527 231 1611 274 383

160 361 460 418 experimentis
491 364 756 417 prosecutus,
789 374 913 416 quam
938 360 1155 415 promissis
1178 357 1426 416 complexus
1450 358 1606 403 fuerat.

158 419 305 462 Noxas
336 434 421 462 non
453 420 580 462 uenia
613 419 751 468 modo,
785 418 857 459 sed
893 418 1023 459 eciam
1046 418 1221 460 licencia
1253 418 1606 474 prosequebatur,

158 482 328 534 tamque
370 480 540 534 inopem
585 477 686 519 iuris
728 476 908 532 patriam
950 477 1154 528 reddidit,
1195 491 1322 532 quam
1353 485 1479 517 antea
1510 491 1606 531 pro-

158 537 292 578 missis
325 536 501 578 diuitem
532 536 642 578 fecit.
705 534 789 576 Sed
821 549 961 590 neque
1003 549 1027 575 a
1058 536 1187 589 regiis
1220 535 1407 576 moribus
1440 535 1606 576 habitu-

107 610 122 635 5
156 608 240 650 que
284 594 544 650 degenerare
592 593 782 635 deforme
830 592 1028 634 ducebat.
1104 593 1341 648 Regnando
1392 593 1603 634 biennium

157 666 351 694 emensus
383 653 639 708 defungitur.

295 711 388 759 Quo
422 716 610 762 mortuo,
654 709 875 761 Kanutus,
916 708 1114 751 fraternis
1156 708 1365 763 suffragiis
1406 710 1447 750 in
1486 710 1605 764 regni

154 769 367 823 fastigium
391 774 631 819 reuocatus,
655 768 872 810 Orientale
894 767 1064 817 bellum,
1087 766 1199 821 quod
1234 767 1275 807 in
1309 767 1603 809 adulescencia

155 841 299 881 orsus,
340 828 382 868 in
425 827 553 868 exilio
596 826 837 880 auspicatus
877 825 1036 876 fuerat,
1074 830 1250 880 accepto
1292 825 1422 878 solio,
1451 827 1598 881 pocius

87 901 122 926 10
152 885 447 940 amplificande
493 885 706 940 religionis
748 898 875 940 quam
921 882 1132 938 explende
1177 883 1418 938 cupiditatis
1459 885 1602 939 gracia

155 944 255 985 totis
287 943 448 985 uiribus
480 942 772 986 innouandum
795 942 982 991 curabat,
1015 955 1108 982 cum
1134 941 1402 983 incrementis
1431 941 1600 986 fortune

154 1001 286 1043 eciam
327 1001 527 1043 claritatis
572 1004 845 1056 augmentum
885 998 1205 1055 apprehendere
1250 1000 1436 1054 cupiens.
1514 999 1602 1042 Nec

154 1064 250 1101 ante
290 1073 460 1101 manum
500 1059 554 1100 ab
595 1059 764 1114 incepto
808 1059 1001 1109 retraxit,
1046 1071 1169 1111 quam
1212 1056 1418 1099 Ourorum
1448 1058 1452 1111 i
1482 1057 1597 1100 Sem·
1653 1060 1751 1092 p·⁵7⁴

155 1118 392 1172 bonumque
433 1131 481 1158 ac
512 1117 717 1159 Estonum
762 1115 954 1157 funditus
995 1129 1128 1170 regna
1161 1115 1356 1157 delesset.
1418 1115 1596 1168 Deinde,

84 1191 120 1217 15
151 1174 319 1216 sublato
352 1176 487 1226 hoste,
519 1175 694 1230 nupcias
727 1173 1075 1229 circunspiciens,
1107 1173 1370 1229 finitimaque
1402 1174 1598 1229 coniugia

154 1233 328 1275 obscura
361 1247 409 1274 ac
432 1233 636 1288 dignitate
658 1247 735 1274 sua
757 1233 918 1274 minora
940 1237 1156 1286 reputans,
1189 1232 1361 1286 prefecti
1384 1231 1596 1283 Flandrie,

152 1291 343 1340 Roberti,
375 1291 502 1332 filiam
535 1290 708 1333 Ethlam
738 1291 779 1332 in
814 1289 1125 1331 matrimonium
1157 1289 1404 1339 aduocauit3
1438 1305 1490 1331 ex
1514 1303 1597 1345 qua

153 1349 262 1390 filius
303 1349 340 1390 ei
371 1348 557 1391 Karolus
598 1348 784 1391 obuenit.
847 1347 1038 1402 Cumque
1080 1352 1324 1400 mawnatum
1366 1348 1596 1389 insolencia

153 1407 315 1448 solutos
347 1407 656 1462 hebetatosque
688 1406 813 1462 prisci
843 1406 944 1447 iuris
976 1419 1129 1447 neruos
1151 1408 1370 1461 aspiceret
1403 1406 1595 1447 omnibus

82 1480 119 1509 530
149 1465 305 1520 ingenii
337 1465 472 1506 modis
504 1465 555 1506 ad
589 1465 868 1530 reparandam
900 1462 1024 1518 patrii
1046 1465 1175 1505 moris
1203 1464 1464 1519 disciplinam
1497 1478 1595 1505 con-

151 1522 291 1575 nisus,
334 1523 591 1578 probacioris
628 1522 792 1564 iusticie
835 1522 993 1563 cultum
1038 1522 1315 1564 seuerissimis
1363 1522 1493 1563 edidit
1535 1523 1596 1563 in-

151 1580 331 1635 stitutis,
377 1585 683 1636 contusumque
730 1585 771 1622 et
816 1580 1029 1621 labentem
1076 1581 1273 1635 equitatis
1319 1585 1506 1622 tenorem
1552 1581 1593 1621 in

152 1638 372 1693 pristinum
405 1639 594 1680 habitum
626 1639 855 1680 reuocauit.
918 1637 1011 1679 Non
1044 1640 1264 1692 sanguini,
1296 1652 1381 1679 non
1414 1640 1593 1680 necessi-

150 1696 308 1750 tudini,
352 1711 435 1752 quo
470 1698 605 1737 minus
642 1696 751 1738 iuste
781 1710 826 1737 se
858 1702 1039 1750 gereret„
1078 1697 1389 1751 indulgenciam
1423 1697 1593 1748 habuit3

82 1769 119 1796 25
153 1754 305 1796 nullius
327 1755 513 1796 amicicie
535 1760 608 1796 aut
629 1754 902 1796 familiaritati
927 1754 1223 1809 impunitatem
1255 1755 1404 1796 iniurie
1435 1755 1593 1807 tribuit,

152 1812 226 1854 sed
250 1813 391 1854 omnia
412 1813 583 1868 antique
604 1813 920 1854 consuetudinis
952 1817 1166 1853 momenta
1195 1827 1456 1867 precurrens,
1481 1813 1593 1854 labe-

150 1870 352 1912 factatum
369 1871 469 1912 iuris
492 1873 704 1912 uinculum
727 1870 994 1912 tenacissimo
1012 1885 1124 1911 nexu
1144 1871 1337 1912 astrinxit
1353 1884 1401 1911 ao
1417 1876 1594 1926 paterne

152 1929 390 1970 seueritatis
430 1929 611 1983 uestigia
651 1929 853 1971 sollicitus
885 1929 1122 1983 usurpauit,
1154 1943 1290 1984 eoque
1330 1929 1467 1971 studio
1499 1942 1593 1983 gra-

103 2030 112 2042 „
153 1986 344 2028 uissimas
375 1989 582 2028 maiorum
617 1987 801 2029 offensas
833 1987 1060 2028 contraxit.
1126 1987 1263 2028 Sacris
1304 1986 1433 2028 decus
1466 2001 1590 2027 suum

82 2060 118 2087 30
150 2044 369 2086 reddebat.
431 2044 679 2086 Sacerdoeia
721 2042 931 2100 gerenltes
966 2044 1116 2099 'gracie
1147 2046 1413 2086 nutrimentis
1446 2058 1590 2100 prose·
1646 2056 1743 2088 nove»

152 2102 372 2157 quebatur.
427 2102 619 2158 Cumque
644 2103 695 2143 ab
718 2103 842 2145 inerti
871 2108 912 2143 et
944 2102 1035 2143 rudi
1066 2103 1224 2157 populo
1256 2117 1405 2158 parum
1437 2103 1590 2144 iustam

151 2161 417 2215 pontificibus
450 2162 771 2209 ueneracionem
805 2160 947 2201 baberi
979 2162 1267 2214 conspiceret,
1298 2175 1350 2202 ne
1380 2161 1485 2202 tanti
1516 2175 1587 2202 no·
1650 2170 1728 2202 (215
1737 2179 1744 2204 ‚

151 2218 272 2260 minis
303 2218 508 2272 potitores
550 2219 657 2260 inter
689 2220 877 2274 priuatos
910 2218 1192 2272 relinqueret,
1238 2219 1395 2260 decreti
1427 2219 1589 2260 circun—

151 2276 371 2331 speccioris
413 2275 620 2317 industria
660 2277 894 2332 principum
937 2276 996 2318 eis
1040 2277 1358 2318 consorcionem
1402 2276 1588 2329 indulsit,

82 2348 119 2376 35
149 2334 338 2389 ipsisque
368 2334 549 2388 primum
580 2335 691 2376 inter
724 2349 918 2390 proceres
949 2335 1089 2375 locum
1121 2335 1294 2389 perinde
1331 2348 1378 2375 ac
1412 2333 1588 2375 ducibus

151 2392 394 2446 assignauit‚
426 2393 721 2434 auctoritatem
754 2392 912 2434 honore
945 2392 1183 2434 concilians.
1244 2391 1441 2433 Prouidit
1465 2391 1587 2434 enim.

150 2454 205 2490 ne
242 2450 348 2491 tanti
388 2448 546 2491 officii*
588 2451 756 2505 pondus
797 2465 905 2505 equo
942 2450 1079 2491 minor
1123 2451 1349 2492 ueneracio
1396 2454 1581 2504 caperet,
1620 2460 1770 2490 oxum

150 2507 276 2563 inque
309 2521 472 2548 summa
504 2508 715 2562 religionis
749 2522 845 2550 arce
869 2507 994 2562 positi
1015 2508 1158 2549 infima
1181 2509 1317 2549 cultus
1340 2507 1587 2549 condicione

152 2565 417 2607 uilescerent.
479 2564 569 2607 Neo
600 2567 733 2607 solum
767 2565 1035 2621 pontificibus
1077 2566 1295 2621 dignitatis
1327 2566 1586 2606 incrementa

83 2634 120 2664 40
150 2622 346 2675 donauit,
387 2623 460 2665 sed
492 2624 624 2665 eciam
665 2624 927 2679 priuatorum
966 2624 1210 2666 clericorum
1250 2622 1438 2666 ordinem
1471 2623 1587 2666 beni-
