1884 3126
97 926 130 953 10

99 1216 133 1244 15

95 1506 133 1533 20

95 1795 133 1822 25

745 264 1017 307 —X—
1526 263 1609 305 355

161 392 416 435 defensionis
449 393 648 449 amplecti
679 392 910 448 presidium
943 407 1028 434 non
1059 392 1225 435 licebat.
1286 391 1396 434 Tum
1438 390 1612 433 demum

159 465 248 502 rex,
281 452 530 506 cognicione
561 455 781 506 suscepta,
814 466 867 492 an
909 465 958 493 ea
990 451 1140 493 ceteris
1182 450 1482 504 pronunciacio
1525 449 1614 506 pla-

161 510 340 561 cuisset,
382 510 634 565 interrogat.
708 510 808 565 Ipse
854 511 965 551 enim
997 509 1204 552 auditoris
1249 515 1413 550 tantum
1444 513 1610 565 partem

160 581 389 623 exequens,
421 569 574 609 milicie
604 567 877 610 iudicacionis
899 568 1118 609 mandauit
1149 568 1386 620 arbitrium,
1418 566 1610 608 deforme

159 629 276 668 ratus
309 626 509 668 damnare
542 627 679 680 uiros,
720 640 824 682 quos
865 627 957 682 ipse
997 626 1186 669 fouisset.
1258 626 1529 681 Quapropter
1568 624 1611 666 in

162 699 249 737 eos,
282 698 462 739 quorum
494 685 667 740 egregia
703 699 832 741 opera
854 700 956 727 usus
982 685 1134 738 fuerat,
1157 698 1308 739 aspere
1329 683 1612 739 pronunciare

160 744 333 795 ueritus,
365 744 635 798 questionem
667 743 720 785 ad
753 758 798 785 se
831 743 1018 785 delatam
1049 743 1102 783 ad
1148 743 1262 784 curie
1303 738 1611 798 cogniciollnem

163 802 383 856 relegauit,
415 801 721 857 silenciumque
754 801 1064 844 moderacionis
1096 815 1172 842 sue
1201 801 1328 842 fidem
1361 815 1489 856 quam
1520 814 1613 842 sen-

161 860 340 901 tenciam
371 861 614 902 seueritatis
646 866 796 901 testem
830 875 922 903 esse
964 860 1126 902 maluit.
1189 858 1384 925 Cumque
1427 858 1613 910 demum,

161 917 364 960 exaudita
405 918 583 959 militum
625 918 923 974 responsione,
968 919 1105 960 tocius
1153 917 1365 960 concionis
1410 916 1614 972 suffragia

161 976 416 1023 iudicacioni
449 981 735 1019 consentanea
767 981 1068 1030 noscerentur,
1100 976 1168 1041 qui
1202 975 1427 1017 damnatus
1459 975 1612 1027 fuerat,

160 1035 411 1090 interrogari
450 1035 639 1082 solebat
680 1039 849 1077 terieno
895 1050 947 1077 an
993 1035 1203 1076 maritimo
1248 1048 1417 1075 secessu
1464 1033 1612 1088 fugam

161 1098 306 1159 petere
339 1093 615 1135 decreuisset.
675 1093 744 1135 Ita
776 1107 849 1135 rex
881 1094 1197 1149 proseripcione
1218 1106 1317 1134 suos
1349 1106 1476 1148 quam
1508 1104 1611 1132 nece

162 1151 299 1206 puniri
333 1151 492 1202 maluit,
524 1151 820 1207 delectumque
853 1152 968 1207 fuge,
1016 1166 1068 1193 ne
1096 1148 1361 1207 uiollenciam
1392 1164 1613 1206 represen-

163 1214 295 1260 taret,
341 1182 528 1252 indulsit.
591 1210 753 1258 Quodsi
788 1225 889 1252 reus
931 1211 1036 1251 miri
1076 1225 1120 1252 se
1153 1209 1325 1251 credere
1369 1208 1612 1263 delegisset,

163 1282 214 1309 eo
247 1269 581 1309 commilitonum
626 1268 870 1324 frequencia
903 1268 1239 1324 prosequendus,
1273 1267 1456 1323 dataque
1490 1280 1614 1316 naue,

162 1326 359 1380 remigiis,
393 1333 644 1378 commeatu,
681 1327 853 1369 uasculo
888 1326 1110 1382 egerendis
1152 1326 1272 1382 aquis
1315 1325 1492 1367 idoneo.
1527 1329 1612 1366 tam

164 1383 232 1424 diu
268 1384 308 1424 in
341 1383 482 1426 littore
519 1385 803 1441 opperiendus
835 1386 988 1431 fuerat,
1022 1385 1159 1426 donec
1190 1384 1307 1435 remi,
1339 1385 1373 1425 si
1407 1384 1466 1425 eis
1500 1384 1615 1424 naui-

165 1443 285 1497 gacio
319 1448 566 1496 gereretur,
608 1444 702 1496 uel,
742 1444 777 1485 si
810 1443 927 1495 uelis,
962 1448 1146 1484 antonne
1179 1448 1300 1484 extra
1343 1446 1616 1496 conspectum

164 1501 378 1542 abiissent.
451 1501 559 1542 Tum
612 1501 814 1557 denique,
865 1502 936 1556 qui
986 1501 1263 1557 profugerat,
1310 1500 1515 1555 superiori
1561 1499 1614 1540 ab

165 1558 360 1600 omnibus
401 1560 619 1601 sentencia
660 1560 862 1613 repetita,
901 1560 1259 1602 amarissimorum
1300 1558 1614 1600 maledictorum

164 1617 415 1659 uerberibus
453 1618 679 1669 *laceratus
727 1619 973 1660 tristissimis
1021 1619 1155 1661 tocius
1202 1617 1355 1658 milicie
1405 1614 1615 1670 suffragiis

165 1675 460 1717 damnabatur.
533 1676 616 1724 Qui
659 1676 691 1717 si
734 1681 986 1732 tempestate
1027 1678 1068 1718 in
1101 1676 1218 1718 littus
1261 1676 1421 1717 relatus
1453 1674 1616 1725 fuisset,

166 1734 369 1774 continuo
402 1739 448 1775 ut
480 1733 611 1776 hostis
644 1735 814 1776 habitus
849 1735 1005 1776 uiolate
1038 1735 1254 1777 societitis
1288 1748 1418 1789 penas
1458 1732 1615 1788 pende—

165 1792 251 1845 bat,
286 1790 595 1848 discrimenque
620 1793 767 1848 capitis
800 1793 889 1834 eius
921 1793 1089 1836 funesto
1129 1792 1413 1834 damnacionis
1447 1791 1616 1832 incursu

166 1849 320 1905 cupide
353 1864 389 1893 a
410 1851 765 1893 commilitonibus
801 1853 1093 1906 expetebatur
1156 1851 1223 1892 [ta
1260 1865 1343 1892 non
1377 1849 1618 1915 periculosa

166 1909 302 1949 minus
349 1923 474 1964 quam
521 1909 804 1964 ignominiosa
851 1911 1039 1951 soneium
1089 1910 1270 1951 euitacio
1317 1909 1408 1950 f.uit
1484 1908 1543 1949 At
1583 1907 1617 1949 si

166 1966 317 2008 milicie
359 1981 535 2009 munere
582 1967 807 2010 defunctus
854 1972 964 2009 terra
1013 1969 1238 2024 peifugere
1278 1967 1518 2019 maluisset,
1563 1965 1616 2006 ad

172 2039 322 2066 nemus
363 2039 497 2080 usque
538 2026 629 2080 pari
667 2026 846 2068 militum
881 2041 980 2068 eura
1012 2026 1278 2069 comitandus
1312 2029 1424 2073 erat,
1457 2025 1617 2066 cunctis

99 2089 133 2117 30
163 2087 249 2125 tam
297 2082 368 2123 diu
414 2083 455 2124 in
502 2085 590 2126 eius
638 2085 755 2125 abitu
804 2085 1153 2140 expectantibus,
1203 2097 1425 2139 quousque
1468 2082 1617 2138 procul

101 2382 137 2410 35

101 2675 137 2703 40

166 2141 304 2207 ipsum
336 2141 488 2183 abesse
521 2147 840 2198 cognoscerent.
903 2144 966 2184 Ac
999 2148 1097 2185 tunc
1132 2144 1302 2185 demum
1334 2155 1488 2196 magno
1521 2154 1617 2182 cum

168 2199 306 2240 tocius
338 2199 489 2240 milicie
521 2200 690 2255 fragore
722 2205 785 2242 ter
808 2201 950 2243 ualide
979 2201 1170 2243 edendus
1195 2201 1348 2243 clamor
1381 2204 1618 2254 cunctaque

169 2254 347 2312 strepitu
381 2257 594 2300 miscenda
628 2258 812 2312 fuerant,
846 2273 897 2300 ne
919 2258 1134 2314 fugiturus
1167 2259 1253 2300 ullo
1285 2258 1338 2300 ad
1370 2271 1440 2299 eos
1473 2270 1617 2298 errore

167 2315 316 2357 referri
347 2320 501 2370 posset.
563 2315 683 2358 Tunc
716 2317 885 2358 demum
920 2317 1110 2359 districta
1150 2321 1192 2359 ct
1223 2317 1304 2358 iam
1342 2314 1616 2357 inexorabilis

170 2374 354 2415 omnium
388 2374 614 2424 seueritas,
649 2375 818 2417 cunctis
860 2376 1023 2417 solenni
1067 2377 1159 2417 iure
1191 2374 1436 2430 completis,
1482 2387 1533 2414 ne
1566 2372 1618 2413 de

168 2431 413 2473 indemnato
461 2432 711 2487 supplicium
757 2448 923 2474 sumere
972 2434 1210 2484 uideretur,
1256 2445 1495 2488 supremam
1544 2444 1616 2471 reo

171 2489 488 2531 damnacionem
530 2490 733 2541 intendit,
779 2490 1024 2546 effecitque,
1066 2498 1137 2543 ut,
1179 2491 1249 2547 qui
1292 2505 1336 2532 se
1368 2504 1392 2530 a
1424 2490 1617 2544 specioso

170 2547 321 2588 milicie
346 2548 544 2589 conuictu
569 2548 811 2604 abruperat,
834 2550 1013 2605 turpiter
1029 2564 1184 2605 uagam
1201 2550 1332 2591 uitam
1355 2547 1617 2614 prosciiptus

171 2605 374 2660 exigeret.
436 2606 502 2646 lta
533 2606 724 2648 militaris
773 2607 994 2663 discipline
1030 2609 1090 2650 rei
1143 2607 1348 2649 iudicialis
1389 2605 1618 2658 ignominie

169 2666 379 2718 grauitate
431 2665 469 2705 in
524 2665 900 2707 abiectissimorum
953 2666 1239 2708 condicionem
1300 2665 1617 2719 relegabantur.

1413 2734 1480 2770 23³*

1668 751 1766 785 (199)

1668 1160 1763 1193 p.53¹
