1884 3126
270 857 307 885 10

270 1145 307 1172 15

341 207 422 249 554
875 228 915 232 ν
983 201 1119 244 XIIII
1180 227 1231 233 —-

339 333 487 388 partim
520 332 701 372 hostium
741 329 938 380 fortune!
967 328 1125 370 inuidia
1164 327 1348 377 accensi,
1381 326 1508 367 Marci
1551 326 1765 367 cuiusdam

340 391 563 441 alumnum,
597 388 747 442 optime
777 387 867 441 spei
898 400 1088 441 puerum,
1120 387 1161 426 in
1193 399 1335 440 regem
1367 383 1656 439 ad<s>ciscunt,
1689 398 1766 425 nec

338 447 519 498 felicius,
561 459 686 499 quam
732 444 941 499 proxime,
987 443 1196 484 fortunam
1242 446 1472 484 tentarunt.
1549 441 1766 496 Siquidem

338 504 469 558 prelio
501 503 554 543 ab
587 502 760 555 Erlingo
794 501 947 553 obtriti,
981 501 1156 541 uictoria
1189 501 1346 555 pariter
1388 514 1435 541 ac
1470 513 1568 553 rege
1599 499 1767 556 priuati,

339 561 388 601 ad
438 559 644 600 Karolum
692 559 836 600 Suetie
882 572 1022 612 regem
1075 557 1348 612 profugiunt,
1398 558 1620 612 ipsumque
1670 556 1768 597 belli

339 618 484 657 ducem
518 622 766 670 exposcunt,
799 617 864 656 cui
897 630 988 657 cum
1017 615 1232 669 Noruagie
1263 615 1433 669 regibus
1466 615 1594 656 eciam
1629 615 1768 669 aliqua

338 673 655 715 necessitudinis
698 674 936 715 communio
969 673 1208 715 uidebatur.
1270 672 1310 713 A
1342 671 1459 727 quo*
1490 672 1559 712 diu
1593 673 1767 727 promis-

338 731 491 785 sofsrum
513 732 727 772 alacritate
749 731 963 786 protracti,
995 734 1220 785 postquam
1242 745 1335 771 eum
1359 730 1492 784 magis
1525 730 1576 771 de
1597 730 1768 784 proprio

338 803 467 843 regno
500 789 708 830 seruando
744 802 865 844 quam
898 789 1036 829 alieno
1071 788 1300 829 obtinendo
1348 788 1568 834 sollicitum
1602 801 1770 842 compe-

339 851 507 897 rerunt,
558 847 721 900 legatos
773 847 825 887 ad
873 846 1194 887 WValdemarum
1246 845 1448 886 auxilium
1499 845 1769 900 implorantes

338 905 500 944 misere.
539 903 726 944 Tandem
747 904 825 959 ipsi
848 903 1161 958 benignioribus
1183 904 1394 958 responsis
1416 903 1578 944 inuitati
1601 916 1770 944 uenere.

341 961 456 1010 Quos
489 976 582 1002 cum
614 975 689 1002 rex
733 962 943 1017 supplices
982 961 1234 1016 recepisset,
1268 974 1396 1015 seque
1428 975 1503 1015 per
1536 975 1631 1012 eos,
1664 960 1770 1001 Nor-

338 1020 464 1072 uagie
495 1020 702 1074 peticione
735 1020 952 1074 promissa,
984 1018 1131 1060 sedulo
1154 1019 1366 1060 sollicitari
1401 1018 1769 1068 animaduerteret,

339 1081 500 1117 tantum
535 1077 628 1117 belli
650 1076 815 1131 pondus
847 1078 935 1118 sola
967 1076 1202 1130 legatorum
1229 1076 1526 1117 adhortacione
1559 1077 1771 1130 suscipere

338 1134 536 1174 stolidum
558 1138 684 1187 ratus,
717 1135 829 1189 prius
854 1134 1117 1189 popularium
1140 1134 1302 1175 animos
1327 1134 1462 1175 tacitis
1484 1134 1770 1188 legacionibus

338 1193 530 1233 tentauit.
583 1192 816 1246 Postquam
841 1206 985 1233 eorum
1018 1196 1177 1233 mentes
1208 1192 1445 1246 legatorum
1476 1191 1651 1232 uocibus
1675 1205 1771 1233 con-

340 1254 559 1290 sentaneas
597 1251 806 1304 repperit,
847 1250 1005 1304 absque
1046 1250 1319 1291 cunctacione
1358 1249 1678 1304 expedicionem
1711 1250 1771 1289 in-

340 1307 485 1348 stituit.
548 1307 641 1354 Quo
683 1307 846 1360 audito,
889 1308 1110 1362 Erlingus,
1154 1321 1277 1362 quam
1318 1307 1563 1360 longissimo
1606 1320 1771 1348 secessu

342 1365 498 1419 potuit,
543 1365 754 1405 abstrusas
797 1365 1012 1417 Nor-uagie
1062 1370 1201 1420 partes
1253 1365 1422 1419 petiuit,
1475 1370 1770 1418 extremosque

269 1433 305 1460 20
334 1423 469 1476 patrie
502 1423 604 1462 fines
627 1422 730 1477 fuga
758 1423 763 1475 Ι
791 1423 999 1477 amplecti,
1031 1437 1156 1477 quam
1179 1423 1334 1478 primos
1358 1423 1482 1463 armis
1504 1422 1610 1462 tueri
1632 1422 1768 1464 tucius

269 1721 306 1748 ‘25

268 2010 306 2038 30

270 2300 306 2327 35

272 2586 308 2614 40

337 1480 610 1521 existimauit.
671 1480 813 1522 Pauca
844 1481 1047 1535 siquidem
1083 1480 1263 1535 nauigia,
1297 1480 1367 1521 sed
1401 1480 1556 1521 habilia
1586 1479 1769 1534 fugeque

337 1552 460 1592 quam
495 1538 626 1592 prelio
661 1539 948 1579 commodiora
970 1546 1211 1593 parauerat.
1272 1537 1366 1585 Quo
1401 1539 1554 1587 euenit,
1586 1542 1633 1578 ut
1664 1537 1773 1591 regis

338 1595 546 1636 aduentus
578 1596 872 1637 formidolosus
898 1595 1057 1649 Erlingi
1091 1596 1337 1643 fautoribus,
1368 1596 1560 1637 hostibus
1583 1600 1772 1650 accepta-

338 1652 430 1693 bilis
477 1653 713 1694 haberetur.
775 1654 928 1708 Itaque
971 1653 1246 1694 waldemaro
1291 1654 1646 1695 consultacionem
1680 1666 1772 1693 cum

338 1710 480 1751 amicis
512 1710 722 1762 habente,
756 1711 947 1766 quidam,
980 1711 1224 1766 postpositis
1259 1711 1451 1752 omnibus
1481 1712 1623 1752 hostes
1656 1725 1772 1766 ocys-

337 1769 439 1813 sime
471 1769 799 1823 persequendos,
834 1769 916 1821 alii,
948 1770 1062 1824 prius
1087 1769 1220 1823 plebis
1242 1769 1431 1809 fauorem
1466 1768 1771 1809 conciliandum

337 1825 579 1881 auxiliaque
612 1827 878 1881 popularium
914 1826 1223 1877 contrahenda,
1255 1826 1478 1867 docebant.
1539 1826 1622 1867 Sed
1654 1839 1771 1867 acce-

337 1883 555 1924 leracionis
588 1884 808 1925 consilium
839 1884 1047 1924 tarditatis
1071 1885 1329 1925 sentenciam
1360 1885 1592 1938 superauit.
1635 1883 1772 1937 Igitur

339 1939 636 1981 Waldemarus
658 1942 871 1995 ingentem
895 1942 1078 1995 regionis
1100 1947 1262 1996 partem
1285 1956 1488 1996 prospere
1511 1955 1770 1996 permensus,

336 2011 571 2053 magnaque
593 1999 725 2053 plebis
749 2000 965 2041 alacritate
987 2005 1195 2053 receptus,
1227 2014 1320 2040 cum
1343 1999 1395 2039 ad
1427 1999 1573 2040 urbem
1596 1998 1771 2053 Sarpam

338 2056 548 2107 uenisset,
582 2071 733 2098 nomen
766 2058 927 2111 regium
970 2070 995 2097 a
1026 2057 1295 2098 Wicensibus
1326 2057 1404 2098 sibi
1437 2056 1652 2098 decretum
1683 2070 1771 2097 sus-

338 2114 473 2167 cepit,
518 2113 659 2168 ibique
705 2129 799 2155 cum
845 2115 1122 2170 popularibus
1165 2115 1407 2155 concionem
1448 2128 1525 2168 per
1568 2128 1772 2155 summam

337 2171 563 2211 uerborum
606 2172 870 2214 concordiam
914 2172 1071 2214 habuit.
1134 2171 1257 2220 Quod
1289 2173 1336 2225 si,
1370 2172 1533 2213 omissis
1565 2172 1679 2222 aliis,
1710 2171 1771 2211 in-

338 2227 562 2283 sequendis
603 2229 792 2270 hostibus
834 2244 1003 2284 operam
1036 2230 1296 2284 prebuisset,
1338 2228 1449 2270 haud
1482 2229 1608 2269 dubie
1640 2242 1770 2282 regno

337 2286 502 2328 Danico
543 2285 743 2327 Noricum
788 2288 1089 2329 coniunxisset.
1162 2286 1268 2328 Inde
1308 2286 1360 2327 ad
1406 2287 1603 2341 oppidum
1637 2286 1772 2327 Tuns-

339 2344 514 2398 bergum
545 2344 822 2398 nauigacione
853 2359 1116 2399 progressus,
1148 2346 1291 2399 paucis
1318 2343 1478 2398 Erlingi
1511 2344 1771 2385 studiosiori-

340 2401 416 2441 bus
438 2402 477 2442 in
498 2401 649 2442 editam
669 2415 817 2455 rupem
839 2402 983 2443 salutis
1006 2416 1132 2443 causa
1153 2401 1505 2456 confugientibus,
1527 2401 1771 2455 religionem

339 2459 493 2500 seuicie
514 2459 740 2513 preferens,
768 2460 905 2499 uicum
929 2460 1153 2501 incendere
1174 2473 1320 2514 passus
1342 2473 1422 2500 non
1450 2465 1525 2510 est,
1558 2473 1610 2500 ne
1632 2472 1771 2499 sacras

339 2516 437 2557 edes
468 2517 644 2570 priuatis
672 2517 895 2572 penatibus
926 2517 1139 2558 intersitas
1172 2517 1463 2558 communibus
1494 2516 1670 2557 flammis
1701 2516 1771 2556 ab·

338 2578 535 2616 sumeret.
597 2573 731 2615 Nemo
764 2579 906 2616 tamen
937 2575 1206 2630 pontificum,
1232 2588 1407 2629 quorum
1439 2588 1489 2616 ea
1519 2576 1771 2629 tempestate

1796 679 1884 713 clm
