1884 3126
645 277 690 281 —
754 253 892 294 XIIII
955 278 1004 284 -
1461 256 1543 297 615

101 390 181 418 non
214 389 385 431 ausum,
423 391 497 432 per
538 391 743 419 summam
773 379 979 433 propositi
1010 379 1409 434 dissimulacioncm,
1444 395 1542 424 cou-

100 433 284 475 salutato
328 448 449 490 rege,
491 435 662 490 propria
692 436 954 490 repetiuisse.
1017 438 1122 490 Post
1164 439 1282 479 cuius
1314 439 1542 481 discessum

100 490 319 533 Kanutum
353 493 443 548 regi
476 492 634 534 uadum
668 498 931 548 transgresso
957 495 1129 537 obuium
1163 496 1368 547 extitisse,
1399 498 1543 539 turba-

100 552 273 605 tumque
298 550 729 592 consortisabsencia
761 553 1075 606 prosecucionis
1098 554 1281 595 officium
1306 555 1541 598 simulasse.

50 624 67 650 5
100 606 326 662 Aliquanto
368 613 510 650 tamen
552 622 647 649 eum
681 609 815 650 acrius
848 610 1123 666 auidiusque,
1167 626 1292 666 quam
1324 613 1541 667 Magnum,

98 666 361 719 propositum
404 666 557 721 exequi
599 680 923 721 perseuerasse,
963 669 1034 723 qui
1075 683 1236 724 regem,
1280 670 1443 725 equites
1485 671 1538 713 ad

99 736 215 764 mare
245 724 518 778 premittere,
559 724 898 779 stipantibusque
929 725 1116 779 feminis,
1158 727 1466 769 morabundum
1497 729 1539 770 in

98 780 240 822 littore
273 781 494 823 considere
526 786 568 822 et
609 783 717 823 inter
754 787 967 824 extremos
999 785 1213 839 nauigium
1255 785 1540 828 conscendere

99 838 284 892 solitum,
316 840 493 894 aggredi
516 840 804 889 constituerit;
838 841 1157 897 peregissetque
1179 842 1355 892 facinus,
1384 844 1426 884 ni
1448 858 1537 897 rex,

29 911 66 938 10
96 897 258 952 absque
289 899 422 939 omnis
458 898 627 939 humani
658 897 799 939 indicii
830 900 1011 951 monitis,
1044 899 1291 954 benigniore
1319 901 1539 942 celestium

99 969 199 996 cura
239 956 509 1010 compulsus,
550 956 706 997 relictis
751 956 864 997 ocius
905 957 1190 1012 pedissequis,
1233 962 1367 998 ratem
1399 963 1538 1013 preter

98 1013 270 1055 solitum
301 1013 507 1055 scandere
538 1014 849 1055 matur-auisset.
914 1014 1118 1056 Karolum
1157 1020 1298 1056 autem
1326 1016 1331 1068 Ι
1360 1021 1484 1056 antea
1515 1030 1539 1057 a
1593 1034 1619 1059 p·
1639 1026 1690 1052 898

98 1071 327 1112 coniuratis
358 1071 399 1112 in
430 1071 625 1113 Scaniam
656 1072 945 1114 transmissum
976 1073 1127 1125 fuisse,
1169 1074 1202 1114 si
1233 1073 1352 1114 fratri
1383 1087 1538 1129 propo-

98 1129 223 1171 situm
246 1142 300 1169 ex
322 1129 536 1171 sentencia
559 1130 766 1183 cessisset,
798 1130 851 1171 ad
875 1130 1170 1185 extirpandam
1204 1131 1315 1186 regis
1347 1131 1539 1172 sobolem

27 1201 65 1229 15
97 1186 328 1228 amicorum
360 1187 518 1228 auxilia
562 1192 893 1230 contracturum.
955 1188 1038 1230 Sed
1071 1202 1123 1229 ne
1163 1188 1221 1230 sic
1252 1188 1418 1243 quidem
1451 1189 1534 1230 Ka-

98 1249 248 1286 nutum
294 1246 514 1300 proposito
562 1246 711 1288 cedere
759 1245 969 1301 uoluisse,
1017 1246 1150 1301 quod,
1195 1246 1308 1301 apud
1351 1246 1538 1289 Fioniam

97 1301 252 1344 frustra
284 1306 510 1355 tentatum,
541 1303 581 1345 in
599 1303 750 1345 Scania
782 1304 929 1346 maiori
962 1319 1052 1346 cum
1088 1305 1404 1360 opportunitate
1437 1319 1533 1346 con-

97 1374 306 1402 summare
339 1362 588 1416 sperauerit,
621 1360 947 1403 Waldemarum
979 1362 1031 1403 ad
1053 1362 1358 1416 Helsingorum
1391 1363 1537 1403 urbem

97 1431 340 1474 precurrere
382 1419 662 1471 maturando,
695 1434 898 1475 eumque,
942 1434 1035 1461 cum
1067 1421 1247 1475 primum
1281 1419 1432 1461 Scanie
1464 1420 1537 1461 ad-

26 1489 64 1517 20
94 1481 242 1518 uectus
263 1480 352 1518 rate
375 1477 617 1531 excederet,
650 1478 866 1519 incautum
890 1477 1137 1533 opprissmere
1158 1477 1384 1530 moliendo,
1411 1491 1534 1532 quem
1588 1485 1682 1520 (349)

95 1538 193 1590 post
225 1533 375 1575 diurna
406 1536 651 1577 uenacionis
674 1536 892 1583 exerciciaq
925 1536 1139 1590 premissis
1172 1535 1351 1590 arbitris,
1383 1549 1433 1576 eo
1457 1535 1539 1576 loci

94 1592 276 1648 paruula
316 1597 406 1634 rate
449 1594 699 1649 crepusculo
741 1594 918 1635 transire
960 1594 1151 1646 solitum,
1184 1607 1269 1634 non
1308 1594 1537 1647 ignoraret.

95 1650 233 1699 Quam
265 1650 624 1694 machina-cionem
647 1652 832 1694 fortuitis
862 1652 1127 1694 necessitatis
1160 1650 1349 1706 presidiis
1378 1650 1538 1692 elusam

94 1708 250 1761 fuisse,
282 1723 381 1750 nam
413 1714 559 1760 ratem,
591 1723 672 1765 quo
705 1723 846 1765 regem
878 1709 1073 1758 uehebat,
1105 1723 1197 1750 cum
1230 1709 1336 1751 forte
1369 1709 1535 1763 glaciali

23 1779 60 1806 25
93 1766 279 1821 impulsu
310 1767 460 1822 procul
492 1781 516 1808 a
548 1768 771 1823 concupito
803 1767 947 1810 littore
980 1767 1325 1821 detorqueretur,
1357 1766 1538 1807 militum

95 1825 183 1866 eius
230 1824 463 1866 aduentum
509 1826 837 1880 prestolancium
882 1825 1046 1880 ingenti
1093 1824 1267 1866 cohorte
1314 1827 1537 1878 exceptam

93 1882 235 1934 fuisse,
267 1896 446 1938 eamque
467 1897 640 1924 manum
671 1883 909 1925 necessitati
943 1883 1168 1924 subuenire
1201 1886 1408 1932 conatam,
1440 1895 1537 1923 con-

93 1942 330 1982 iuratorum
374 1941 533 1983 insidiis
576 1941 804 1983 obstitisse.
868 1940 933 1982 Ita
975 1940 1199 1982 Kanutum
1242 1943 1283 1982 et
1324 1938 1536 1991 Carolum,

94 1999 156 2040 bis
186 1999 393 2054 propositi
425 2013 587 2050 cassos,
618 2000 788 2050 loricas,
832 2014 937 2055 quas
978 1997 1205 2040 inuadendi
1245 1998 1357 2051 regis
1396 1997 1538 2050 gracia

24 2070 61 2097 30
91 2058 168 2098 sub
201 2057 351 2098 tunicis
382 2057 622 2112 gestabant,
657 2057 855 2111 hospiciis
886 2057 1131 2098 reddidisse.
1193 2055 1360 2097 Horum
1393 2058 1538 2096 autem

94 2115 281 2156 omnium
322 2115 665 2157 ammiracionem
706 2115 899 2168 uincere,
933 2113 1045 2170 quod
1078 2112 1377 2154 Waldemarus
1411 2112 1535 2153 unius

94 2186 144 2214 ex
179 2173 420 2226 coniuratis,
450 2173 529 2214 sibi
560 2173 868 2228 perfamiliaris,
900 2176 1141 2228 suspectum
1175 2171 1342 2212 minime
1378 2169 1537 2211 ferrum

94 2231 229 2272 uitare
261 2231 462 2285 potuerit,
482 2231 574 2286 «qui,
609 2245 702 2272 cum
725 2231 826 2285 regi,
858 2245 934 2286 per
956 2229 1130 2271 rhedam
1154 2229 1378 2284 aucupium
1412 2241 1537 2268 exer-

95 2288 216 2336 centi,
249 2289 462 2330 solitarius
494 2303 635 2331 comes
668 2289 903 2344 aurigaque
926 2288 1107 2330 existere
1140 2287 1306 2329 soleret.
1341 2285 1537 2326 deficien-

25 2359 61 2387 35
93 2346 203 2387 tibus
254 2346 559 2389 coniuracionis
608 2346 883 2398 auctoribus,
933 2344 1180 2402 parricidale
1231 2341 1741 2385 ministe³¹‘rium011XXXIb

96 2404 203 2446 circa
225 2404 376 2458 ipsum,
399 2418 506 2456 cum,
528 2403 739 2459 prehensa
763 2418 856 2456 aue,
879 2417 1005 2446 curru
1029 2403 1239 2457 delapsus,
1262 2400 1435 2442 iuuandi
1467 2414 1535 2440 ac-

96 2461 252 2517 cipitris
294 2476 437 2503 curam
475 2462 639 2504 intenta
680 2462 867 2516 corporis
898 2461 1174 2503 inclinacione
1205 2463 1426 2508 tractaret,
1458 2471 1537 2498 sua

39 2546 42 2550 ·
94 2534 222 2561 manu
262 2519 550 2575 peragendum
592 2519 867 2574 promiserat,
907 2519 1118 2560 fortunam
1162 2516 1378 2558 tamenin
1417 2518 1536 2556 tanta

94 2582 266 2633 tamque
297 2577 410 2618 facili
430 2577 652 2619 insidiandi
675 2577 853 2618 materia
873 2577 1087 2633 promissis
1109 2573 1318 2630 parricidii
1343 2572 1535 2628 partibus

27 2649 63 2677 40
94 2635 251 2677 aditum
295 2649 377 2678 non
419 2635 601 2680 dedisse.
662 2634 830 2679 Horum
870 2637 1014 2690 itaque
1057 2637 1285 2677 euentuum
1327 2630 1537 2678 miraculis
