1884 3126
17 893 55 922 10

18 1184 54 1211 15

659 254 713 259 -
773 228 838 272 vr
900 253 951 260 —
1445 236 1526 280 189

87 372 159 402 cus
179 357 345 400 animus
377 361 455 412 est,
487 357 558 414 qui
581 357 757 400 fallendi
790 352 1057 414 supercilium
1081 361 1348 406 clandestinis
1369 365 1531 407 artibus

87 417 215 472 tegit,
247 417 327 470 ita,
360 415 556 471 quicquid
588 416 686 458 dolo
719 416 846 458 affine
879 422 961 470 est,
993 419 1153 460 fluxum
1184 434 1232 462 ac
1262 421 1413 476 fragile
1444 437 1532 466 esse

88 474 296 517 conuenit.
371 474 615 529 Plcrunque
657 475 767 516 enim
810 475 966 517 crimen
1006 477 1047 518 in
1094 483 1306 520 auctorem
1328 454 1531 523 ”recidero

87 533 306 588 cognitum
338 537 424 583 est3
468 532 579 587 quod
611 536 653 574 et
685 532 911 588 Suertingo
944 535 1152 589 euenisse,
1195 536 1308 578 fama
1347 552 1532 594 comper-

86 595 176 632 tum
222 591 416 633 habetur.
491 591 573 639 Qui
619 604 712 632 cum
761 592 946 632 conuiuii
991 593 1262 636 simulacione
1307 602 1532 651 exceptum

87 663 230 703 regem
263 649 457 691 incendio
491 662 735 690 consumere
766 650 990 703 statuisset
1026 651 1079 692 ab
1111 652 1258 693 eodem
1293 660 1530 709 occupatus,

87 708 256 749 tametsi
298 708 432 762 ipsum
478 710 625 748 mutuo
669 709 935 762 peremisset,
971 709 1184 751 occiditur.
1246 710 1337 758 Quo
1379 714 1532 762 01101111

86 770 133 807 111
180 765 352 807 alterius
392 765 527 806 scelus
573 765 791 807 amborum
838 766 1030 808 interitus
1075 767 1198 810 foret.
1259 768 1409 824 Itaque
1455 771 1531 812 etsi

87 823 206 865 dolus
238 824 280 865 in
312 823 477 865 hostem
509 823 660 865 efficax
694 823 833 877 fuerit,
866 828 1078 866 auctorem
1100 829 1243 867 tamen
1274 827 1532 882 impunitatis

85 882 270 937 presidio
303 895 389 923 non
421 881 607 923 donauit.

226 939 427 981 Frothoni
468 939 577 981 filius
615 939 804 994 Ingellus
845 940 1043 983 succedit.
1105 941 1233 983 Cuius
1272 946 1532 985 transuersus

87 998 140 1040 ab
172 998 350 1039 honesto
384 998 571 1049 animus,
614 998 770 1039 relictis
801 999 1008 1040 maiorum
1054 1000 1281 1065 011οΠ111110,
1327 1005 1459 1042 10111111
1489 1016 1531 1043 se

86 1056 411 1112 petulantissimi
443 1056 568 1097 luxus
611 1056 821 1098 illecebris
862 1057 1131 1122 mancipauit.
1193 1057 1329 1113 Igitur
1369 1073 1394 1099 a
1426 1059 1531 1100 bono

86 1119 286 1169 lectoque
317 1114 507 1166 discolor,
544 1114 736 1169 uiciaque
768 1129 844 1170 pro
876 1115 1032 1156 uirtute
1064 1116 1324 1171 complexus,
1356 1117 1533 1158 discissis

86 1172 343 1214 eontinencic
390 1172 531 1214 neluis
580 1172 910 1238 intermissisque
952 1174 1066 1227 iegie
1107 1174 1335 1215 maiestatis
1375 1175 1532 1227 officiis,

88 1230 300 1272 sordidum
333 1230 499 1272 luxulie
531 1230 789 1285 mancipium
821 1231 968 1273 euasit.
1031 1231 1154 1285 Sane,
1198 1233 1393 1287 quicquid
1425 1247 1532 1274 com-

87 1289 232 1344 positis
278 1288 461 1329 moribus
507 1289 681 1330 obuium
727 1293 801 1330 aut
846 1289 1140 1330 inconcinnum
1180 1294 1292 1339 ciat,
1335 1291 1530 1332 excoluit.

87 1346 274 1388 Paterna
305 1347 503 1401 auitaque
544 1346 696 1388 decora
739 1346 1047 1389 fedissimarum
1090 1347 1310 1388 libidinum
1342 1352 1530 1389 assuetu—

88 1404 186 1446 dine
225 1404 467 1460 polluebat3
508 1404 755 1446 clarissimos
797 1405 999 1446 maiorum
1041 1405 1186 1447 titulos
1217 1406 1531 1461 improbissimis

18 1495 33 1502 -
89 1462 338 1504 obscurabat
382 1462 590 1518 operibus.
667 1462 786 1504 Adeo
829 1477 1009 1517 namque
1047 1463 1206 1505 libidini
1257 1465 1414 1504 uentris
1460 1464 1530 1504 ob·

88 1521 240 1562 noxius
273 1524 386 1571 erat,
417 1525 464 1561 ut
494 1534 571 1562 nec
603 1521 734 1576 patris
764 1521 940 1562 ultorem
975 1535 1100 1575 agere
1141 1535 1218 1562 nec
1262 1521 1441 1563 hostium
1472 1522 1532 1562 in-

88 1579 216 1620 iurias
261 1579 506 1634 propulsare
553 1579 753 1633 gestiret,
799 1578 1011 1634 nihilque,
1063 1579 1162 1620 dum
1207 1580 1305 1633 gule
1352 1584 1530 1634 pareret,

87 1636 279 1678 modeste
330 1651 378 1678 ac
429 1637 693 1678 continenter
744 1636 990 1678 habendum
1040 1641 1221 1691 putaret.
1300 1637 1531 1691 Egregium

86 1698 265 1736 stemma
295 1695 383 1736 ocio
415 1695 655 1750 inerciaque
678 1695 878 1750 corrupit,
905 1695 1147 1749 fluxamque
1179 1709 1226 1736 ac
1250 1695 1530 1750 uoluptariam

38 1766 49 1781 ν·
86 1753 217 1794 uitam
249 1752 428 1807 degens,
470 1753 725 1807 degenerem
758 1753 950 1807 spiritum
994 1757 1119 1808 atque
1153 1767 1177 1793 a
1208 1762 1429 1808 parentum
1461 1767 1531 1793 110-

43 1853 46 1856 ,
87 1811 219 1865 stigiis
251 1811 420 1866 obliquo
463 1811 589 1865 longe
629 1811 736 1852 calle
780 1811 1004 1852 distortum
1045 1813 1086 1852 in
1127 1811 1441 1852 obscenissimas
1472 1810 1531 1852 fe-

17 2055 54 2081 30

18 2345 55 2373 35

20 2634 56 2663 40

87 1869 266 1910 ditatum
309 1869 533 1923 uoragines
572 1869 824 1924 precipitare
865 1869 1090 1923 gaudebat.
1152 1868 1371 1920 Fartores,
1409 1869 1530 1919 lixas,

87 1927 279 1980 frixoria,
310 1927 409 1982 gule
441 1927 695 1982 multiplices
726 1927 937 1976 officinas,
978 1928 1202 1981 uariosque
1234 1926 1428 1968 tori-ende
1459 1931 1530 1967 aut

87 1985 322 2026 condiende
372 1985 492 2040 dapis
544 1985 724 2026 artifices
771 1986 913 2039 legere
959 1985 1160 2026 claritatis
1203 1985 1292 2026 loco
1337 1983 1529 2025 ducebat.

86 2042 220 2084 Arma
250 2056 368 2094 uero,
400 2043 624 2097 miliciam,
669 2043 793 2096 bella,
828 2057 904 2084 nec
935 2043 1024 2098 ipse
1055 2042 1224 2097 quidem
1254 2056 1332 2083 usu
1373 2042 1530 2082 discere

86 2115 164 2142 nec
194 2101 297 2142 alios
344 2101 549 2143 exercicio
590 2100 803 2143 celebrare
843 2101 1051 2142 sustinuit.
1113 2099 1180 2141 Ita
1219 2100 1380 2141 abiecto
1420 2099 1530 2140 uirili
1564 2139 1569 2146 ,

87 2158 247 2212 studio,
294 2158 523 2200 femineum
565 2158 775 2200 emulatus
809 2163 893 2209 est,
941 2172 1064 2214 quem
1107 2158 1149 2199 in
1191 2172 1354 2199 omnem
1395 2157 1529 2198 culine

87 2216 278 2258 nidorem
309 2215 572 2272 irrelstrictus
614 2215 759 2272 paljlati
801 2217 986 2272 pruritus
1029 2215 1289 2257 accenderat.
1355 2214 1529 2269 Semper

87 2275 303 2329 crapulam
344 2275 550 2330 proflans,
589 2275 831 2329 cunctisque
870 2274 1106 2316 sobrietatis
1137 2273 1325 2328 partibus
1365 2278 1528 2321 exutus,

85 2332 336 2387 indigestam
367 2334 528 2374 uentris
559 2334 721 2375 saniem
751 2332 881 2374 fetido
919 2333 1000 2374 oris
1043 2331 1231 2372 anhelitu
1272 2330 1528 2371 ructabatur.

88 2389 178 2432 Nec
210 2391 346 2432 minus
376 2391 543 2432 luxuria
588 2390 710 2432 fedus
741 2405 865 2446 quam
898 2390 1055 2432 Frotho
1090 2389 1244 2430 milicia
1282 2388 1417 2429 clarus
1457 2401 1527 2428 ex-

88 2449 240 2491 stabat.
303 2448 424 2490 Adeo
461 2448 621 2490 deliciis
651 2446 938 2503 <a>nim[i]um
969 2447 1262 2513 intempestiua
1301 2445 1399 2499 gule
1442 2458 1530 2485 001·-

88 2507 255 2569 ruptela
284 2507 536 2549 molliuerat.
583 2505 711 2548 Cuius
742 2505 1070 2560 intemperancie
1101 2504 1268 2545 fastidio
1293 2502 1529 2544 Starcathe-

88 2578 159 2605 rus
189 2561 243 2605 ad
274 2564 549 2606 deserendam
580 2563 735 2618 Ingelli
767 2564 1095 2605 familialitatem
1127 2561 1352 2626 adductus,
1395 2560 1527 2615 petito

86 2616 302 2664 Sueonum
346 2622 457 2677 iegis
488 2621 676 2664 Haldani
709 2621 1007 2674 contubernio,
1053 2620 1143 2662 ocio
1176 2619 1394 2673 negocium
1436 2631 1527 2673 pre-

1628 2211 1677 2236 '284

1582 2220 1674 2277 1107)
