1884 3126
369 224 450 265 496
902 239 951 244 -——
1014 211 1152 254 XIIII
1215 235 1267 240 -

368 345 630 388 insecucione
661 342 857 393 edoctos,
899 339 1143 395 propinquis
1186 339 1252 379 uie
1294 337 1516 380 fruticibus
1560 338 1801 389 occultauit,

368 419 416 445 ac
437 402 626 458 protinus
649 400 737 453 ipse
762 411 870 452 equo
895 397 1087 439 dissiluit.
1133 396 1216 444 Qui
1247 409 1349 437 uero
1372 395 1413 436 in
1438 395 1526 435 cius
1558 396 1801 450 capcionem

366 450 880 508 intenderantsnond'um
926 455 1003 495 hac
1044 468 1118 509 spe
1165 454 1378 508 deposita,
1424 466 1589 493 cursum
1621 452 1800 507 dirigere

367 514 709 571 perseuerabant.
757 512 920 559 Quibus
951 512 1020 553 ille
1042 511 1190 567 procul
1214 511 1451 565 conspectis
1474 524 1629 564 equum
1661 511 1800 561 insilit,

317 591 333 616 5
367 574 538 626 eiusque
570 572 699 611 latera
731 569 887 610 crebris
920 569 971 609 de
1001 569 1208 609 industria
1241 568 1487 609 uerberibus
1525 567 1801 618 attundendo,

364 631 460 670 ficto
484 642 650 668 cursum
672 627 819 667 labore
842 627 1033 667 confecit.
1075 626 1212 681 Igitur
1234 627 1519 679 insequentes,
1552 630 1799 680 conceptam

363 685 652 740 intercipiendi
704 684 791 725 eius
842 698 956 738 spem
1010 684 1157 724 maiori
1209 684 1426 724 conamine
1477 687 1799 737 prosequentes,

362 743 496 784 acrius
543 756 674 797 equos
721 755 872 795 urgere
920 745 1146 796 ceperunt,
1195 740 1306 781 haud
1347 740 1474 781 dubie
1515 741 1568 781 ab
1610 741 1800 782 hostibus

364 800 565 854 capiendi,
597 799 674 839 nisi
697 799 984 844 insidiancium
1008 798 1192 853 quidam,
1224 798 1536 853 expectacionis
1572 798 1798 853 inpaciens,

295 875 330 901 10
360 872 434 912 per
465 858 633 897 nimiam
667 856 911 897 oceursandi
946 856 1183 911 cupidinem
1219 858 1332 897 ocius
1364 856 1537 896 latebris
1580 857 1798 911 erupisset.

364 915 512 969 ltaque
545 929 599 954 ex
631 914 753 954 unius
795 928 996 968 procursu
1029 913 1171 954 datum
1216 913 1292 954 sibi
1324 913 1566 954 insidiarum
1598 913 1798 954 indicium

362 973 665 1023 existimantes,
700 972 749 1011 ad
784 972 919 1012 socios
950 971 1128 1026 impigre
1160 971 1469 1020 relabebantur,
1500 970 1638 1012 aliena
1669 972 1799 1025 impa-

362 1029 517 1070 ciencia
558 1043 682 1083 quam
726 1043 802 1069 sua
841 1029 1117 1083 prouideneia
1158 1028 1378 1070 feliciores.
1440 1028 1505 1068 Ita
1537 1027 1797 1080 Hesbernus,

361 1088 438 1127 nisi
469 1087 681 1128 sociorum
712 1086 1007 1141 imprudencia
1047 1087 1275 1134 uetuisset,
1320 1086 1548 1127 calliditate
1580 1086 1796 1141 perfidiam

291 1161 326 1187 15
359 1145 470 1185 ultus
512 1144 671 1184 fuisset.
742 1144 824 1184 Per
868 1158 990 1198 quem
1033 1143 1332 1184 waldemarus
1373 1144 1515 1184 hostes
1555 1143 1795 1197 imminere?

358 1202 632 1256 comperiens,
666 1201 852 1242 nondum
885 1216 928 1242 sc
952 1201 1243 1242 committendi
1267 1201 1365 1243 belli
1388 1201 1546 1242 uiribus
1577 1202 1792 1242 abundare
1848 1219 1876 1243 1³·

359 1261 550 1311 confisus,
583 1260 768 1299 iunctum
802 1260 896 1299 uico
921 1263 1107 1313 pontem,
1130 1272 1183 1299 ne
1208 1260 1265 1300 eis
1289 1260 1458 1314 peruius
1490 1259 1612 1309 foret,
1644 1261 1796 1314 partim

358 1317 533 1357 discindi
566 1316 694 1356 iubet.
739 1316 890 1371 Itaque
923 1321 963 1357 et
994 1320 1132 1357 tutum
1166 1317 1286 1357 militi
1317 1317 1620 1357 munimentum
1655 1322 1696 1357 et
1727 1331 1797 1372 op-

358 1380 582 1429 portunum
615 1374 910 1415 contrahendis
934 1374 1093 1414 uiribus
1124 1374 1309 1429 spacium
1342 1375 1394 1414 ab
1427 1388 1548 1415 amne
1579 1379 1796 1415 mutuatus

289 1447 326 1473 so
358 1436 433 1473 est.
498 1431 688 1486 Cumque
720 1446 797 1473 nec
829 1432 1015 1472 Suenoni
1056 1432 1303 1472 transeundi
1350 1433 1528 1473 facultas
1570 1447 1646 1473 nec
1681 1432 1797 1472 Wal-

359 1490 527 1530 demaro
561 1489 759 1530 obuiandi
793 1489 990 1530 uoluntas
1023 1494 1284 1543 suppeteret,
1319 1491 1620 1545 promptissimi
1657 1495 1795 1530 tamen

357 1549 572 1599 iuuenum,
605 1547 786 1601 reliquiis
818 1548 958 1601 pontis
992 1553 1133 1602 preter
1154 1548 1374 1602 imperium
1402 1548 1627 1602 occupatis,
1650 1548 1794 1588 iaculis

358 1605 666 1659 missilibusque
701 1609 908 1645 certantes
942 1618 1093 1658 magna
1122 1604 1379 1646 fortitudinis
1405 1606 1697 1660 experimenta
1725 1606 1794 1645 de-

358 1663 468 1703 dere.
531 1662 708 1717 Quippe,
744 1663 841 1717 quia
874 1663 1214 1717 congressionem
1247 1663 1363 1704 locus
1395 1663 1600 1717 negabat,
1640 1663 1690 1704 ad
1725 1663 1796 1703 ali-

289 1735 325 1761 25
358 1725 515 1775 quanto
550 1721 695 1761 micius
727 1734 868 1774 pugne
900 1735 1032 1774 genus
1072 1721 1319 1761 iuuenilium
1353 1722 1582 1763 animorum
1623 1721 1795 1762 lasciuia

358 1778 621 1820 decurrebat.
686 1777 1007 1831 waldemarus,
1051 1778 1220 1819 tandem
1253 1779 1428 1832 gerendi
1466 1779 1662 1819 fiduciam
1699 1779 1795 1819 belli

357 1835 574 1876 cotidianis
606 1836 821 1890 copiarum
854 1836 1120 1877 incrementis
1144 1836 1334 1890 adeptus,
1368 1851 1489 1878 amne
1521 1836 1624 1877 alias
1657 1835 1791 1890 susspe-
1846 1848 1878 1881 (⁶2

355 1898 470 1943 rato,
514 1893 681 1934 hostem
723 1897 926 1949 appetere
966 1895 1125 1936 statuit.
1198 1893 1334 1935 Nocte
1375 1909 1498 1941 uero.
1539 1908 1665 1949 quam
1699 1894 1795 1935 belli

354 1951 568 1992 insecutus
602 1956 665 1991 cst
698 1951 798 2004 dies,
830 1951 1020 1993 frenatos
1052 1956 1163 1993 stare
1197 1965 1327 2006 equos
1372 1959 1578 2006 pastuque
1625 1953 1793 2007 penitus

286 2023 322 2049 30
355 2009 487 2050 arceri
521 2009 722 2063 precepit,
757 2023 821 2061 ne,
857 2010 1058 2052 sacietate
1091 2023 1255 2063 graues,
1292 2023 1415 2050 cursu
1437 2010 1610 2051 hebetes
1641 2009 1792 2051 forent.

354 2066 414 2107 At
446 2066 599 2119 Sueno,
634 2067 782 2107 castris
814 2071 904 2107 sata
936 2068 1195 2122 complexus,
1229 2081 1282 2108 ex
1313 2068 1403 2122 ipsa
1436 2081 1633 2121 agrorum
1668 2067 1793 2109 uber-

353 2128 440 2165 tate
473 2124 640 2164 abunde
673 2138 805 2178 equos
837 2125 952 2166 refici
975 2125 1105 2178 iubet,
1137 2125 1319 2178 ignarUS,
1352 2125 1556 2167 stomachi
1588 2126 1794 2166 sarcinam

354 2182 491 2222 cursui
519 2181 821 2235 impedimento
854 2183 1051 2224 futuram.
1113 2181 1302 2237 Cumque
1334 2182 1632 2224 Waldemarus
1674 2197 1792 2224 exer-

355 2240 439 2280 citu
469 2239 508 2279 in
542 2239 675 2279 aciem
707 2239 874 2294 digesto
897 2240 1161 2295 procederet,
1194 2240 1413 2281 cohortem
1436 2240 1561 2281 armis
1584 2241 1793 2295 signisque

286 2309 321 2336 35
352 2296 583 2350 fulgentem
635 2311 656 2336 e
698 2297 829 2338 latere
871 2299 1148 2352 conspicatur.
1222 2297 1359 2345 Quam
1389 2295 1558 2353 primo*
1592 2299 1785 2339 hostilem
1806 2308 1884 2336 CXL

355 2358 478 2406 ratus,
511 2369 561 2395 ex
586 2355 914 2408 speculatoribus
947 2355 1174 2409 cognoscit,
1197 2356 1332 2396 socios
1356 2369 1459 2406 csse,
1492 2369 1594 2410 quos
1617 2360 1791 2397 metuat.

355 2411 514 2458 Quibus
554 2412 595 2452 in
638 2412 771 2453 aciem
809 2413 1010 2467 receptis,
1052 2412 1254 2454 fidencius
1295 2413 1337 2453 in
1377 2412 1543 2454 hostem
1574 2413 1790 2454 tendebat.

356 2468 476 2510 Adeo
508 2470 661 2525 quippe
692 2470 822 2524 copiis
846 2475 1049 2522 creuerat,
1081 2475 1127 2511 ut
1157 2484 1210 2512 ne
1234 2485 1257 2511 a
1280 2470 1441 2511 decima
1473 2471 1642 2525 quidem
1673 2485 1793 2512 exer-

355 2526 458 2567 citus
503 2534 623 2581 parte
664 2527 879 2583 signorum
921 2527 1091 2569 ordines
1129 2528 1310 2583 prospici
1351 2528 1600 2582 potuissent.
1662 2528 1790 2579 Tunc,

288 2595 324 2623 40
354 2583 500 2638 quibus
532 2599 555 2624 a
578 2585 774 2627 Suenone
806 2585 1030 2627 commissa
1061 2586 1297 2642 speculacio
1328 2585 1480 2641 fuerat,
1512 2586 1684 2639 reuersi,
1716 2587 1791 2627 im-
