<?xml version="1.0" encoding="UTF-8"?>
<!DOCTYPE html PUBLIC "-//W3C//DTD XHTML 1.0 Transitional//EN"
    "http://www.w3.org/TR/xhtml1/DTD/xhtml1-transitional.dtd">
<html xmlns="http://www.w3.org/1999/xhtml" xml:lang="en" lang="en">
 <head>
  <title>
</title>
<meta http-equiv="Content-Type" content="text/html;charset=utf-8" />
  <meta name='ocr-system' content='tesseract 3.04.00' />
  <meta name='ocr-capabilities' content='ocr_page ocr_carea ocr_par ocr_line ocrx_word'/>
</head>
<body>
  <div class='ocr_page' id='page_1' title='image "./saxonisgrammatic00saxouoft_0721.png"; bbox 0 0 1884 3126; ppageno 0'>
   <div class='ocr_carea' id='block_1_1' title="bbox 667 284 1570 331">
    <p class='ocr_par' dir='ltr' id='par_1_1' title="bbox 667 284 1570 331">
     <span class='ocr_line' id='line_1_1' title="bbox 667 284 1570 331; baseline 0.006 -5"><span class='ocrx_word' id='word_1_1' title='bbox 667 310 722 317; x_wconf 90' lang='lat'>-</span> <span class='ocrx_word' id='word_1_2' title='bbox 782 284 919 327; x_wconf 91' lang='lat' dir='ltr'>XIIII</span> <span class='ocrx_word' id='word_1_3' title='bbox 979 310 1032 316; x_wconf 86' lang='lat'>-</span> <span class='ocrx_word' id='word_1_4' title='bbox 1490 289 1570 331; x_wconf 82' lang='lat'>627</span> 
     </span>
    </p>
   </div>
   <div class='ocr_carea' id='block_1_2' title="bbox 47 411 1772 2779">
    <p class='ocr_par' dir='ltr' id='par_1_2' title="bbox 47 411 1772 2779">
     <span class='ocr_line' id='line_1_2' title="bbox 126 411 1573 471; baseline 0.003 -18"><span class='ocrx_word' id='word_1_5' title='bbox 126 411 266 454; x_wconf 91' lang='lat' dir='ltr'>studio</span> <span class='ocrx_word' id='word_1_6' title='bbox 299 413 449 455; x_wconf 86' lang='lat' dir='ltr'>merita</span> <span class='ocrx_word' id='word_1_7' title='bbox 480 427 558 456; x_wconf 90' lang='lat' dir='ltr'>sua</span> <span class='ocrx_word' id='word_1_8' title='bbox 596 413 792 469; x_wconf 88' lang='lat' dir='ltr'>publicus</span> <span class='ocrx_word' id='word_1_9' title='bbox 822 429 969 457; x_wconf 88' lang='lat' dir='ltr'>eorum</span> <span class='ocrx_word' id='word_1_10' title='bbox 1000 415 1124 458; x_wconf 89' lang='lat' dir='ltr'>fauor</span> <span class='ocrx_word' id='word_1_11' title='bbox 1162 415 1419 471; x_wconf 88' lang='lat' dir='ltr'>pensauerit.</span> <span class='ocrx_word' id='word_1_12' title='bbox 1480 417 1573 458; x_wconf 89' lang='lat' dir='ltr'>Iam</span> 
     </span>
     <span class='ocr_line' id='line_1_3' title="bbox 125 471 1574 528; baseline 0.003 -17"><span class='ocrx_word' id='word_1_13' title='bbox 125 484 230 512; x_wconf 91' lang='lat' dir='ltr'>uero</span> <span class='ocrx_word' id='word_1_14' title='bbox 275 471 356 512; x_wconf 92' lang='lat' dir='ltr'>sibi</span> <span class='ocrx_word' id='word_1_15' title='bbox 397 484 444 512; x_wconf 92' lang='lat' dir='ltr'>re</span> <span class='ocrx_word' id='word_1_16' title='bbox 483 471 719 527; x_wconf 88' lang='lat' dir='ltr'>pontificali</span> <span class='ocrx_word' id='word_1_17' title='bbox 758 473 906 515; x_wconf 83' lang='lat' dir='ltr'>cedere</span> <span class='ocrx_word' id='word_1_18' title='bbox 936 474 980 515; x_wconf 93' lang='lat' dir='ltr'>in</span> <span class='ocrx_word' id='word_1_19' title='bbox 1007 474 1147 515; x_wconf 90' lang='lat' dir='ltr'>animo</span> <span class='ocrx_word' id='word_1_20' title='bbox 1181 488 1297 528; x_wconf 89' lang='lat' dir='ltr'>esse,</span> <span class='ocrx_word' id='word_1_21' title='bbox 1338 475 1456 517; x_wconf 89' lang='lat' dir='ltr'>cuius</span> <span class='ocrx_word' id='word_1_22' title='bbox 1487 488 1574 516; x_wconf 92' lang='lat' dir='ltr'>am-</span> 
     </span>
     <span class='ocr_line' id='line_1_4' title="bbox 125 527 1726 585; baseline 0.003 -16"><span class='ocrx_word' id='word_1_23' title='bbox 125 527 444 584; x_wconf 67' lang='lat' dir='ltr'>ministrallcioni</span> <span class='ocrx_word' id='word_1_24' title='bbox 485 543 681 585; x_wconf 82' lang='lat' dir='ltr'>supreme</span> <span class='ocrx_word' id='word_1_25' title='bbox 722 530 846 572; x_wconf 89' lang='lat' dir='ltr'>etatis</span> <span class='ocrx_word' id='word_1_26' title='bbox 885 546 961 574; x_wconf 92' lang='lat' dir='ltr'>sue</span> <span class='ocrx_word' id='word_1_27' title='bbox 1006 532 1197 573; x_wconf 89' lang='lat' dir='ltr'>habitum</span> <span class='ocrx_word' id='word_1_28' title='bbox 1238 531 1444 574; x_wconf 79' lang='lat' dir='ltr'>dissidere</span> <span class='ocrx_word' id='word_1_29' title='bbox 1475 547 1573 575; x_wconf 91' lang='lat' dir='ltr'>con·</span> <span class='ocrx_word' id='word_1_30' title='bbox 1627 543 1726 580; x_wconf 76' lang='grc'>(356)</span> 
     </span>
     <span class='ocr_line' id='line_1_5' title="bbox 124 587 1574 647; baseline 0.003 -19"><span class='ocrx_word' id='word_1_31' title='bbox 124 587 301 641; x_wconf 86' lang='lat' dir='ltr'>spiciat,</span> <span class='ocrx_word' id='word_1_32' title='bbox 345 587 527 643; x_wconf 91' lang='lat' dir='ltr'>ideoque</span> <span class='ocrx_word' id='word_1_33' title='bbox 567 602 614 629; x_wconf 92' lang='lat' dir='ltr'>se</span> <span class='ocrx_word' id='word_1_34' title='bbox 652 602 797 630; x_wconf 90' lang='lat' dir='ltr'>eorum</span> <span class='ocrx_word' id='word_1_35' title='bbox 839 603 1004 644; x_wconf 87' lang='lat' dir='ltr'>curam,</span> <span class='ocrx_word' id='word_1_36' title='bbox 1039 603 1163 645; x_wconf 89' lang='lat' dir='ltr'>quam</span> <span class='ocrx_word' id='word_1_37' title='bbox 1201 590 1405 632; x_wconf 89' lang='lat' dir='ltr'>hactenus</span> <span class='ocrx_word' id='word_1_38' title='bbox 1435 591 1574 647; x_wconf 90' lang='lat' dir='ltr'>plenis</span> 
     </span>
     <span class='ocr_line' id='line_1_6' title="bbox 76 644 1572 703; baseline 0.003 -17"><span class='ocrx_word' id='word_1_39' title='bbox 76 658 93 685; x_wconf 86' lang='lat'><strong>5</strong></span> <span class='ocrx_word' id='word_1_40' title='bbox 123 645 296 700; x_wconf 87' lang='lat' dir='ltr'>pietatis</span> <span class='ocrx_word' id='word_1_41' title='bbox 329 644 476 688; x_wconf 89' lang='lat' dir='ltr'>officiis</span> <span class='ocrx_word' id='word_1_42' title='bbox 508 646 711 701; x_wconf 80' lang='lat' dir='ltr'>gesserit,</span> <span class='ocrx_word' id='word_1_43' title='bbox 745 646 889 688; x_wconf 91' lang='lat' dir='ltr'>diuino</span> <span class='ocrx_word' id='word_1_44' title='bbox 921 647 1122 689; x_wconf 86' lang='lat' dir='ltr'>mandare</span> <span class='ocrx_word' id='word_1_45' title='bbox 1154 648 1357 703; x_wconf 87' lang='lat' dir='ltr'>presidio,</span> <span class='ocrx_word' id='word_1_46' title='bbox 1390 649 1572 692; x_wconf 84' lang='lat' dir='ltr'>cunctis-</span> 
     </span>
     <span class='ocr_line' id='line_1_7' title="bbox 125 703 1573 760; baseline 0.003 -16"><span class='ocrx_word' id='word_1_47' title='bbox 125 716 208 758; x_wconf 87' lang='lat' dir='ltr'>que</span> <span class='ocrx_word' id='word_1_48' title='bbox 248 703 328 744; x_wconf 91' lang='lat' dir='ltr'>sibi</span> <span class='ocrx_word' id='word_1_49' title='bbox 357 703 512 746; x_wconf 84' lang='lat' dir='ltr'>milicie</span> <span class='ocrx_word' id='word_1_50' title='bbox 551 703 635 746; x_wconf 92' lang='lat' dir='ltr'>fide</span> <span class='ocrx_word' id='word_1_51' title='bbox 666 704 873 746; x_wconf 88' lang='lat' dir='ltr'>deuinctis</span> <span class='ocrx_word' id='word_1_52' title='bbox 904 705 1079 747; x_wconf 90' lang='lat' dir='ltr'>huiusce</span> <span class='ocrx_word' id='word_1_53' title='bbox 1119 706 1288 760; x_wconf 86' lang='lat' dir='ltr'>generis</span> <span class='ocrx_word' id='word_1_54' title='bbox 1319 721 1477 749; x_wconf 83' lang='lat' dir='ltr'>nexum</span> <span class='ocrx_word' id='word_1_55' title='bbox 1507 721 1573 749; x_wconf 89' lang='lat' dir='ltr'>re-</span> 
     </span>
     <span class='ocr_line' id='line_1_8' title="bbox 123 761 1572 819; baseline 0.004 -18"><span class='ocrx_word' id='word_1_56' title='bbox 123 761 315 813; x_wconf 68' lang='lat' dir='ltr'>mittere,</span> <span class='ocrx_word' id='word_1_57' title='bbox 358 775 488 817; x_wconf 88' lang='lat' dir='ltr'>super</span> <span class='ocrx_word' id='word_1_58' title='bbox 531 761 611 805; x_wconf 89' lang='lat' dir='ltr'>hec</span> <span class='ocrx_word' id='word_1_59' title='bbox 657 762 799 804; x_wconf 91' lang='lat' dir='ltr'>omnia</span> <span class='ocrx_word' id='word_1_60' title='bbox 843 763 992 804; x_wconf 88' lang='lat' dir='ltr'>alienis</span> <span class='ocrx_word' id='word_1_61' title='bbox 1036 763 1198 805; x_wconf 91' lang='lat' dir='ltr'>delictis</span> <span class='ocrx_word' id='word_1_62' title='bbox 1243 764 1411 806; x_wconf 87' lang='lat' dir='ltr'>ueniam</span> <span class='ocrx_word' id='word_1_63' title='bbox 1456 764 1572 819; x_wconf 89' lang='lat' dir='ltr'>dare,</span> 
     </span>
     <span class='ocr_line' id='line_1_9' title="bbox 123 819 1573 878; baseline 0.003 -18"><span class='ocrx_word' id='word_1_64' title='bbox 123 819 306 875; x_wconf 87' lang='lat' dir='ltr'>propriis</span> <span class='ocrx_word' id='word_1_65' title='bbox 337 823 505 874; x_wconf 89' lang='lat' dir='ltr'>petere;</span> <span class='ocrx_word' id='word_1_66' title='bbox 537 820 758 862; x_wconf 89' lang='lat' dir='ltr'>uniuersos</span> <span class='ocrx_word' id='word_1_67' title='bbox 791 821 925 862; x_wconf 86' lang='lat' dir='ltr'>eciam</span> <span class='ocrx_word' id='word_1_68' title='bbox 946 821 1182 864; x_wconf 81' lang='lat' dir='ltr'>discessum</span> <span class='ocrx_word' id='word_1_69' title='bbox 1212 837 1337 863; x_wconf 90' lang='lat' dir='ltr'>suum</span> <span class='ocrx_word' id='word_1_70' title='bbox 1368 823 1447 878; x_wconf 89' lang='lat' dir='ltr'>piis</span> <span class='ocrx_word' id='word_1_71' title='bbox 1479 837 1573 878; x_wconf 89' lang='lat' dir='ltr'>pre-</span> 
     </span>
     <span class='ocr_line' id='line_1_10' title="bbox 124 877 1570 935; baseline 0.003 -17"><span class='ocrx_word' id='word_1_72' title='bbox 124 877 241 919; x_wconf 86' lang='lat' dir='ltr'>cibus</span> <span class='ocrx_word' id='word_1_73' title='bbox 272 878 472 934; x_wconf 87' lang='lat' dir='ltr'>prosequi</span> <span class='ocrx_word' id='word_1_74' title='bbox 503 878 700 934; x_wconf 90' lang='lat' dir='ltr'>uotisque</span> <span class='ocrx_word' id='word_1_75' title='bbox 731 893 809 934; x_wconf 92' lang='lat' dir='ltr'>pro</span> <span class='ocrx_word' id='word_1_76' title='bbox 842 894 888 921; x_wconf 90' lang='lat' dir='ltr'>se</span> <span class='ocrx_word' id='word_1_77' title='bbox 922 880 1137 921; x_wconf 79' lang='lat' dir='ltr'>excubare</span> <span class='ocrx_word' id='word_1_78' title='bbox 1168 885 1394 935; x_wconf 82' lang='lat' dir='ltr'>precatur,</span> <span class='ocrx_word' id='word_1_79' title='bbox 1425 894 1570 935; x_wconf 89' lang='lat' dir='ltr'>parem</span> 
     </span>
     <span class='ocr_line' id='line_1_11' title="bbox 58 935 1570 992; baseline 0.003 -16"><span class='ocrx_word' id='word_1_80' title='bbox 58 949 91 977; x_wconf 88' lang='lat'>10</span> <span class='ocrx_word' id='word_1_81' title='bbox 122 948 167 976; x_wconf 91' lang='lat' dir='ltr'>se</span> <span class='ocrx_word' id='word_1_82' title='bbox 210 935 268 977; x_wconf 90' lang='lat' dir='ltr'>eis</span> <span class='ocrx_word' id='word_1_83' title='bbox 312 935 611 991; x_wconf 87' lang='lat' dir='ltr'>dignacionem</span> <span class='ocrx_word' id='word_1_84' title='bbox 652 950 933 992; x_wconf 88' lang='lat' dir='ltr'>repensurum</span> <span class='ocrx_word' id='word_1_85' title='bbox 974 937 1201 992; x_wconf 75' lang='lat' dir='ltr'>pollicitus,</span> <span class='ocrx_word' id='word_1_86' title='bbox 1262 937 1383 980; x_wconf 91' lang='lat' dir='ltr'>Adeo</span> <span class='ocrx_word' id='word_1_87' title='bbox 1429 942 1570 980; x_wconf 87' lang='lat' dir='ltr'>autem</span> 
     </span>
     <span class='ocr_line' id='line_1_12' title="bbox 123 992 1570 1051; baseline 0.003 -17"><span class='ocrx_word' id='word_1_88' title='bbox 123 992 420 1036; x_wconf 82' lang='lat' dir='ltr'>miserabiliter</span> <span class='ocrx_word' id='word_1_89' title='bbox 460 995 503 1035; x_wconf 93' lang='lat' dir='ltr'>in</span> <span class='ocrx_word' id='word_1_90' title='bbox 537 995 738 1037; x_wconf 86' lang='lat' dir='ltr'>concione</span> <span class='ocrx_word' id='word_1_91' title='bbox 770 995 880 1050; x_wconf 92' lang='lat' dir='ltr'>egit,</span> <span class='ocrx_word' id='word_1_92' title='bbox 911 999 959 1036; x_wconf 93' lang='lat' dir='ltr'>ut</span> <span class='ocrx_word' id='word_1_93' title='bbox 992 1009 1085 1037; x_wconf 87' lang='lat' dir='ltr'>eam</span> <span class='ocrx_word' id='word_1_94' title='bbox 1115 995 1340 1051; x_wconf 83' lang='lat' dir='ltr'>lachrymis</span> <span class='ocrx_word' id='word_1_95' title='bbox 1367 996 1570 1039; x_wconf 83' lang='lat' dir='ltr'>suffusam</span> 
     </span>
     <span class='ocr_line' id='line_1_13' title="bbox 124 1051 1567 1110; baseline 0.003 -18"><span class='ocrx_word' id='word_1_96' title='bbox 124 1051 368 1095; x_wconf 89' lang='lat' dir='ltr'>dimitteret.</span> <span class='ocrx_word' id='word_1_97' title='bbox 431 1052 526 1100; x_wconf 83' lang='lat' dir='ltr'>Qua</span> <span class='ocrx_word' id='word_1_98' title='bbox 557 1054 720 1107; x_wconf 89' lang='lat' dir='ltr'>soluta,</span> <span class='ocrx_word' id='word_1_99' title='bbox 753 1053 1013 1095; x_wconf 89' lang='lat' dir='ltr'>Absalonem</span> <span class='ocrx_word' id='word_1_100' title='bbox 1049 1053 1264 1095; x_wconf 85' lang='lat' dir='ltr'>Sialandia</span> <span class='ocrx_word' id='word_1_101' title='bbox 1305 1054 1567 1110; x_wconf 81' lang='lat' dir='ltr'>redeuntem,</span> 
     </span>
     <span class='ocr_line' id='line_1_14' title="bbox 123 1110 1724 1167; baseline 0.002 -16"><span class='ocrx_word' id='word_1_102' title='bbox 123 1110 274 1165; x_wconf 90' lang='lat' dir='ltr'>missis,</span> <span class='ocrx_word' id='word_1_103' title='bbox 303 1115 308 1160; x_wconf 73' lang='lat' dir='ltr'>l</span> <span class='ocrx_word' id='word_1_104' title='bbox 338 1111 490 1166; x_wconf 89' lang='lat' dir='ltr'>quibus</span> <span class='ocrx_word' id='word_1_105' title='bbox 513 1111 795 1166; x_wconf 85' lang='lat' dir='ltr'>exciperetur,</span> <span class='ocrx_word' id='word_1_106' title='bbox 816 1112 948 1167; x_wconf 86' lang='lat' dir='ltr'>equis,</span> <span class='ocrx_word' id='word_1_107' title='bbox 964 1116 1166 1167; x_wconf 87' lang='lat' dir='ltr'>penatum</span> <span class='ocrx_word' id='word_1_108' title='bbox 1187 1126 1361 1153; x_wconf 89' lang='lat' dir='ltr'>suorum</span> <span class='ocrx_word' id='word_1_109' title='bbox 1377 1112 1567 1167; x_wconf 91' lang='lat' dir='ltr'>hospicio</span> <span class='ocrx_word' id='word_1_110' title='bbox 1626 1136 1654 1162; x_wconf 82' lang='lat' dir='ltr'>p.</span> <span class='ocrx_word' id='word_1_111' title='bbox 1673 1129 1724 1155; x_wconf 82' lang='lat'>914</span> 
     </span>
     <span class='ocr_line' id='line_1_15' title="bbox 123 1168 1568 1227; baseline 0.002 -18"><span class='ocrx_word' id='word_1_112' title='bbox 123 1168 185 1210; x_wconf 89' lang='lat' dir='ltr'>uti</span> <span class='ocrx_word' id='word_1_113' title='bbox 218 1169 434 1224; x_wconf 89' lang='lat' dir='ltr'>compulit.</span> <span class='ocrx_word' id='word_1_114' title='bbox 494 1169 534 1210; x_wconf 92' lang='lat' dir='ltr'>A</span> <span class='ocrx_word' id='word_1_115' title='bbox 566 1183 673 1224; x_wconf 92' lang='lat' dir='ltr'>quo,</span> <span class='ocrx_word' id='word_1_116' title='bbox 706 1169 897 1227; x_wconf 20' lang='lat' dir='ltr'>quidlita</span> <span class='ocrx_word' id='word_1_117' title='bbox 927 1170 1094 1224; x_wconf 91' lang='lat' dir='ltr'>plebem</span> <span class='ocrx_word' id='word_1_118' title='bbox 1125 1170 1314 1211; x_wconf 86' lang='lat' dir='ltr'>mesticia</span> <span class='ocrx_word' id='word_1_119' title='bbox 1346 1169 1568 1224; x_wconf 82' lang='lat' dir='ltr'>affecisset,</span> 
     </span>
     <span class='ocr_line' id='line_1_16' title="bbox 57 1227 1567 1283; baseline 0.001 -16"><span class='ocrx_word' id='word_1_120' title='bbox 57 1240 91 1267; x_wconf 86' lang='lat'>15</span> <span class='ocrx_word' id='word_1_121' title='bbox 121 1231 311 1281; x_wconf 88' lang='lat' dir='ltr'>rogatus,</span> <span class='ocrx_word' id='word_1_122' title='bbox 343 1231 433 1268; x_wconf 85' lang='lat' dir='ltr'>tum</span> <span class='ocrx_word' id='word_1_123' title='bbox 468 1227 630 1269; x_wconf 89' lang='lat' dir='ltr'>senium</span> <span class='ocrx_word' id='word_1_124' title='bbox 653 1241 794 1280; x_wconf 78' lang='lat' dir='ltr'>suum,</span> <span class='ocrx_word' id='word_1_125' title='bbox 817 1232 906 1269; x_wconf 90' lang='lat' dir='ltr'>tum</span> <span class='ocrx_word' id='word_1_126' title='bbox 931 1227 1102 1269; x_wconf 76' lang='lat' dir='ltr'>exilium</span> <span class='ocrx_word' id='word_1_127' title='bbox 1125 1232 1330 1283; x_wconf 88' lang='lat' dir='ltr'>nepotum</span> <span class='ocrx_word' id='word_1_128' title='bbox 1352 1228 1567 1282; x_wconf 84' lang='lat' dir='ltr'>dignitatis</span> 
     </span>
     <span class='ocr_line' id='line_1_17' title="bbox 123 1284 1566 1341; baseline 0.002 -16"><span class='ocrx_word' id='word_1_129' title='bbox 123 1284 202 1325; x_wconf 90' lang='lat' dir='ltr'>sibi</span> <span class='ocrx_word' id='word_1_130' title='bbox 231 1285 456 1341; x_wconf 87' lang='lat' dir='ltr'>patrieque</span> <span class='ocrx_word' id='word_1_131' title='bbox 498 1285 717 1327; x_wconf 88' lang='lat' dir='ltr'>fastidium</span> <span class='ocrx_word' id='word_1_132' title='bbox 757 1285 908 1327; x_wconf 87' lang='lat' dir='ltr'>afferre</span> <span class='ocrx_word' id='word_1_133' title='bbox 941 1286 1168 1341; x_wconf 83' lang='lat' dir='ltr'>respondit.</span> <span class='ocrx_word' id='word_1_134' title='bbox 1230 1286 1327 1327; x_wconf 90' lang='lat' dir='ltr'>Huc</span> <span class='ocrx_word' id='word_1_135' title='bbox 1366 1286 1566 1329; x_wconf 88' lang='lat' dir='ltr'>accedere</span> 
     </span>
     <span class='ocr_line' id='line_1_18' title="bbox 121 1342 1565 1399; baseline 0.002 -16"><span class='ocrx_word' id='word_1_136' title='bbox 121 1342 211 1384; x_wconf 92' lang='lat' dir='ltr'>uoti</span> <span class='ocrx_word' id='word_1_137' title='bbox 251 1343 522 1397; x_wconf 73' lang='lat' dir='ltr'>religionem,</span> <span class='ocrx_word' id='word_1_138' title='bbox 566 1357 650 1399; x_wconf 91' lang='lat' dir='ltr'>qua</span> <span class='ocrx_word' id='word_1_139' title='bbox 692 1357 738 1385; x_wconf 91' lang='lat' dir='ltr'>se</span> <span class='ocrx_word' id='word_1_140' title='bbox 778 1343 935 1385; x_wconf 87' lang='lat' dir='ltr'>dudum</span> <span class='ocrx_word' id='word_1_141' title='bbox 984 1343 1203 1385; x_wconf 85' lang='lat' dir='ltr'>Bernardo</span> <span class='ocrx_word' id='word_1_142' title='bbox 1247 1343 1565 1398; x_wconf 84' lang='lat' dir='ltr'>Clarauallensi,</span> 
     </span>
     <span class='ocr_line' id='line_1_19' title="bbox 98 1400 1772 1457; baseline 0.002 -15"><span class='ocrx_word' id='word_1_143' title='bbox 98 1410 100 1415; x_wconf 84' lang='lat'>&#39;</span> <span class='ocrx_word' id='word_1_144' title='bbox 120 1401 372 1456; x_wconf 89' lang='lat' dir='ltr'>pontificatu</span> <span class='ocrx_word' id='word_1_145' title='bbox 393 1402 505 1443; x_wconf 85' lang='lat' dir='ltr'>ultro</span> <span class='ocrx_word' id='word_1_146' title='bbox 528 1415 756 1451; x_wconf 85' lang='lat' dir='ltr'>cessurum,</span> <span class='ocrx_word' id='word_1_147' title='bbox 780 1402 1072 1457; x_wconf 83' lang='lat' dir='ltr'>priuatamque</span> <span class='ocrx_word' id='word_1_148' title='bbox 1093 1402 1225 1442; x_wconf 88' lang='lat' dir='ltr'>uitam</span> <span class='ocrx_word' id='word_1_149' title='bbox 1248 1406 1290 1444; x_wconf 91' lang='lat' dir='ltr'>et</span> <span class='ocrx_word' id='word_1_150' title='bbox 1307 1400 1562 1444; x_wconf 57' lang='lat' dir='ltr'>honossribus</span> <span class='ocrx_word' id='word_1_151' title='bbox 1575 1416 1772 1446; x_wconf 70' lang='lat' dir='ltr'>cnxxxva</span> 
     </span>
     <span class='ocr_line' id='line_1_20' title="bbox 121 1458 1566 1516; baseline 0.002 -17"><span class='ocrx_word' id='word_1_152' title='bbox 121 1458 367 1500; x_wconf 87' lang='lat' dir='ltr'>defunctam</span> <span class='ocrx_word' id='word_1_153' title='bbox 409 1463 601 1501; x_wconf 88' lang='lat' dir='ltr'>acturum</span> <span class='ocrx_word' id='word_1_154' title='bbox 643 1459 932 1516; x_wconf 87' lang='lat' dir='ltr'>spoponderit.</span> <span class='ocrx_word' id='word_1_155' title='bbox 1004 1460 1084 1501; x_wconf 91' lang='lat' dir='ltr'>Die</span> <span class='ocrx_word' id='word_1_156' title='bbox 1120 1464 1314 1514; x_wconf 84' lang='lat' dir='ltr'>postero,</span> <span class='ocrx_word' id='word_1_157' title='bbox 1347 1474 1441 1501; x_wconf 89' lang='lat' dir='ltr'>cum</span> <span class='ocrx_word' id='word_1_158' title='bbox 1473 1474 1566 1515; x_wconf 89' lang='lat' dir='ltr'>pre-</span> 
     </span>
     <span class='ocr_line' id='line_1_21' title="bbox 51 1516 1565 1573; baseline 0.002 -16"><span class='ocrx_word' id='word_1_159' title='bbox 51 1528 90 1557; x_wconf 87' lang='lat'>20</span> <span class='ocrx_word' id='word_1_160' title='bbox 120 1516 219 1559; x_wconf 89' lang='lat' dir='ltr'>dicti</span> <span class='ocrx_word' id='word_1_161' title='bbox 250 1517 563 1573; x_wconf 88' lang='lat' dir='ltr'>prouinciarum</span> <span class='ocrx_word' id='word_1_162' title='bbox 608 1517 817 1559; x_wconf 84' lang='lat' dir='ltr'>antistites</span> <span class='ocrx_word' id='word_1_163' title='bbox 858 1518 901 1559; x_wconf 92' lang='lat' dir='ltr'>in</span> <span class='ocrx_word' id='word_1_164' title='bbox 943 1518 1064 1559; x_wconf 91' lang='lat' dir='ltr'>edem</span> <span class='ocrx_word' id='word_1_165' title='bbox 1095 1517 1318 1560; x_wconf 91' lang='lat' dir='ltr'>Laurencii</span> <span class='ocrx_word' id='word_1_166' title='bbox 1360 1519 1565 1560; x_wconf 83' lang='lat' dir='ltr'>matutine</span> 
     </span>
     <span class='ocr_line' id='line_1_22' title="bbox 122 1575 1565 1631; baseline 0.001 -15"><span class='ocrx_word' id='word_1_167' title='bbox 122 1575 318 1628; x_wconf 86' lang='lat' dir='ltr'>coissent,</span> <span class='ocrx_word' id='word_1_168' title='bbox 351 1580 604 1618; x_wconf 86' lang='lat' dir='ltr'>ornamenta</span> <span class='ocrx_word' id='word_1_169' title='bbox 626 1577 798 1618; x_wconf 86' lang='lat' dir='ltr'>sacrarii</span> <span class='ocrx_word' id='word_1_170' title='bbox 819 1575 1142 1618; x_wconf 86' lang='lat' dir='ltr'>armamentario</span> <span class='ocrx_word' id='word_1_171' title='bbox 1172 1576 1286 1630; x_wconf 85' lang='lat' dir='ltr'>egeri</span> <span class='ocrx_word' id='word_1_172' title='bbox 1308 1576 1565 1631; x_wconf 86' lang='lat' dir='ltr'>conspectui-</span> 
     </span>
     <span class='ocr_line' id='line_1_23' title="bbox 121 1634 1565 1690; baseline 0.001 -16"><span class='ocrx_word' id='word_1_173' title='bbox 121 1647 203 1688; x_wconf 92' lang='lat' dir='ltr'>que</span> <span class='ocrx_word' id='word_1_174' title='bbox 236 1634 385 1675; x_wconf 91' lang='lat' dir='ltr'>subiici</span> <span class='ocrx_word' id='word_1_175' title='bbox 415 1634 547 1685; x_wconf 87' lang='lat' dir='ltr'>iubet,</span> <span class='ocrx_word' id='word_1_176' title='bbox 576 1639 781 1690; x_wconf 90' lang='lat' dir='ltr'>quantum</span> <span class='ocrx_word' id='word_1_177' title='bbox 813 1635 950 1676; x_wconf 90' lang='lat' dir='ltr'>ueteri</span> <span class='ocrx_word' id='word_1_178' title='bbox 983 1634 1175 1675; x_wconf 86' lang='lat' dir='ltr'>altarium</span> <span class='ocrx_word' id='word_1_179' title='bbox 1208 1634 1339 1675; x_wconf 91' lang='lat' dir='ltr'>cultui</span> <span class='ocrx_word' id='word_1_180' title='bbox 1369 1634 1565 1689; x_wconf 88' lang='lat' dir='ltr'>pristino-</span> 
     </span>
     <span class='ocr_line' id='line_1_24' title="bbox 121 1691 1566 1748; baseline 0.001 -16"><span class='ocrx_word' id='word_1_181' title='bbox 121 1705 201 1746; x_wconf 91' lang='lat' dir='ltr'>que</span> <span class='ocrx_word' id='word_1_182' title='bbox 234 1705 447 1735; x_wconf 87' lang='lat' dir='ltr'>sacrorum</span> <span class='ocrx_word' id='word_1_183' title='bbox 488 1691 703 1748; x_wconf 89' lang='lat' dir='ltr'>splendori</span> <span class='ocrx_word' id='word_1_184' title='bbox 745 1706 858 1734; x_wconf 91' lang='lat' dir='ltr'>noua</span> <span class='ocrx_word' id='word_1_185' title='bbox 889 1706 937 1733; x_wconf 89' lang='lat' dir='ltr'>ac</span> <span class='ocrx_word' id='word_1_186' title='bbox 978 1692 1176 1747; x_wconf 89' lang='lat' dir='ltr'>religiosa</span> <span class='ocrx_word' id='word_1_187' title='bbox 1207 1691 1462 1733; x_wconf 85' lang='lat' dir='ltr'>liberalitate</span> <span class='ocrx_word' id='word_1_188' title='bbox 1493 1691 1566 1733; x_wconf 91' lang='lat' dir='ltr'>ad-</span> 
     </span>
     <span class='ocr_line' id='line_1_25' title="bbox 120 1749 1564 1806; baseline 0.001 -16"><span class='ocrx_word' id='word_1_189' title='bbox 120 1750 279 1804; x_wconf 88' lang='lat' dir='ltr'>iecerit,</span> <span class='ocrx_word' id='word_1_190' title='bbox 310 1750 351 1791; x_wconf 90' lang='lat' dir='ltr'>in</span> <span class='ocrx_word' id='word_1_191' title='bbox 384 1750 613 1806; x_wconf 87' lang='lat' dir='ltr'>propatulo</span> <span class='ocrx_word' id='word_1_192' title='bbox 660 1751 885 1793; x_wconf 85' lang='lat' dir='ltr'>ostendere</span> <span class='ocrx_word' id='word_1_193' title='bbox 929 1750 1117 1805; x_wconf 87' lang='lat' dir='ltr'>cupiens.</span> <span class='ocrx_word' id='word_1_194' title='bbox 1180 1749 1343 1797; x_wconf 85' lang='lat' dir='ltr'>Quibus</span> <span class='ocrx_word' id='word_1_195' title='bbox 1375 1749 1564 1804; x_wconf 86' lang='lat' dir='ltr'>prolatis,</span> 
     </span>
     <span class='ocr_line' id='line_1_26' title="bbox 51 1807 1562 1864; baseline 0.002 -18"><span class='ocrx_word' id='word_1_196' title='bbox 51 1818 88 1846; x_wconf 85' lang='lat'>25</span> <span class='ocrx_word' id='word_1_197' title='bbox 119 1821 227 1850; x_wconf 93' lang='lat' dir='ltr'>uoce</span> <span class='ocrx_word' id='word_1_198' title='bbox 273 1808 461 1864; x_wconf 87' lang='lat' dir='ltr'>suspiriis</span> <span class='ocrx_word' id='word_1_199' title='bbox 503 1808 740 1864; x_wconf 81' lang='lat' dir='ltr'>permixta,</span> <span class='ocrx_word' id='word_1_200' title='bbox 783 1808 950 1864; x_wconf 89' lang='lat' dir='ltr'>quantis</span> <span class='ocrx_word' id='word_1_201' title='bbox 997 1808 1182 1849; x_wconf 88' lang='lat' dir='ltr'>caritatis</span> <span class='ocrx_word' id='word_1_202' title='bbox 1223 1807 1445 1862; x_wconf 90' lang='lat' dir='ltr'>impendiis</span> <span class='ocrx_word' id='word_1_203' title='bbox 1486 1822 1562 1863; x_wconf 91' lang='lat' dir='ltr'>pro</span> 
     </span>
     <span class='ocr_line' id='line_1_27' title="bbox 120 1865 1562 1921; baseline 0 -15"><span class='ocrx_word' id='word_1_204' title='bbox 120 1866 386 1907; x_wconf 89' lang='lat' dir='ltr'>subditorum</span> <span class='ocrx_word' id='word_1_205' title='bbox 417 1880 524 1921; x_wconf 86' lang='lat' dir='ltr'>pace</span> <span class='ocrx_word' id='word_1_206' title='bbox 564 1881 613 1908; x_wconf 92' lang='lat' dir='ltr'>ac</span> <span class='ocrx_word' id='word_1_207' title='bbox 645 1866 875 1908; x_wconf 86' lang='lat' dir='ltr'>stabilitate</span> <span class='ocrx_word' id='word_1_208' title='bbox 912 1866 1185 1917; x_wconf 86' lang='lat' dir='ltr'>excubuerit,</span> <span class='ocrx_word' id='word_1_209' title='bbox 1233 1870 1334 1920; x_wconf 89' lang='lat' dir='ltr'>quot</span> <span class='ocrx_word' id='word_1_210' title='bbox 1365 1865 1562 1917; x_wconf 87' lang='lat' dir='ltr'>erumnis,</span> 
     </span>
     <span class='ocr_line' id='line_1_28' title="bbox 119 1923 1562 1980; baseline 0.001 -16"><span class='ocrx_word' id='word_1_211' title='bbox 119 1927 223 1978; x_wconf 89' lang='lat' dir='ltr'>quot</span> <span class='ocrx_word' id='word_1_212' title='bbox 252 1925 452 1980; x_wconf 88' lang='lat' dir='ltr'>periculis</span> <span class='ocrx_word' id='word_1_213' title='bbox 486 1925 670 1967; x_wconf 90' lang='lat' dir='ltr'>obsitum</span> <span class='ocrx_word' id='word_1_214' title='bbox 703 1939 828 1968; x_wconf 87' lang='lat' dir='ltr'>omne</span> <span class='ocrx_word' id='word_1_215' title='bbox 859 1924 1126 1979; x_wconf 83' lang='lat' dir='ltr'>pontificatus</span> <span class='ocrx_word' id='word_1_216' title='bbox 1169 1923 1234 1965; x_wconf 91' lang='lat' dir='ltr'>sui</span> <span class='ocrx_word' id='word_1_217' title='bbox 1264 1927 1433 1978; x_wconf 91' lang='lat' dir='ltr'>tempus</span> <span class='ocrx_word' id='word_1_218' title='bbox 1464 1937 1562 1965; x_wconf 83' lang='lat' dir='ltr'>exe·</span> 
     </span>
     <span class='ocr_line' id='line_1_29' title="bbox 119 1981 1561 2037; baseline -0.001 -13"><span class='ocrx_word' id='word_1_219' title='bbox 119 1982 243 2036; x_wconf 90' lang='lat' dir='ltr'>gerit,</span> <span class='ocrx_word' id='word_1_220' title='bbox 277 1982 439 2025; x_wconf 87' lang='lat' dir='ltr'>edocet.</span> <span class='ocrx_word' id='word_1_221' title='bbox 502 1983 640 2031; x_wconf 86' lang='lat' dir='ltr'>Quem</span> <span class='ocrx_word' id='word_1_222' title='bbox 676 1984 727 2025; x_wconf 94' lang='lat' dir='ltr'>ob</span> <span class='ocrx_word' id='word_1_223' title='bbox 760 1984 840 2024; x_wconf 89' lang='lat' dir='ltr'>hoc</span> <span class='ocrx_word' id='word_1_224' title='bbox 870 1996 915 2024; x_wconf 89' lang='lat' dir='ltr'>se</span> <span class='ocrx_word' id='word_1_225' title='bbox 947 1982 1163 2037; x_wconf 89' lang='lat' dir='ltr'>deponere</span> <span class='ocrx_word' id='word_1_226' title='bbox 1195 1981 1414 2035; x_wconf 86' lang='lat' dir='ltr'>statuisse,</span> <span class='ocrx_word' id='word_1_227' title='bbox 1448 1982 1561 2036; x_wconf 92' lang='lat' dir='ltr'>quod</span> 
     </span>
     <span class='ocr_line' id='line_1_30' title="bbox 121 2038 1560 2096; baseline -0.001 -15"><span class='ocrx_word' id='word_1_228' title='bbox 121 2040 246 2081; x_wconf 89' lang='lat' dir='ltr'>etatis</span> <span class='ocrx_word' id='word_1_229' title='bbox 277 2055 352 2083; x_wconf 88' lang='lat' dir='ltr'>sue</span> <span class='ocrx_word' id='word_1_230' title='bbox 381 2041 719 2096; x_wconf 84' lang='lat' dir='ltr'>magnitudinem</span> <span class='ocrx_word' id='word_1_231' title='bbox 750 2041 941 2083; x_wconf 83' lang='lat' dir='ltr'>ulteriori</span> <span class='ocrx_word' id='word_1_232' title='bbox 974 2040 1063 2082; x_wconf 88' lang='lat' dir='ltr'>eius</span> <span class='ocrx_word' id='word_1_233' title='bbox 1094 2038 1305 2080; x_wconf 87' lang='lat' dir='ltr'>funccioni</span> <span class='ocrx_word' id='word_1_234' title='bbox 1335 2038 1560 2080; x_wconf 87' lang='lat' dir='ltr'>inhabilem</span> 
     </span>
     <span class='ocr_line' id='line_1_31' title="bbox 49 2096 1558 2151; baseline 0.001 -14"><span class='ocrx_word' id='word_1_235' title='bbox 49 2109 86 2137; x_wconf 85' lang='lat'>30</span> <span class='ocrx_word' id='word_1_236' title='bbox 115 2099 287 2140; x_wconf 89' lang='lat' dir='ltr'>senciat.</span> <span class='ocrx_word' id='word_1_237' title='bbox 348 2098 477 2140; x_wconf 83' lang='lat' dir='ltr'>Cuius</span> <span class='ocrx_word' id='word_1_238' title='bbox 523 2100 766 2141; x_wconf 88' lang='lat' dir='ltr'>oracionem</span> <span class='ocrx_word' id='word_1_239' title='bbox 805 2113 882 2140; x_wconf 81' lang='lat' dir='ltr'>rex</span> <span class='ocrx_word' id='word_1_240' title='bbox 913 2097 1199 2151; x_wconf 85' lang='lat' dir='ltr'>respondendi</span> <span class='ocrx_word' id='word_1_241' title='bbox 1243 2096 1380 2138; x_wconf 84' lang='lat' dir='ltr'>officio</span> <span class='ocrx_word' id='word_1_242' title='bbox 1414 2097 1558 2139; x_wconf 92' lang='lat' dir='ltr'>subse-</span> 
     </span>
     <span class='ocr_line' id='line_1_32' title="bbox 119 2154 1559 2209; baseline -0.001 -12"><span class='ocrx_word' id='word_1_243' title='bbox 119 2160 256 2209; x_wconf 89' lang='lat' dir='ltr'>cutus,</span> <span class='ocrx_word' id='word_1_244' title='bbox 278 2171 387 2209; x_wconf 83' lang='lat' dir='ltr'>eum,</span> <span class='ocrx_word' id='word_1_245' title='bbox 409 2158 579 2199; x_wconf 88' lang='lat' dir='ltr'>tametsi</span> <span class='ocrx_word' id='word_1_246' title='bbox 599 2157 769 2198; x_wconf 86' lang='lat' dir='ltr'>crebras</span> <span class='ocrx_word' id='word_1_247' title='bbox 787 2171 881 2198; x_wconf 91' lang='lat' dir='ltr'>cum</span> <span class='ocrx_word' id='word_1_248' title='bbox 903 2156 1076 2209; x_wconf 84' lang='lat' dir='ltr'>regibus</span> <span class='ocrx_word' id='word_1_249' title='bbox 1095 2155 1328 2196; x_wconf 90' lang='lat' dir='ltr'>simultates</span> <span class='ocrx_word' id='word_1_250' title='bbox 1345 2154 1559 2209; x_wconf 87' lang='lat' dir='ltr'>gessisset,</span> 
     </span>
     <span class='ocr_line' id='line_1_33' title="bbox 117 2212 1559 2270; baseline -0.001 -15"><span class='ocrx_word' id='word_1_251' title='bbox 117 2213 326 2269; x_wconf 87' lang='lat' dir='ltr'>pontificis</span> <span class='ocrx_word' id='word_1_252' title='bbox 357 2215 799 2270; x_wconf 86' lang='lat' dir='ltr'>partes-laudabiliter</span> <span class='ocrx_word' id='word_1_253' title='bbox 829 2218 1056 2256; x_wconf 88' lang='lat' dir='ltr'>executum</span> <span class='ocrx_word' id='word_1_254' title='bbox 1087 2213 1280 2255; x_wconf 87' lang='lat' dir='ltr'>affirmat.</span> <span class='ocrx_word' id='word_1_255' title='bbox 1341 2212 1424 2254; x_wconf 85' lang='lat' dir='ltr'>Sue</span> <span class='ocrx_word' id='word_1_256' title='bbox 1457 2226 1559 2254; x_wconf 89' lang='lat' dir='ltr'>uero</span> 
     </span>
     <span class='ocr_line' id='line_1_34' title="bbox 118 2270 1559 2329; baseline -0.001 -17"><span class='ocrx_word' id='word_1_257' title='bbox 118 2273 332 2315; x_wconf 87' lang='lat' dir='ltr'>sentencie</span> <span class='ocrx_word' id='word_1_258' title='bbox 370 2273 678 2329; x_wconf 87' lang='lat' dir='ltr'>resignacionis</span> <span class='ocrx_word' id='word_1_259' title='bbox 720 2273 809 2314; x_wconf 91' lang='lat' dir='ltr'>eius</span> <span class='ocrx_word' id='word_1_260' title='bbox 853 2271 1122 2328; x_wconf 89' lang='lat' dir='ltr'>propositum</span> <span class='ocrx_word' id='word_1_261' title='bbox 1163 2284 1247 2311; x_wconf 88' lang='lat' dir='ltr'>non</span> <span class='ocrx_word' id='word_1_262' title='bbox 1278 2270 1458 2326; x_wconf 87' lang='lat' dir='ltr'>placere,</span> <span class='ocrx_word' id='word_1_263' title='bbox 1492 2271 1559 2311; x_wconf 91' lang='lat' dir='ltr'>cui</span> 
     </span>
     <span class='ocr_line' id='line_1_35' title="bbox 118 2328 1559 2387; baseline -0.001 -17"><span class='ocrx_word' id='word_1_264' title='bbox 118 2330 202 2371; x_wconf 90' lang='lat' dir='ltr'>iam</span> <span class='ocrx_word' id='word_1_265' title='bbox 235 2344 284 2372; x_wconf 93' lang='lat' dir='ltr'>eo</span> <span class='ocrx_word' id='word_1_266' title='bbox 325 2331 449 2373; x_wconf 87' lang='lat' dir='ltr'>etatis</span> <span class='ocrx_word' id='word_1_267' title='bbox 487 2335 742 2387; x_wconf 88' lang='lat' dir='ltr'>peruentum</span> <span class='ocrx_word' id='word_1_268' title='bbox 774 2332 853 2382; x_wconf 90' lang='lat' dir='ltr'>sit,</span> <span class='ocrx_word' id='word_1_269' title='bbox 893 2334 941 2370; x_wconf 92' lang='lat' dir='ltr'>ut</span> <span class='ocrx_word' id='word_1_270' title='bbox 972 2329 1246 2383; x_wconf 89' lang='lat' dir='ltr'>malignitatis</span> <span class='ocrx_word' id='word_1_271' title='bbox 1278 2329 1389 2369; x_wconf 90' lang='lat' dir='ltr'>ultra</span> <span class='ocrx_word' id='word_1_272' title='bbox 1420 2328 1559 2370; x_wconf 85' lang='lat' dir='ltr'>notari</span> 
     </span>
     <span class='ocr_line' id='line_1_36' title="bbox 48 2386 1558 2444; baseline -0.002 -15"><span class='ocrx_word' id='word_1_273' title='bbox 48 2398 85 2426; x_wconf 84' lang='lat'>35</span> <span class='ocrx_word' id='word_1_274' title='bbox 115 2402 198 2429; x_wconf 91' lang='lat' dir='ltr'>non</span> <span class='ocrx_word' id='word_1_275' title='bbox 232 2387 398 2431; x_wconf 88' lang='lat' dir='ltr'>debeat.</span> <span class='ocrx_word' id='word_1_276' title='bbox 460 2389 625 2431; x_wconf 89' lang='lat' dir='ltr'>Deinde</span> <span class='ocrx_word' id='word_1_277' title='bbox 657 2403 752 2430; x_wconf 92' lang='lat' dir='ltr'>eum</span> <span class='ocrx_word' id='word_1_278' title='bbox 786 2388 957 2444; x_wconf 86' lang='lat' dir='ltr'>proprio</span> <span class='ocrx_word' id='word_1_279' title='bbox 980 2391 1110 2440; x_wconf 90' lang='lat' dir='ltr'>motu,</span> <span class='ocrx_word' id='word_1_280' title='bbox 1142 2400 1195 2427; x_wconf 87' lang='lat' dir='ltr'>an</span> <span class='ocrx_word' id='word_1_281' title='bbox 1227 2400 1303 2427; x_wconf 90' lang='lat' dir='ltr'>suo</span> <span class='ocrx_word' id='word_1_282' title='bbox 1338 2386 1558 2440; x_wconf 90' lang='lat' dir='ltr'>compulsu</span> 
     </span>
     <span class='ocr_line' id='line_1_37' title="bbox 116 2442 1558 2501; baseline -0.002 -14"><span class='ocrx_word' id='word_1_283' title='bbox 116 2447 297 2501; x_wconf 82' lang='lat' dir='ltr'>pastoris</span> <span class='ocrx_word' id='word_1_284' title='bbox 331 2446 517 2488; x_wconf 85' lang='lat' dir='ltr'>officium</span> <span class='ocrx_word' id='word_1_285' title='bbox 548 2447 820 2499; x_wconf 88' lang='lat' dir='ltr'>detrectaret,</span> <span class='ocrx_word' id='word_1_286' title='bbox 852 2445 975 2486; x_wconf 86' lang='lat' dir='ltr'>fateri</span> <span class='ocrx_word' id='word_1_287' title='bbox 1011 2445 1141 2486; x_wconf 89' lang='lat' dir='ltr'>iubet.</span> <span class='ocrx_word' id='word_1_288' title='bbox 1201 2443 1321 2484; x_wconf 87' lang='lat' dir='ltr'>Tunc</span> <span class='ocrx_word' id='word_1_289' title='bbox 1353 2442 1558 2498; x_wconf 87' lang='lat' dir='ltr'>Eskillus,</span> 
     </span>
     <span class='ocr_line' id='line_1_38' title="bbox 118 2502 1557 2557; baseline -0.002 -12"><span class='ocrx_word' id='word_1_290' title='bbox 118 2504 286 2546; x_wconf 89' lang='lat' dir='ltr'>directis</span> <span class='ocrx_word' id='word_1_291' title='bbox 320 2505 361 2546; x_wconf 92' lang='lat' dir='ltr'>in</span> <span class='ocrx_word' id='word_1_292' title='bbox 394 2518 512 2547; x_wconf 89' lang='lat' dir='ltr'>aram</span> <span class='ocrx_word' id='word_1_293' title='bbox 532 2505 741 2555; x_wconf 87' lang='lat' dir='ltr'>manibus,</span> <span class='ocrx_word' id='word_1_294' title='bbox 771 2505 912 2545; x_wconf 89' lang='lat' dir='ltr'>iurare</span> <span class='ocrx_word' id='word_1_295' title='bbox 945 2507 986 2544; x_wconf 90' lang='lat' dir='ltr'>et</span> <span class='ocrx_word' id='word_1_296' title='bbox 1007 2502 1225 2557; x_wconf 87' lang='lat' dir='ltr'>presencia</span> <span class='ocrx_word' id='word_1_297' title='bbox 1256 2514 1376 2543; x_wconf 87' lang='lat' dir='ltr'>sacra</span> <span class='ocrx_word' id='word_1_298' title='bbox 1396 2502 1557 2553; x_wconf 88' lang='lat' dir='ltr'>testari,</span> 
     </span>
     <span class='ocr_line' id='line_1_39' title="bbox 115 2559 1557 2617; baseline -0.002 -14"><span class='ocrx_word' id='word_1_299' title='bbox 115 2575 161 2604; x_wconf 86' lang='lat' dir='ltr'>se</span> <span class='ocrx_word' id='word_1_300' title='bbox 189 2576 274 2603; x_wconf 91' lang='lat' dir='ltr'>non</span> <span class='ocrx_word' id='word_1_301' title='bbox 308 2562 404 2604; x_wconf 94' lang='lat' dir='ltr'>odio</span> <span class='ocrx_word' id='word_1_302' title='bbox 426 2565 536 2617; x_wconf 87' lang='lat' dir='ltr'>regis</span> <span class='ocrx_word' id='word_1_303' title='bbox 559 2568 634 2604; x_wconf 89' lang='lat' dir='ltr'>aut</span> <span class='ocrx_word' id='word_1_304' title='bbox 665 2563 790 2604; x_wconf 89' lang='lat' dir='ltr'>ullius</span> <span class='ocrx_word' id='word_1_305' title='bbox 820 2560 971 2602; x_wconf 90' lang='lat' dir='ltr'>iniurie</span> <span class='ocrx_word' id='word_1_306' title='bbox 994 2575 1048 2602; x_wconf 86' lang='lat' dir='ltr'>ex</span> <span class='ocrx_word' id='word_1_307' title='bbox 1070 2573 1118 2601; x_wconf 95' lang='lat' dir='ltr'>eo</span> <span class='ocrx_word' id='word_1_308' title='bbox 1142 2563 1313 2613; x_wconf 89' lang='lat' dir='ltr'>recepte</span> <span class='ocrx_word' id='word_1_309' title='bbox 1334 2559 1557 2610; x_wconf 73' lang='lat' dir='ltr'>uiolenoia,</span> 
     </span>
     <span class='ocr_line' id='line_1_40' title="bbox 117 2616 1557 2675; baseline -0.001 -14"><span class='ocrx_word' id='word_1_310' title='bbox 117 2619 190 2661; x_wconf 88' lang='lat' dir='ltr'>sed</span> <span class='ocrx_word' id='word_1_311' title='bbox 222 2620 397 2675; x_wconf 88' lang='lat' dir='ltr'>perituri</span> <span class='ocrx_word' id='word_1_312' title='bbox 438 2622 611 2663; x_wconf 88' lang='lat' dir='ltr'>honoris</span> <span class='ocrx_word' id='word_1_313' title='bbox 650 2619 818 2662; x_wconf 87' lang='lat' dir='ltr'>fastidio</span> <span class='ocrx_word' id='word_1_314' title='bbox 849 2619 1129 2674; x_wconf 84' lang='lat' dir='ltr'>perpetuique</span> <span class='ocrx_word' id='word_1_315' title='bbox 1169 2616 1310 2658; x_wconf 91' lang='lat' dir='ltr'>studio</span> <span class='ocrx_word' id='word_1_316' title='bbox 1350 2616 1431 2658; x_wconf 92' lang='lat' dir='ltr'>huc</span> <span class='ocrx_word' id='word_1_317' title='bbox 1461 2630 1557 2672; x_wconf 91' lang='lat' dir='ltr'>pro-</span> 
     </span>
     <span class='ocr_line' id='line_1_41' title="bbox 47 2674 1557 2735; baseline -0.002 -15"><span class='ocrx_word' id='word_1_318' title='bbox 47 2690 84 2720; x_wconf 82' lang='lat'>40</span> <span class='ocrx_word' id='word_1_319' title='bbox 114 2677 241 2734; x_wconf 88' lang='lat' dir='ltr'>positi</span> <span class='ocrx_word' id='word_1_320' title='bbox 272 2692 364 2721; x_wconf 90' lang='lat' dir='ltr'>esse</span> <span class='ocrx_word' id='word_1_321' title='bbox 396 2678 662 2735; x_wconf 87' lang='lat' dir='ltr'>perductum.</span> <span class='ocrx_word' id='word_1_322' title='bbox 709 2678 842 2719; x_wconf 79' lang='lat' dir='ltr'>Grata</span> <span class='ocrx_word' id='word_1_323' title='bbox 874 2676 962 2731; x_wconf 90' lang='lat' dir='ltr'>regi</span> <span class='ocrx_word' id='word_1_324' title='bbox 992 2674 1213 2730; x_wconf 89' lang='lat' dir='ltr'>responsio</span> <span class='ocrx_word' id='word_1_325' title='bbox 1245 2674 1338 2727; x_wconf 89' lang='lat' dir='ltr'>fuit,</span> <span class='ocrx_word' id='word_1_326' title='bbox 1371 2675 1557 2730; x_wconf 90' lang='lat' dir='ltr'>cupienti</span> 
     </span>
     <span class='ocr_line' id='line_1_42' title="bbox 1353 2741 1419 2779; baseline 0.03 -2"><span class='ocrx_word' id='word_1_327' title='bbox 1353 2741 1419 2779; x_wconf 88' lang='lat'>40*</span> 
     </span>
    </p>
   </div>
  </div>
 </body>
</html>
