1884 3126
268 842 304 869 10

269 1127 301 1153 15

260 1993 298 2021 30

259 2279 296 2307 35

259 2570 294 2599 40

335 185 419 227 214
909 207 958 214 —
1018 181 1085 224 VI
1147 206 1194 212 ‹-

392 310 489 351 Rex
521 308 698 364 Ingelle,
730 308 839 361 uale,
872 308 990 350 cuius
1020 306 1145 362 (iam)
1175 306 1360 363 prodidit
1392 322 1540 349 ausum

392 368 575 408 Plenum
606 366 733 407 animi
764 369 922 421 peetus.
985 365 1079 406 Tibi
1111 380 1227 407 mens
1260 365 1300 406 in
1331 379 1507 420 corpore
1539 372 1686 420 regnat

393 424 597 480 Auspicio
629 424 845 479 patefacta
875 437 966 475 suo,
997 436 1073 464 nec
1105 422 1239 463 defuit
1270 423 1401 464 altum

394 482 577 524 Pectore
609 481 843 530 consilium,
876 495 1116 537 quanquam
1149 480 1381 521 taciturnus
1414 480 1466 521 ad
1498 481 1645 524 horam

394 539 616 591 Extiteris3
649 553 743 580 nam
777 538 930 580 damna
960 552 1076 580 more
1107 538 1317 593 probitate
1348 538 1555 593 rependis,

394 597 711 652 Torporemque
743 596 870 637 animi
903 595 1072 637 redimis
1104 595 1260 637 uirtute
1291 596 1468 651 potenti.

394 654 482 695 Fac
513 668 606 709 age,
637 653 862 696 fundamus
893 654 1089 708 reliquos,
1121 653 1345 707 nullusque
1376 653 1577 708 periclum

394 711 596 767 Effugiat,
630 711 743 767 quod
774 711 948 767 quisque
978 712 1070 767 pari
1100 710 1269 752 racione
1301 714 1497 752 merctur.

395 769 528 811 Cedat
559 770 601 811 in
633 773 849 811 auctorem
879 768 1055 823 facinus,
1086 775 1250 824 premat
1281 768 1566 824 artificemque

395 827 530 882 Culpa
561 827 695 868 relata
725 841 860 868 suum.
923 826 1125 868 Cesorum
1157 840 1334 882 corpora
1366 840 1488 867 curru

394 878 620 940 Excipiant
651 885 809 937 famuli,
840 889 1146 940 promptusque
1178 884 1387 925 cadauera
1419 884 1540 925 lictor

393 943 569 995 Efferat,
603 942 748 983 officiis
779 942 929 983 merito
963 943 1143 983 caritura
1175 942 1394 996 supremis,

391 1001 447 1042 Et
481 1000 612 1042 bustis
643 999 816 1054 indigna
847 1000 957 1052 tegi3
989 1014 1070 1041 non
1105 999 1292 1040 funebris
1322 999 1402 1040 illis

391 1058 556 1113 Pompa
586 1071 770 1112 rogusue
801 1057 915 1112 pium
948 1057 1096 1098 tumuli
1129 1057 1339 1098 condonet
1370 1057 1596 1110 honerem3

388 1116 546 1157 Putida
578 1120 829 1171 spargantur
863 1115 1030 1169 campis,
1062 1115 1289 1169 auiumquc
1320 1114 1496 1156 terenda

389 1173 627 1222 Morsibus3
658 1172 811 1214 infesto
840 1172 1051 1213 maculent
1082 1187 1151 1214 rus
1183 1171 1368 1226 undique
1399 1172 1508 1213 tabo.

390 1231 453 1272 Tu
486 1244 666 1286 quoque,
696 1243 792 1282 rex,
821 1244 979 1282 seuam,
1011 1230 1146 1285 siquid
1177 1230 1302 1285 sapis,
1336 1229 1476 1285 effuge
1508 1234 1695 1285 nuptam,

389 1288 455 1331 Ne
486 1289 587 1344 lupa
620 1288 877 1330 consimilem
909 1287 984 1329 sibi
1016 1287 1149 1329 fetum
1180 1288 1340 1342 gignat,
1374 1292 1416 1329 et
1447 1292 1564 1330 exte

390 1347 528 1388 Belua
561 1350 789 1400 consurgat
819 1346 988 1401 proprio
1021 1346 1213 1387 nocitura
1244 1346 1422 1398 parenti.

389 1404 482 1452 Dic,
515 1403 671 1456 Rotho,
703 1409 908 1459 perpetue
941 1403 1184 1444 timidorum
1213 1403 1369 1454 irrisor,
1401 1417 1455 1444 an
1487 1403 1598 1445 ultos

389 1461 653 1503 Frothonem
686 1461 786 1502 satis
819 1474 911 1502 esse
943 1465 1080 1515 putas,
1114 1462 1185 1515 qui
1214 1460 1366 1502 funera
1397 1466 1558 1516 septem

389 1510 590 1561 Vindicte
621 1519 745 1560 unius
777 1518 1089 1573 impendimus?
1122 1518 1232 1560 Ecce
1265 1518 1458 1560 feruntur

389 1576 634 1630 Exanimes,
668 1577 737 1631 qui
768 1590 850 1618 non
883 1576 1020 1628 rebus,
1053 1575 1126 1618 sed
1158 1577 1338 1631 imagine
1370 1581 1534 1617 tantum

388 1634 620 1689 Imperium
652 1634 821 1676 coluere
853 1638 986 1687 tuum,
1012 1633 1295 1688 ,fraudemque
1326 1634 1532 1689 parabant

387 1692 618 1748 Obsequio.
672 1691 756 1734 Sed
787 1705 851 1733 me
884 1704 1048 1747 semper
1079 1706 1175 1747 spes
1207 1692 1276 1732 illa
1308 1691 1490 1742 subibat,

390 1749 515 1798 Quod
546 1750 654 1792 solet
684 1749 877 1804 ingenuis
908 1764 982 1791 sua
1015 1749 1270 1804 respondere
1302 1763 1508 1804 propago,

388 1807 509 1849 More
539 1811 736 1850 secutura
767 1811 936 1860 sortem,
966 1821 1090 1862 quam
1123 1807 1326 1862 sanguine
1363 1808 1504 1850 traxit.

388 1864 512 1907 Nunc
545 1879 659 1920 ergo,
692 1865 869 1920 Ingelle,
900 1865 1048 1906 melius
1081 1878 1206 1918 quam
1240 1869 1429 1920 tempore
1462 1866 1580 1920 lapso

387 1923 622 1964 Letharum
655 1922 735 1964 dici
768 1921 960 1964 dominus
992 1923 1213 1976 Danieque
1246 1923 1434 1965 mereris.

386 1980 592 2023 Imberbis
624 1979 794 2036 quando
827 1980 1000 2022 ductum
1032 1980 1351 2035 auspiciumque
1389 1981 1599 2036 sequebar

386 2038 553 2090 Milicie,
584 2052 661 2080 rex
692 2037 837 2091 Hako,
870 2043 955 2091 tue,
986 2038 1145 2091 lasciua
1176 2052 1353 2093 perosus

385 2095 563 2151 Ingenia
593 2099 635 2137 et
664 2095 826 2149 luxum,
858 2096 915 2137 nil
945 2101 1087 2151 preter
1121 2096 1230 2138 bella
1263 2097 1477 2150 colebam3

385 2153 601 2196 Exercens
633 2154 818 2195 animum
854 2168 948 2195 cum
977 2168 1164 2210 corpore,
1196 2157 1338 2197 mente
1371 2154 1637 2210 prophanum

387 2211 522 2253 Omne
552 2211 753 2266 relegaui,
785 2211 1092 2266 stomachoque
1123 2212 1342 2267 placencia
1373 2212 1472 2266 fugi,

384 2269 536 2311 Forcia
568 2269 814 2324 complexus
847 2269 1008 2323 anim03
1040 2283 1222 2325 namque
1253 2284 1369 2315 arma
1399 2270 1598 2325 professis

383 2326 551 2382 Aspera
582 2326 716 2369 uest-is
748 2331 837 2368 erat
870 2328 1090 2382 cult-usque
1122 2327 1320 2382 parabilis
1353 2327 1466 2380 olim,

383 2384 499 2426 Rara
529 2385 661 2439 quies,
693 2386 914 2440 somnique
946 2385 1119 2436 breues3
1151 2384 1272 2426 labor
1305 2385 1396 2426 ocia
1427 2386 1555 2440 longe

384 2441 593 2497 Propulit,
625 2446 666 2483 et
696 2456 823 2497 parco
855 2443 1069 2484 fluxerunt
1101 2446 1294 2498 tempora
1325 2446 1518 2498 sumptu3

384 2498 481 2541 Non
512 2503 559 2541 ut
590 2512 699 2542 nunc
731 2499 914 2555 quidam,
948 2500 1098 2555 quibus
1130 2500 1334 2542 insaciata
1367 2500 1518 2555 cupido

382 2557 581 2617 Ingluuie
611 2568 708 2603 ceca
738 2557 877 2605 uisum
909 2558 1087 2603 racionis
1118 2558 1342 2603 inumbrat.

1803 1237 1884 1265 th]
