1884 3126
120 865 157 893 10

119 1156 156 1183 15

740 219 794 226 —
854 197 967 239 VIII
1026 224 1080 230 —
1551 203 1630 245 261

191 335 317 378 quam
349 323 482 365 aciem
514 324 639 380 cogit.
679 323 716 367 E
739 325 890 380 quibus
921 326 1118 369 dextrum
1135 327 1363 384 Vngonem
1391 343 1485 371 cum
1506 329 1635 372 Elrici

190 380 284 422 filiis
298 380 615 437 Trigonemque
629 384 738 425 tueri
753 384 887 436 iubet,
906 390 947 426 at
962 385 1105 427 leuum
1121 386 1277 429 Lesoni
1294 402 1442 443 parere
1460 388 1633 431 iussum.

191 438 391 481 Ceterum
415 441 502 482 alas
525 441 764 496 globosque
794 444 977 485 maxime
1001 443 1202 486 Curetum
1224 444 1516 501 Estonumque
1539 461 1635 488 con-

190 497 344 539 sercior
375 504 515 540 turma
546 505 757 542 texuerat.
800 500 961 543 Vltima
991 502 1250 544 funditorum
1281 505 1389 545 acies
1420 504 1576 546 stabat.

326 555 499 598 Interea
515 557 658 599 classis
676 557 854 612 Danica,
878 563 1100 601 uentorum
1122 561 1389 615 indulgencia
1407 562 1633 617 aspirante,

193 613 307 656 .VII.
341 614 506 656 dierum
536 616 779 658 continuam
820 618 1142 672 nauigacionem
1177 633 1369 672 emensa,
1411 619 1634 661 Calmarna

190 671 394 727 oppidum
435 673 575 716 subiit.
646 674 859 716 Mirareris
899 675 984 716 late
1025 677 1163 718 uentis
1209 677 1461 719 uelificatum
1503 691 1632 732 mare,

189 731 411 785 celumque
458 746 511 774 ex
557 733 689 774 oculis
733 733 896 774 intenta
938 735 1132 776 antennis
1182 735 1341 777 linthea
1389 736 1634 791 eripiebant.

189 787 299 830 Nam
343 788 482 831 Sclaui
539 804 587 832 ac
636 791 733 832 Liui
783 791 1087 846 Saxonumque
1136 792 1252 834 .VII.
1299 793 1411 835 milia
1457 794 1633 835 classem

190 851 410 890 auxerant.
496 849 554 890 At
599 863 676 904 per
729 849 910 891 solidum
958 851 1320 905 proficiscentibus
1373 852 1633 904 Scanienses,

191 905 301 960 quod
331 906 523 948 locorum
555 908 678 962 periti
712 913 875 961 essent,
919 908 1048 950 duces
1089 923 1138 950 ac
1182 909 1314 963 preuii
1359 910 1631 951 destinantur.

190 964 330 1018 Igitur
361 965 432 1005 ubi
461 966 791 1021 prestolantibus
829 966 969 1008 Suetis
1003 966 1190 1007 Danicus
1231 968 1473 1021 superuenit
1513 982 1632 1009 exer-

190 1023 310 1073 citus,
332 1022 473 1078 Ringo
496 1024 596 1078 suis,
619 1038 701 1079 quo
725 1024 917 1080 adusque
935 1024 1151 1066 Har-aldus
1174 1025 1306 1066 aciem
1323 1022 1327 1080 Ι
1346 1025 1632 1079 centuriasset,

190 1081 408 1135 pacienter
438 1082 656 1124 considere
686 1083 821 1132 iussis,
853 1097 938 1124 non
971 1086 1068 1124 ante
1102 1083 1221 1137 signa
1253 1097 1404 1126 canere
1433 1084 1632 1139 precepit,

187 1153 313 1194 quam
344 1153 489 1194 regem
512 1145 686 1196 propter
707 1141 870 1196 aquilas
903 1155 1028 1182 curru
1052 1141 1330 1195 compositum
1353 1142 1632 1196 aspexissent,

190 1196 397 1252 prefatus,
429 1212 600 1253 sperare
641 1214 686 1241 se
723 1199 847 1240 facile
879 1199 1033 1241 collabi
1074 1199 1206 1240 aciem
1245 1213 1393 1254 posse,
1438 1213 1517 1255 que
1547 1200 1634 1240 ceci

190 1255 431 1298 ductamine
462 1257 678 1299 niteretur.
739 1257 945 1300 Preterea
977 1257 1226 1307 Haraldum,
1271 1272 1468 1312 supremo
1511 1258 1634 1299 etatis

189 1318 381 1370 tempore
423 1315 550 1357 alieni
589 1315 753 1370 imperii
794 1315 1024 1371 cupiditate
1068 1320 1326 1370 correptum,
1367 1321 1451 1356 non
1498 1315 1634 1356 minus

189 1377 331 1414 mente
363 1378 537 1427 captum
569 1388 694 1429 quam
726 1374 955 1415 luminibus
987 1373 1107 1426 fore,
1139 1387 1217 1414 nec
1249 1373 1399 1428 opibus
1431 1373 1634 1415 exsaciari

119 1447 157 1475 20
187 1444 326 1485 posse,
360 1432 444 1486 qui,
477 1432 512 1473 si
543 1446 677 1474 annos
710 1432 920 1488 respiciat,
953 1432 1118 1473 tumulo
1146 1445 1254 1486 pene
1286 1436 1510 1474 contentus
1541 1445 1633 1473 esse

120 1737 157 1765 25

124 2028 160 2055 30

123 2317 175 2351 357

191 1488 358 1531 debeat.
421 1489 561 1532 Suetis
592 1490 738 1546 itaque
776 1505 852 1546 pro
887 1490 1094 1542 libertate,
1125 1503 1201 1544 pro
1233 1490 1369 1544 patria
1411 1503 1459 1530 ac
1488 1489 1633 1531 liberis

191 1546 413 1588 dimicandi
437 1548 740 1590 necessitatem
761 1548 1023 1601 incumbere,
1056 1547 1219 1589 hostem
1243 1548 1480 1589 temeritate
1507 1552 1635 1601 atque

190 1605 423 1647 insolencia
455 1607 693 1661 suscepisse
723 1606 894 1648 bellum.
956 1607 1163 1647 Preterea
1201 1620 1254 1646 ex
1286 1609 1407 1660 parte
1452 1605 1634 1647 aduersa

189 1677 425 1719 perpaucos
465 1664 613 1706 Danos
645 1679 756 1718 esse,
797 1664 988 1706 Saxones
1037 1663 1274 1718 complures
1317 1663 1504 1718 aliasque
1537 1662 1634 1704 effe-

189 1722 370 1763 minatas
402 1727 550 1777 gentes
591 1723 634 1764 in
665 1723 756 1765 acie
794 1727 920 1765 stare.
989 1721 1056 1763 Ob
1100 1721 1213 1775 quod
1258 1721 1443 1775 cogitare
1481 1720 1635 1761 debere

193 1779 381 1822 Sueones
413 1779 694 1836 Noricosque,
726 1785 929 1836 quantum
962 1780 1198 1822 Germanos
1238 1793 1286 1820 ac
1318 1778 1494 1820 Sclauos
1534 1778 1636 1833 Sep-

192 1838 456 1880 tentrionalis
499 1854 668 1895 semper
710 1840 834 1881 turba
878 1838 1118 1894 prestiterit.
1197 1837 1488 1892 Spernendam
1534 1849 1634 1890 ergo

193 1896 324 1938 aciem
356 1897 460 1950 fore,
494 1912 576 1953 que
608 1899 755 1953 pocius
785 1897 948 1939 lubrica
984 1896 1200 1936 hominum
1234 1895 1470 1937 colluuione
1511 1907 1635 1948 quam

193 1953 373 2009 soli<d0>
403 1955 580 1998 militum
608 1956 763 1998 robore
795 1957 994 1997 contexta
1024 1953 1231 1995 uideatur.
1289 1952 1378 1993 Nec
1409 1965 1556 2006 parum
1588 1965 1637 1992 ea

194 2013 388 2055 oracione
421 2013 599 2055 militum
630 2014 792 2056 animos
824 2012 1096 2055 accendebat.
1159 2011 1217 2052 At
1249 2011 1415 2064 Bruno,
1458 2009 1637 2051 Haraldi

190 2071 284 2112 loco
307 2072 441 2113 aciem
473 2076 661 2114 statuere
683 2073 836 2125 iussus,
869 2085 999 2113 cuneo
1031 2070 1212 2111 frontem
1235 2069 1418 2122 molitur,
1450 2067 1636 2109 Hetham

193 2143 294 2171 uero
318 2130 359 2171 in
382 2129 560 2172 dextero
582 2131 716 2173 latere
737 2131 859 2181 locat,
883 2128 1106 2171 Haconem
1128 2128 1226 2168 leuo
1253 2126 1426 2181 preficit,
1444 2125 1636 2167 Wisnam

192 2187 453 2242 aquiliferam
485 2188 598 2232 facit.
654 2189 790 2244 Igitur
821 2186 1061 2238 Haraldus,
1100 2199 1226 2226 curru
1258 2185 1466 2237 eminens,
1510 2196 1636 2248 quam

191 2246 343 2300 potuit,
376 2246 488 2288 celsa
511 2262 616 2289 uoce
640 2247 845 2289 beneficia
877 2260 953 2287 sua
984 2243 1146 2285 iniuriis
1179 2257 1203 2284 a
1233 2242 1430 2296 Ringone
1462 2240 1637 2296 rependi

191 2304 391 2359 queritur.
463 2303 532 2347 Ab
575 2305 647 2346 illo
691 2305 770 2346 sibi
815 2304 972 2346 bellum
1016 2301 1183 2354 inferri,
1228 2301 1299 2356 qui
1343 2313 1517 2364 regnum
1562 2312 1637 2364 sup

192 2375 366 2403 munere
397 2361 578 2418 adeptus
610 2363 752 2405 fuerit.
813 2362 879 2411 Ita
911 2361 1152 2415 Ringonem
1185 2372 1266 2400 nec
1296 2371 1404 2399 senls
1435 2370 1636 2422 m1serer1,

193 2433 271 2461 nec
301 2421 515 2462 auunculo
538 2435 728 2476 parcere,
761 2419 1039 2475 propriosque
1061 2421 1199 2458 motus
1232 2421 1383 2457 cuncte
1408 2418 1637 2479 necess1tu-

194 2477 301 2518 dinis
348 2482 422 2518 aut
467 2479 750 2521 beneficencie
795 2476 1007 2532 respectui
1052 2474 1252 2530 preferre.
1326 2472 1451 2514 Iubet
1495 2477 1638 2537 itaque

195 2535 438 2578 meminisse
469 2537 636 2588 Danos,
667 2541 714 2578 ut
747 2535 906 2578 exteris
936 2547 1105 2588 semper
1136 2530 1322 2572 uictoriis
1353 2530 1636 2578 inclaruerint,

127 2607 163 2635 40
196 2597 243 2642 ut
273 2592 457 2636 finitimis
488 2594 697 2651 imperare
729 2594 874 2650 pocius
912 2606 1034 2647 quam
1069 2589 1241 2648 obsequi
1283 2587 1605 2640 consueuerint,
1627 2585 1638 2641 {Q

1686 1044 1714 1069 p.
1733 1035 1784 1062 387
