1884 3126
644 321 696 326 —
756 297 895 339 XIIII
955 322 1006 327 —
1465 298 1546 339 635

101 428 178 467 est.
241 423 351 466 Nam
383 424 492 466 inter
524 425 693 467 crebras
725 424 911 468 hostium
941 426 1111 481 hastas,
1155 425 1308 483 quibus
1341 426 1546 468 acerrime

100 482 340 538 petebatur,
372 496 459 524 non
491 487 578 524 tam
608 497 686 525 suo
719 497 845 538 quam
866 484 1036 527 fortune
1068 485 1217 541 clypeo
1251 487 1480 540 protectus,
1501 488 1548 526 ut

99 540 281 596 primum
311 540 490 596 genibus
524 555 568 582 se
601 541 799 596 excipere
829 542 980 597 potuit,
1013 542 1200 584 districto
1232 542 1345 584 ferro
1376 541 1545 598 propio-

98 612 191 640 rum
223 599 348 640 tibias
380 598 600 654 appetiuit.
664 598 829 647 Quibus
869 600 1086 656 paulisper
1122 600 1271 643 cedere
1303 600 1546 655 compulsis,

48 672 65 700 5
98 656 289 698 sublimis
330 655 504 711 desiliit,
536 657 859 713 sociorumque,
890 658 1061 700 tandem
1094 672 1147 700 ex
1187 657 1350 714 pudore
1380 657 1544 700 fortitu-

98 715 238 756 dinem
283 691 573 770 sapienciu’m,
614 728 791 757 accursu
831 716 1007 770 petitus,
1050 720 1366 772 oppugnatores
1397 716 1546 758 urbem

97 776 291 828 repetere
334 773 487 827 coegit.
548 773 616 814 Ita
658 773 711 815 ad
754 788 854 815 suos
899 788 1139 829 regressus,
1171 789 1222 816 ac
1251 778 1340 816 toto
1372 788 1544 830 corpore

96 831 262 885 integer
292 835 511 886 repertus,
543 831 831 873 ammiracioni
863 832 1101 874 uisentibus
1138 832 1230 875 fuit.
1290 832 1429 887 Igitur
1462 846 1545 874 non

96 889 237 930 solum
267 887 507 931 fortitudini
550 889 704 944 ipsius,
737 889 810 932 sed
844 890 976 931 eciam
1007 890 1178 932 fortune
1218 891 1442 932 ueneracio
1475 890 1546 931 tri-

28 961 66 989 10
96 947 202 989 buta
235 951 312 989 est.

235 1004 301 1046 Ea
332 1009 587 1061 tempestate
609 1005 792 1048 Romani
826 1006 1033 1048 scismatis
1057 1007 1358 1057 controuersia,
1390 1006 1544 1062 astipu-

96 1064 211 1105 lante
246 1062 401 1105 Cesare
432 1063 652 1116 Federico,
683 1064 1018 1120 pertinacissimo
1051 1064 1360 1106 Germanorum
1403 1077 1545 1106 errore

97 1121 388 1176 compluribus
402 1135 609 1163 annorum
627 1122 844 1164 curriculis
859 1122 973 1174 alita,
988 1123 1078 1165 ueri
1092 1123 1302 1178 pontificis
1310 1121 1545 1164 Alexandri

96 1179 277 1235 pedibus
302 1180 308 1232 Ι
339 1180 585 1235 proculcata
607 1180 842 1233 succubuit,
867 1179 1170 1236 diuiduumque
1188 1181 1363 1222 ecclesie
1386 1183 1543 1222 statum
1596 1193 1624 1218 p·
1644 1183 1693 1211 925

25 1252 63 1280 15
95 1237 302 1280 catholice
333 1238 560 1279 concordie
591 1238 805 1280 uinculum
849 1239 1079 1294 colligauit.
1143 1238 1238 1287 Quo
1269 1238 1310 1280 in
1352 1243 1544 1293 tempore

94 1295 206 1351 regis
238 1295 633 1352 Lundensiumqoe,
666 1311 747 1338 nec
778 1310 864 1338 non
894 1296 1122 1339 Absalonis
1148 1297 1279 1352 legati
1311 1296 1450 1338 Roma
1481 1309 1543 1337 re-

95 1353 253 1408 gressi,
294 1354 382 1396 leto
427 1354 608 1409 patriam
655 1355 808 1396 nuncio
856 1354 1189 1410 compleuerunt.
1252 1354 1333 1404 Qui
1375 1355 1544 1396 tametsi

95 1411 286 1455 diuersas
307 1416 437 1467 atque
460 1413 694 1454 contrarias
715 1427 784 1455 res
805 1413 1017 1468 peticione
1049 1413 1263 1468 complexi
1283 1412 1543 1461 uiderentur,

95 1483 145 1511 ea
174 1474 316 1513 tamen
339 1470 523 1512 Romani
555 1470 768 1526 pontificis
789 1470 997 1513 industria
1029 1475 1128 1512 sunt
1161 1471 1342 1526 excepti,
1376 1475 1424 1512 ut
1445 1484 1543 1525 pars

24 1541 62 1571 20
95 1532 276 1584 utraque
306 1528 387 1570 sibi
417 1542 494 1584 pro
526 1530 640 1571 uotis
670 1529 909 1572 consu'ltum
939 1528 1160 1584 gauderet.
1204 1528 1314 1571 Nam
1348 1532 1390 1570 et
1408 1528 1542 1570 Absa-

94 1586 182 1628 loni
211 1586 484 1629 Lundensem
507 1587 802 1642 pontificatum
832 1601 1049 1629 assumere
1081 1587 1264 1640 iussum,
1297 1590 1338 1628 et
1368 1585 1543 1627 Roskil-

93 1643 267 1687 densem
308 1642 616 1701 adssministrare
657 1646 922 1701 permissum.
994 1645 1062 1687 Ita
1106 1646 1320 1700 geminum
1364 1644 1539 1686 ecclesie
1602 1645 1698 1679 (3⁶¹)

92 1702 279 1759 regimen
295 1703 338 1744 in
357 1704 449 1745 eius
470 1704 535 1745 ius
560 1703 853 1758 dicionemque
876 1703 1097 1757 concessit,
1120 1703 1299 1746 alterum
1321 1706 1539 1758 precepto,

92 1760 274 1803 alterum
314 1761 586 1817 indulgencia
627 1762 863 1804 sorcientis.
936 1761 972 1804 O
1016 1775 1171 1802 nouam
1224 1764 1264 1803 et
1312 1759 1546 1802 inauditam

22 1832 60 1860 25
92 1819 207 1861 curie
238 1820 596 1862 munificenciam!
655 1820 890 1862 Recusanti
920 1818 1094 1876 pallium
1124 1821 1335 1872 ingestum
1369 1823 1445 1872 est,
1478 1819 1538 1859 in-

92 1877 311 1933 signeque,
344 1876 483 1933 quod*
514 1878 757 1932 petentibus
781 1892 881 1932 egre
912 1877 1092 1933 prestari
1124 1877 1254 1928 solet,
1285 1876 1538 1933 repugnanti
1558 1878 1791 1911 CLXXXVHb

93 1935 301 1977 uiolenter
343 1936 611 1991 imprimitur.
672 1936 838 1991 Dignos
880 1936 1101 1988 humeros,
1145 1934 1297 1991 quibus
1329 1941 1417 1976 tam
1449 1950 1542 1991 pre-

92 1993 254 2035 clarum
286 1994 732 2049 onusimponeretur!
796 1993 1001 2036 Veniens‘
1022 1992 1226 2048 siquidem
1249 1992 1542 2036 Romanorum

90 2051 281 2106 legatus,
321 2051 565 2106 Galandus,
607 2051 825 2094 Lundensi
872 2052 983 2093 clero
1032 2050 1298 2093 Roskildiam
1347 2055 1541 2103 euocato,

22 2123 60 2151 30
92 2114 330 2164 presentem
353 2109 615 2152 Absalonem
648 2123 733 2151 non
754 2111 893 2152 solum
915 2110 1132 2151 literarum
1164 2108 1429 2162 recitacione,
1458 2124 1539 2165 que

93 2182 193 2210 eum
226 2167 430 2210 eleccioni
448 2182 600 2224 parere
620 2167 839 2220 iubebant,
870 2168 945 2210 sed
970 2168 1101 2209 eciam
1123 2167 1405 2209 anathematis
1430 2172 1540 2209 com-

92 2226 343 2278 minacione,
367 2240 451 2282 quo
471 2236 516 2268 se
534 2227 762 2268 aduersum
779 2240 889 2279 eum,
907 2227 942 2267 si
958 2239 1196 2281 repugnare
1209 2229 1539 2281 perseuerasset,

91 2297 268 2325 usurum
300 2284 484 2336 dicebat,
519 2284 774 2327 electoribus
806 2284 1005 2326 assentiri
1035 2282 1248 2338 fidemque
1280 2283 1539 2325 obedicionis

92 2341 322 2383 solenniter
353 2341 406 2384 ab
437 2342 588 2384 iisdem
619 2342 809 2397 recipere
842 2341 994 2396 coegit.
1058 2341 1194 2389 Quem
1240 2346 1335 2395 post
1367 2340 1540 2383 modum

25 2412 60 2441 ·5
90 2398 312 2450 Lundensi
342 2399 383 2441 in
413 2401 570 2456 templo
600 2399 745 2455 pallio,
777 2399 888 2455 quod
921 2399 1134 2449 attulerat,
1167 2403 1438 2453 muneratus,
1472 2398 1539 2442 die

90 2461 262 2512 postero
277 2457 528 2514 Ripensium
544 2459 725 2500 electum
740 2457 977 2499 Homerum
993 2456 1188 2511 religioso
1206 2457 1296 2498 eius
1310 2457 1538 2500 ministerio

91 2516 336 2570 pontificem
372 2516 611 2558 consecrari
633 2515 865 2570 conspexit.
916 2515 982 2556 Ita
1004 2514 1221 2569 legacione
1245 2514 1539 2570 syncerissime

92 2577 220 2629 atquc
244 2573 516 2629 integerrime
538 2578 684 2629 gesta,
716 2572 915 2628 hybernis
938 2572 1122 2623 exactis,
1143 2572 1325 2614 Romam
1348 2573 1536 2616 reuertit.

316 2701 572 2732 EXPLICITvs
604 2701 682 2731 EST
714 2700 843 2730 LIBER
874 2699 1061 2730 DECIMVS
1094 2698 1306 2735 QVARTVS.
