1884 3126
681 291 737 298 —
796 264 891 309 XII
909 272 911 274 '
952 291 1006 298 -—
1492 264 1576 309 399

123 394 263 436 ciones
286 394 574 449 prestanciore
596 391 794 435 facundia
817 394 1078 437 celebrabat.
1131 393 1197 436 Ita
1218 394 1366 438 fauore
1389 395 1576 439 omnium

122 457 344 508 occupato,
377 466 515 493 arcem
549 451 657 504 inter
690 455 858 493 nostros
891 453 1155 495 auctoritatis
1177 458 1307 509 atque
1331 454 1576 509 eloquencie

121 510 339 566 fastigium
372 509 630 565 possidebat.
659 509 968 552 'Subiectorum
1002 524 1144 554 mores
1171 526 1252 553 non
1279 512 1417 553 solum
1439 512 1576 560 dictis,

91 586 94 588 ·
122 569 197 611 sed
231 569 363 611 eciam
397 568 672 610 serenissimis
706 582 881 623 operum
923 569 1182 611 informabat
1224 570 1456 625 exemplis,
1497 584 1575 612 nec

52 934 89 960 10

52 1227 87 1253 15

51 1517 88 1544 20

51 2097 89 2124 30

53 2387 89 2413 35

121 641 228 669 uoce
250 641 378 682 quam
400 631 540 673 mente
573 627 816 677 concinnior
849 627 940 670 fuit.
985 627 1117 677 Idem,
1151 628 1337 683 perfecta
1359 628 1576 670 Trinitatis

122 686 213 737 ede,
246 687 287 726 in
322 685 615 726 exedificando
651 685 741 740 eius
773 685 935 727 ambitu
967 685 1187 727 Kanutum
1220 686 1404 741 religiosi
1437 687 1576 742 operis

120 745 284 786 socium
316 743 478 792 habuit.
523 742 633 784 Nec
645 743 852 785 minorem
882 744 923 784 in
957 744 1203 788 extruendis
1226 744 1360 786 Marie
1382 745 1581 786 sacrariis·

122 811 295 858 operam
342 802 485 857 gessit.
547 801 716 857 Quippe
762 806 895 843 unum
940 802 981 843 in
1029 800 1155 852 urbe⁷
1202 804 1383 844 alterum
1430 803 1574 864 Ryng·

120 858 359 915 st[i]adi<i>s
409 861 533 902 enixe
581 860 779 912 molitus,
826 860 1005 902 teicium
1044 859 1284 915 Michael<i>
1325 855 1575 916 Slaglos<i>e

122 918 322 961 condidit.
383 918 509 960 Adeo
542 933 589 961 se
620 894 862 960 sanctoium
903 919 1189 974 penetialium
1221 920 1431 980 singulari
1461 921 1576 962 cultu

121 978 301 1032 flagrare
335 977 601 1018 monstrauit.
663 976 755 1018 Nec
796 977 1032 1019 domestica
1070 978 1294 1019 sanctitate
1337 982 1573 1031 contentus,

121 1038 399 1090 augmentum
431 1036 520 1077 eius
553 1035 654 1076 foris
685 1038 846 1090 petere,
879 1040 1048 1090 arrepto
1082 1037 1383 1091 peregrinandi
1414 1036 1574 1089 labore,

121 1093 350 1136 constituit.
412 1093 604 1148 Cumque
637 1092 985 1149 Hierosolymam
1028 1095 1299 1149 proficiscens
1338 1094 1574 1135 Bizantium

120 1152 409 1208 peruenisset,
443 1156 660 1194 contracta
691 1152 795 1192 uarii
827 1153 995 1207 generis
1028 1156 1274 1194 ornamenta
1308 1167 1401 1193 cum
1436 1167 1575 1195 sacro-

121 1225 214 1252 rum
237 1211 427 1252 cinerum
451 1210 636 1265 reliquiis
669 1210 710 1250 in
743 1211 1005 1252 necessarios
1037 1225 1138 1252 usus
1171 1211 1390 1253 domestici
1424 1212 1571 1267 templi

122 1268 377 1310 remittenda
424 1268 601 1310 curauit.
665 1267 748 1309 Sed
798 1269 915 1310 cuius
965 1269 1115 1310 Grecia
1160 1270 1366 1324 pietatem>
1416 1267 1572 1324 uidit,l

121 1331 304 1367 mortem
326 1326 503 1368 Rhodos
526 1327 707 1382 aspexit.
752 1326 909 1368 Iisdem
930 1327 1021 1368 fere
1043 1327 1321 1382 temporibus,
1345 1328 1570 1383 absumpto

119 1384 352 1435 Riclialdo,
386 1386 594 1436 Asoerus,
631 1399 797 1426 morum
830 1385 1085 1440 generisque
1117 1385 1348 1441 splendore
1378 1386 1572 1438 eximius,

120 1443 336 1484 Lund'ensi
369 1444 528 1498 potitur
559 1443 816 1485 sacerdocio,

257 1501 419 1543 Olauus
461 1515 557 1543 cum
599 1501 661 1542 bis
701 1515 810 1556 pene
842 1502 1021 1543 lustrum
1055 1502 1271 1556 regnando
1304 1502 1574 1554 condidisset,

119 1558 230 1599 inter
262 1560 483 1601 continuas
516 1559 573 1600 rei
605 1558 822 1601 familiaris
862 1561 1079 1615 angustias
1112 1561 1213 1601 nihil
1246 1561 1380 1614 regali
1414 1562 1574 1615 magni-

119 1616 295 1659 ficencia
342 1618 515 1672 dignum
563 1619 719 1673 exequi
765 1623 948 1673 poterat.
1021 1618 1103 1660 Sed
1146 1623 1187 1659 et
1226 1619 1413 1671 finitimi,
1460 1619 1572 1660 facto

120 1677 386 1730 paupertatis
438 1676 528 1717 eius
579 1683 854 1731 contemptu,
905 1677 1149 1718 famelicum
1200 1677 1311 1718 ferro
1364 1677 1573 1719 incessere

121 1734 287 1775 ruboris
320 1735 413 1776 loco
446 1734 673 1787 duxerunt,
701 1735 797 1782 rati,
828 1734 1012 1776 inediam
1047 1735 1172 1776 armis
1200 1735 1320 1776 obrui
1344 1750 1427 1776 non
1453 1750 1573 1791 opor-

51 1828 65 1834 -
120 1798 222 1843 tere,
254 1807 392 1848 neque
425 1792 861 1834 diuinitusafflictum
903 1793 1144 1835 humanitus
1175 1794 1325 1849 premi,
1360 1800 1430 1834 aut
1465 1795 1572 1835 cele-

122 1851 247 1891 stium
280 1850 510 1892 uindictam
554 1851 796 1892 mortalium
838 1852 997 1892 uiribus
1040 1852 1303 1906 exagyerari.
1354 1851 1431 1893 Cui
1464 1853 1572 1894 enim

122 1908 374 1950 inuidiosum
394 1909 594 1950 existeret
615 1910 1177 1965 regnum·contemptissima
1203 1915 1265 1951 tot
1287 1910 1406 1951 annis
1429 1911 1570 1966 inopia

121 1967 424 2032 profligatum?
488 1966 594 2008 Cum
628 1982 717 2021 rex,
750 1967 938 2010 diuinum
971 1968 1156 2010 natalem
1190 1968 1430 2020 celebrans,
1463 1983 1571 2024 pane

122 2025 163 2065 in
197 2025 323 2066 domo
355 2039 439 2066 non
483 2030 757 2081 suppetente,
802 2027 966 2068 ieiunos
1002 2027 1320 2091 circunquaque
1362 2025 1572 2082 penates*

120 2083 349 2138 aspiceret,
392 2083 680 2124 erubescenda
717 2098 957 2126 mensarum
1000 2085 1142 2140 inopia
1181 2099 1438 2140 magnopere
1470 2100 1567 2127 con-

121 2140 252 2194 fusus,
288 2117 472 2183 ob'ducto
505 2142 696 2183 manibus
730 2144 865 2197 eapite
897 2142 1146 2198 suffusoque
1179 2143 1407 2209 lachrymis
1437 2144 1571 2196 uultu,

122 2213 198 2254 per
249 2206 474 2240 summum·
486 2200 635 2240 animi
687 2200 966 2254 e0·ritudi110n1
1018 2201 1221 2256 temporis
1280 2201 1571 2242 difficultatem

117 2257 281 2323 gemitu
313 2257 559 2312 prosecutus
592 2263 667 2300 est.
721 2258 832 2300 Sane
863 2259 1070 2300 tantulam
1105 2259 1256 2314 dapem
1287 2263 1350 2300 tot
1385 2259 1570 2301 (onuiuis

122 2316 278 2370 apponi
302 2315 487 2367 defleuit,
518 2317 920 2371 contemptissimam
943 2318 1100 2358 funem
1122 2317 1447 2359 honoratissime
1470 2317 1571 2358 lucis

103 2373 390 2427 ¹ignominiam
424 2348 628 2416 iudicans.
692 2375 771 2422 Qui
806 2375 929 2415 michi
962 2375 1144 2416 alienam
1176 2375 1341 2430 ερωίθ,
1374 2390 1494 2416 suam
1527 2388 1571 2416 re

122 2446 225 2472 uera
272 2431 517 2487 deplorasse
558 2433 724 2474 uidetur
765 2433 959 2488 inopiam.
1023 2433 1212 2479 Deinde,
1256 2433 1570 2488 supplicacione

80 2500 83 2503 “
123 2489 280 2542 habita,
304 2504 486 2545 superna
509 2491 721 2531 contuitus
743 2496 958 2532 auctorem
983 2492 1168 2533 omnium
1192 2491 1331 2543 ὀ(,,11111
1354 2496 1413 2540 ut,
1433 2489 1569 2546 siquid

122 2548 182 2588 ire
216 2548 420 2589 aduersus
452 2548 655 2613 populum
687 2550 973 2604 concepisset,
1014 2563 1112 2600 suo,
1132 2564 1226 2591 non
1261 2549 1350 2590 eius
1382 2548 1569 2602 periculo

123 2606 323 2656 saciaret,
356 2607 515 2655 orauit,
556 2606 888 2648 infelicissimum
921 2607 1056 2662 patrie
1088 2612 1244 2648 statum
1278 2605 1571 2648 difficillimum

53 2677 90 2705 40
120 2662 322 2719 temporis
368 2663 557 2705 habitum
603 2665 815 2707 estimans.
880 2664 1046 2721 Quippe
1079 2669 1162 2706 tam
1196 2665 1314 2719 inops
1347 2665 1570 2720 epularum

1628 1349 1654 1373 p.
1679 1340 1728 1367 5199

1614 2097 1737 2125 (ΣΧΙΧιι
