1884 3126
135 619 150 644 5

114 909 149 935 10

56 1193 149 1226 '15

111 1489 147 1516 ‘20

111 1780 147 1807 ‘25

110 2069 147 2095 30

110 2359 145 2386 35

111 2649 147 2676 40

770 241 1041 283 ——X—
1549 242 1631 283 363

184 369 393 412 concessit
423 369 465 410 in
496 369 715 423 Fioniam3
751 382 829 410 nec
860 370 985 410 armis
1020 370 1151 410 maior
1184 383 1308 424 quain
1340 369 1507 423 agmine
1538 368 1631 410 fuit.

184 427 376 483 Cumque
414 442 459 469 se
500 428 612 471 omni
652 427 810 469 auxilio
854 427 1067 469 desertum
1118 441 1196 468 nec
1237 426 1421 468 hostium
1452 431 1632 478 tantum,

183 485 258 528 sed
281 486 411 527 eciam
435 501 607 528 suorum
630 490 879 540 contemptu
909 486 1127 541 perfusum
1161 484 1342 538 uideret,
1376 484 1631 526 Sialandiam

183 544 464 599 Scaniamque
493 549 832 599 pretergressus,
865 543 1051 586 Suetiam
1085 548 1274 584 materne
1306 542 1630 585 necessitudinis

181 602 336 644 fiducia
387 606 531 658 petere
584 602 807 657 cogita-bat.
883 602 1018 650 Quem
1075 602 1230 656 Magno
1281 605 1393 642 terra
1443 601 1632 657 marique

181 661 439 716 pertinacius
486 662 758 717 insequente,
810 661 853 701 in
898 660 1052 701 Iut-iam
1100 673 1144 701 se
1190 665 1367 715 repente
1414 660 1631 701 Sclauicus

183 718 332 760 effudit
363 719 589 760 exercitus.
651 718 840 767 Quorum
874 718 1056 773 irrupcio
1091 717 1263 759 dubium
1297 718 1447 759 uictori
1479 718 1630 771 effecit,

179 775 452 832 fugacem*ne
493 777 660 819 hostem
702 777 884 832 pellere,
925 791 979 817 an
1010 776 1298 818 imminentem
1331 776 1527 832 excipere
1559 776 1630 818 de-

183 835 355 877 buisset.
420 835 603 883 Quidam
654 836 764 878 enim
815 836 954 890 gentis
1001 835 1113 875 illius
1159 834 1471 884 nobilissimus,
1514 833 1631 877 ‚XIL

181 893 288 944 filiis,
310 894 524 934 maritimis
547 893 820 949 predonibus,
854 892 967 949 apud
984 893 1165 934 Daniam
1187 893 1407 947 spoliatus,
1439 893 1633 934 Intorum

182 951 286 994 fines
307 951 420 994 ferro
444 952 672 994 orbitatem
704 952 871 993 ulturus
903 952 1072 993 inuasit.
1116 950 1402 999 Quamobrem
1435 951 1633 1006 Magnus,

181 1010 608 1064 perseuerantissimis
651 1010 923 1066 popularium
964 1009 1161 1065 precibus
1193 1008 1483 1052 committendi
1514 1009 1632 1065 prelii

182 1073 397 1110 auctorem
422 1082 550 1123 agere
572 1069 823 1124 postulatus,
857 1068 1009 1109 omisso
1034 1068 1183 1119 emulo,
1207 1082 1231 1109 a
1253 1067 1487 1110 domestico
1511 1068 1633 1109 hoste

180 1125 221 1167 in
254 1130 477 1168 externum
509 1141 627 1168 arma
660 1127 893 1180 conuertit,
939 1131 1002 1180 et,
1045 1126 1164 1182 quasi
1196 1127 1362 1182 priuato
1393 1126 1633 1167 affeccionis

183 1184 353 1236 oblitus,
386 1184 600 1239 publicam
632 1184 866 1233 induit,‚ne
897 1199 993 1226 suas
1025 1198 1152 1240 quam
1184 1185 1302 1240 regni
1333 1189 1475 1240 partes
1498 1184 1633 1226 curio-

182 1242 266 1284 sius
303 1243 440 1297 egisse
472 1242 702 1284 uideretur.
763 1242 852 1283 Nec
892 1243 1105 1285 dubitauit
1147 1243 1374 1298 alienigeni
1416 1243 1632 1297 sanguinis

183 1301 284 1354 dux,
317 1315 481 1342 summa
512 1300 651 1342 adhuc
683 1301 933 1355 fluctuante,
966 1301 1006 1341 in
1034 1315 1078 1343 se
1099 1301 1235 1356 ipsum
1259 1299 1385 1342 dubie
1408 1302 1633 1356 potcstatis

181 1358 409 1401 transferre
441 1359 687 1415 periculum.
749 1359 888 1400 Nocte
919 1373 1045 1402 uero.
1089 1374 1216 1415 quam
1250 1360 1479 1401 bellivdies
1522 1361 1634 1402 inse-

184 1422 306 1458 cutus
341 1421 430 1470 est,
480 1417 665 1473 quietem
711 1418 798 1459 cius
841 1422 953 1459 certe
986 1417 1264 1472 prediccionis
1297 1418 1458 1474 species
1490 1417 1634 1459 adum-

180 1475 331 1517 brauit.
395 1475 563 1531 Quippe
605 1490 800 1517 somnum
841 1476 1023 1532 capienti
1055 1476 1195 1531 imago
1231 1476 1449 1518 cuiusdam
1483 1476 1633 1518 obuer-

180 1538 272 1575 sata
294 1533 492 1589 predixit,
525 1534 647 1575 hoste
682 1548 777 1575 eum
812 1535 1069 1590 superiorem
1100 1535 1305 1585 futurum,
1339 1536 1464 1590 inque
1491 1535 1633 1590 aquile

179 1605 283 1633 nece
306 1592 483 1633 uictorie
504 1592 630 1634 fidem
653 1589 939 1648 auspici-alque
965 1599 1246 1649 sumpturum.
1287 1593 1632 1649 Expergefactus

178 1664 257 1691 rex
288 1650 461 1691 uisionis
495 1649 686 1691 ordinem
718 1651 784 1691 die
816 1655 987 1706 postera
1018 1665 1172 1706 magna
1204 1665 1296 1692 cum
1332 1652 1518 1692 omnium
1546 1665 1632 1692 am-

179 1707 411 1749 miracione
441 1708 647 1763 uulgauit.
710 1708 791 1750 Sed
828 1713 870 1750 et
901 1708 1104 1765 somn<i>o
1140 1724 1262 1751 omen
1296 1714 1631 1751 consentaneum

178 1765 272 1807 fuit.
333 1765 569 1821 Progresso
602 1781 783 1822 namque
815 1768 1031 1818 exercitu,
1071 1768 1270 1823 aquilam,
1303 1782 1385 1822 que
1415 1769 1457 1809 in
1491 1768 1633 1823 quiete

180 1824 471 1866 demonstrata
493 1824 647 1877 fuerat,
681 1825 915 1867 comminus
940 1826 1157 1868 considere
1181 1831 1450 1881 conspectam
1475 1826 1633 1881 pernici

179 1895 289 1937 equo
322 1882 529 1924 aduolans
562 1884 683 1924 hasta
713 1883 884 1939 petiuit,
917 1883 1151 1940 fugamque
1182 1884 1292 1926 alitis
1324 1881 1461 1926 ueloci
1491 1884 1631 1925 iaculo

179 1941 454 1995 precucurrit.
515 1941 668 1996 Itaque
711 1942 903 1983 nouitate
936 1942 992 1983 rei
1026 1943 1079 1983 ad
1111 1953 1230 1998 spem
1262 1942 1436 1985 uictorie
1470 1947 1632 1998 specta-

180 2003 295 2039 tores
329 1999 477 2040 erexit.
520 1998 714 2054 Arripuit
735 2000 864 2055 igitur
888 2013 1012 2042 omen
1037 2001 1263 2052 exercitus,
1296 2005 1425 2056 atque
1454 2000 1630 2042 fortuito

179 2055 319 2111 aquile
365 2069 515 2098 occasu
564 2057 839 2099 certissimam
886 2057 1071 2100 hostium
1118 2059 1282 2100 ruinam
1326 2060 1632 2114 interpretatus

181 2119 256 2156 est.
307 2113 457 2156 Cuncti
490 2115 656 2171 quippe,
689 2121 890 2157 euentum
923 2117 1087 2158 somnio
1121 2116 1366 2172 congruisse
1397 2122 1632 2166 cernentes,

179 2171 354 2227 perinde
386 2177 514 2227 atque
545 2173 681 2215 securi
713 2188 851 2215 rerum
883 2174 925 2215 in
957 2174 1172 2216 fortunam
1215 2189 1334 2217 suam
1367 2180 1541 2231 accepte
1572 2176 1632 2216 rei

179 2230 421 2285 presagium
453 2230 645 2273 referunt
679 2237 719 2272 et
751 2233 869 2287 quasi
912 2232 1194 2275 indubitatam
1233 2233 1431 2275 uincendi
1473 2239 1632 2275 sortem

180 2289 271 2342 pari
303 2289 511 2330 mencium
543 2290 762 2331 alacritate
793 2296 1057 2346 presumunt.
1102 2291 1219 2340 Quos
1252 2306 1301 2333 eo
1335 2291 1511 2333 audacie
1541 2292 1633 2347 ipsa

177 2347 351 2401 auspicii
399 2347 548 2401 religio
596 2348 884 2401 prouehebat,
927 2354 974 2389 ut
1015 2350 1098 2391 iam
1141 2350 1219 2391 sibi
1266 2350 1484 2391 uictoriam
1533 2354 1633 2390 ante

181 2405 325 2461 oculos
370 2410 655 2460 preponentes
700 2407 860 2461 absque
893 2412 1086 2461 respectu
1120 2408 1406 2463 periculorum
1439 2409 1631 2449 certatim

180 2463 220 2503 in
243 2463 423 2517 prelium
447 2462 700 2517 prosilirent.
740 2463 904 2511 Quibus
926 2465 1103 2518 primam
1127 2465 1345 2521 pugnandi
1369 2466 1632 2507 occasionem

180 2521 499 2575 corripientibus
532 2519 780 2577 eodemllque
811 2528 987 2567 euentu,
1020 2537 1103 2578 quo
1137 2525 1289 2574 omine,
1321 2523 1629 2574 dimicantibus,

180 2579 387 2620 ceduntur
434 2578 622 2619 funditus
670 2579 823 2620 Sclaui.
899 2578 1050 2622 Victor
1097 2581 1278 2635 Magnus
1326 2581 1438 2623 felici
1485 2595 1630 2637 pugna

177 2636 453 2694 popularibus
474 2650 675 2694 percarus
698 2637 848 2692 euasit,
881 2652 1115 2698 eorumque
1140 2640 1417 2699 propensiore
1440 2639 1630 2685 subsidio

1680 787 1805 816 CVlllb

1690 1612 1715 1636 p.
1738 1602 1788 1628 544

1685 2531 1779 2566 (204)
