<?xml version="1.0" encoding="UTF-8"?>
<!DOCTYPE html PUBLIC "-//W3C//DTD XHTML 1.0 Transitional//EN"
    "http://www.w3.org/TR/xhtml1/DTD/xhtml1-transitional.dtd">
<html xmlns="http://www.w3.org/1999/xhtml" xml:lang="en" lang="en">
 <head>
  <title>
</title>
<meta http-equiv="Content-Type" content="text/html;charset=utf-8" />
  <meta name='ocr-system' content='tesseract 3.04.00' />
  <meta name='ocr-capabilities' content='ocr_page ocr_carea ocr_par ocr_line ocrx_word'/>
</head>
<body>
  <div class='ocr_page' id='page_1' title='image "./saxonisgrammatic00saxouoft_0673.png"; bbox 0 0 1884 3126; ppageno 0'>
   <div class='ocr_carea' id='block_1_1' title="bbox 624 241 1527 286">
    <p class='ocr_par' dir='ltr' id='par_1_1' title="bbox 624 241 1527 286">
     <span class='ocr_line' id='line_1_1' title="bbox 624 241 1527 286; baseline 0.002 -2"><span class='ocrx_word' id='word_1_1' title='bbox 624 265 677 272; x_wconf 88' lang='lat'>—-</span> <span class='ocrx_word' id='word_1_2' title='bbox 737 241 876 286; x_wconf 91' lang='lat' dir='ltr'>XIIII</span> <span class='ocrx_word' id='word_1_3' title='bbox 936 266 989 274; x_wconf 80' lang='lat'>-—</span> <span class='ocrx_word' id='word_1_4' title='bbox 1445 242 1527 286; x_wconf 80' lang='lat'>579</span> 
     </span>
    </p>
   </div>
   <div class='ocr_carea' id='block_1_2' title="bbox 15 368 1532 2574">
    <p class='ocr_par' dir='ltr' id='par_1_2' title="bbox 15 368 1532 2574">
     <span class='ocr_line' id='line_1_2' title="bbox 86 368 1528 427; baseline 0.001 -17"><span class='ocrx_word' id='word_1_5' title='bbox 86 369 312 410; x_wconf 89' lang='lat' dir='ltr'>cemiteriis</span> <span class='ocrx_word' id='word_1_6' title='bbox 344 369 385 410; x_wconf 92' lang='lat' dir='ltr'>in</span> <span class='ocrx_word' id='word_1_7' title='bbox 419 383 523 425; x_wconf 89' lang='lat' dir='ltr'>agro</span> <span class='ocrx_word' id='word_1_8' title='bbox 545 368 784 411; x_wconf 88' lang='lat' dir='ltr'>Karentino</span> <span class='ocrx_word' id='word_1_9' title='bbox 808 370 1027 424; x_wconf 88' lang='lat' dir='ltr'>dedicatis,</span> <span class='ocrx_word' id='word_1_10' title='bbox 1052 385 1231 427; x_wconf 86' lang='lat' dir='ltr'>uespere</span> <span class='ocrx_word' id='word_1_11' title='bbox 1251 370 1528 413; x_wconf 88' lang='lat' dir='ltr'>Karentinam</span> 
     </span>
     <span class='ocr_line' id='line_1_3' title="bbox 84 426 1529 485; baseline 0.002 -18"><span class='ocrx_word' id='word_1_12' title='bbox 84 426 229 478; x_wconf 80' lang='lat' dir='ltr'>rediit3</span> <span class='ocrx_word' id='word_1_13' title='bbox 271 427 509 482; x_wconf 89' lang='lat' dir='ltr'>deletisque</span> <span class='ocrx_word' id='word_1_14' title='bbox 550 427 797 478; x_wconf 81' lang='lat' dir='ltr'>simulacris,</span> <span class='ocrx_word' id='word_1_15' title='bbox 839 442 925 470; x_wconf 92' lang='lat' dir='ltr'>una</span> <span class='ocrx_word' id='word_1_16' title='bbox 957 442 1052 469; x_wconf 92' lang='lat' dir='ltr'>cum</span> <span class='ocrx_word' id='word_1_17' title='bbox 1083 429 1288 470; x_wconf 86' lang='lat' dir='ltr'>Iarimaro</span> <span class='ocrx_word' id='word_1_18' title='bbox 1322 427 1529 485; x_wconf 89' lang='lat' dir='ltr'>profunda</span> 
     </span>
     <span class='ocr_line' id='line_1_4' title="bbox 84 484 1529 542; baseline 0.001 -17"><span class='ocrx_word' id='word_1_19' title='bbox 84 491 206 526; x_wconf 87' lang='lat' dir='ltr'>nocte</span> <span class='ocrx_word' id='word_1_20' title='bbox 238 484 292 525; x_wconf 92' lang='lat' dir='ltr'>ad</span> <span class='ocrx_word' id='word_1_21' title='bbox 322 499 454 527; x_wconf 90' lang='lat' dir='ltr'>naues</span> <span class='ocrx_word' id='word_1_22' title='bbox 495 485 712 541; x_wconf 87' lang='lat' dir='ltr'>peruenit,</span> <span class='ocrx_word' id='word_1_23' title='bbox 757 499 940 541; x_wconf 89' lang='lat' dir='ltr'>eumque</span> <span class='ocrx_word' id='word_1_24' title='bbox 983 501 1128 528; x_wconf 89' lang='lat' dir='ltr'>secum</span> <span class='ocrx_word' id='word_1_25' title='bbox 1161 487 1348 529; x_wconf 87' lang='lat' dir='ltr'>cenitare</span> <span class='ocrx_word' id='word_1_26' title='bbox 1378 487 1529 542; x_wconf 79' lang='lat' dir='ltr'>coegit.</span> 
     </span>
     <span class='ocr_line' id='line_1_5' title="bbox 86 541 1529 600; baseline 0.002 -16"><span class='ocrx_word' id='word_1_27' title='bbox 86 541 261 598; x_wconf 90' lang='lat' dir='ltr'>Iamque</span> <span class='ocrx_word' id='word_1_28' title='bbox 307 543 519 596; x_wconf 20' lang='lat' dir='ltr'>Absalon·</span> <span class='ocrx_word' id='word_1_29' title='bbox 547 547 688 585; x_wconf 88' lang='lat' dir='ltr'>ternas</span> <span class='ocrx_word' id='word_1_30' title='bbox 734 544 935 585; x_wconf 81' lang='lat' dir='ltr'>continue</span> <span class='ocrx_word' id='word_1_31' title='bbox 981 549 1124 587; x_wconf 90' lang='lat' dir='ltr'>noctes</span> <span class='ocrx_word' id='word_1_32' title='bbox 1171 545 1332 600; x_wconf 83' lang='lat' dir='ltr'>absque</span> <span class='ocrx_word' id='word_1_33' title='bbox 1383 559 1529 587; x_wconf 90' lang='lat' dir='ltr'>somno</span> 
     </span>
     <span class='ocr_line' id='line_1_6' title="bbox 35 601 1531 658; baseline 0.001 -15"><span class='ocrx_word' id='word_1_34' title='bbox 35 616 53 643; x_wconf 80' lang='lat'>5</span> <span class='ocrx_word' id='word_1_35' title='bbox 86 605 319 655; x_wconf 79' lang='lat' dir='ltr'>exegerat,</span> <span class='ocrx_word' id='word_1_36' title='bbox 360 601 553 657; x_wconf 83' lang='lat' dir='ltr'>adeoque</span> <span class='ocrx_word' id='word_1_37' title='bbox 594 602 813 643; x_wconf 90' lang='lat' dir='ltr'>oculorum</span> <span class='ocrx_word' id='word_1_38' title='bbox 857 603 947 643; x_wconf 88' lang='lat' dir='ltr'>eius</span> <span class='ocrx_word' id='word_1_39' title='bbox 988 602 1120 644; x_wconf 85' lang='lat' dir='ltr'>aciem</span> <span class='ocrx_word' id='word_1_40' title='bbox 1151 603 1295 658; x_wconf 91' lang='lat' dir='ltr'>uigilie</span> <span class='ocrx_word' id='word_1_41' title='bbox 1336 602 1531 644; x_wconf 88' lang='lat' dir='ltr'>debilita-</span> 
     </span>
     <span class='ocr_line' id='line_1_7' title="bbox 84 659 1530 716; baseline 0.001 -16"><span class='ocrx_word' id='word_1_42' title='bbox 84 663 248 711; x_wconf 88' lang='lat' dir='ltr'>uerant,</span> <span class='ocrx_word' id='word_1_43' title='bbox 278 662 327 700; x_wconf 89' lang='lat' dir='ltr'>ut</span> <span class='ocrx_word' id='word_1_44' title='bbox 356 673 466 715; x_wconf 90' lang='lat' dir='ltr'>pene</span> <span class='ocrx_word' id='word_1_45' title='bbox 498 659 673 701; x_wconf 89' lang='lat' dir='ltr'>uidendi</span> <span class='ocrx_word' id='word_1_46' title='bbox 704 674 826 701; x_wconf 91' lang='lat' dir='ltr'>usum</span> <span class='ocrx_word' id='word_1_47' title='bbox 851 661 1162 715; x_wconf 79' lang='lat' dir='ltr'>extinguerent.</span> <span class='ocrx_word' id='word_1_48' title='bbox 1211 661 1413 716; x_wconf 82' lang='lat' dir='ltr'>Sequenti</span> <span class='ocrx_word' id='word_1_49' title='bbox 1435 661 1530 702; x_wconf 91' lang='lat' dir='ltr'>luce</span> 
     </span>
     <span class='ocr_line' id='line_1_8' title="bbox 84 717 1529 773; baseline 0.001 -15"><span class='ocrx_word' id='word_1_50' title='bbox 84 717 245 768; x_wconf 82' lang='lat' dir='ltr'>scribe,</span> <span class='ocrx_word' id='word_1_51' title='bbox 277 722 319 758; x_wconf 86' lang='lat' dir='ltr'>et</span> <span class='ocrx_word' id='word_1_52' title='bbox 350 718 421 772; x_wconf 92' lang='lat' dir='ltr'>qui</span> <span class='ocrx_word' id='word_1_53' title='bbox 461 719 629 772; x_wconf 85' lang='lat' dir='ltr'>priuata</span> <span class='ocrx_word' id='word_1_54' title='bbox 671 718 909 773; x_wconf 84' lang='lat' dir='ltr'>principum</span> <span class='ocrx_word' id='word_1_55' title='bbox 941 732 1062 760; x_wconf 86' lang='lat' dir='ltr'>sacra</span> <span class='ocrx_word' id='word_1_56' title='bbox 1092 718 1355 770; x_wconf 80' lang='lat' dir='ltr'>tractabant,</span> <span class='ocrx_word' id='word_1_57' title='bbox 1393 732 1529 760; x_wconf 86' lang='lat' dir='ltr'>sacer-</span> 
     </span>
     <span class='ocr_line' id='line_1_9' title="bbox 85 774 1527 832; baseline 0.002 -17"><span class='ocrx_word' id='word_1_58' title='bbox 85 774 302 817; x_wconf 90' lang='lat' dir='ltr'>dociorum</span> <span class='ocrx_word' id='word_1_59' title='bbox 333 777 589 817; x_wconf 81' lang='lat' dir='ltr'>ornamentis</span> <span class='ocrx_word' id='word_1_60' title='bbox 622 776 779 828; x_wconf 87' lang='lat' dir='ltr'>donati,</span> <span class='ocrx_word' id='word_1_61' title='bbox 811 777 1107 829; x_wconf 85' lang='lat' dir='ltr'>regenerande</span> <span class='ocrx_word' id='word_1_62' title='bbox 1138 790 1216 831; x_wconf 88' lang='lat' dir='ltr'>per</span> <span class='ocrx_word' id='word_1_63' title='bbox 1247 790 1400 832; x_wconf 88' lang='lat' dir='ltr'>aquam</span> <span class='ocrx_word' id='word_1_64' title='bbox 1432 790 1527 832; x_wconf 89' lang='lat' dir='ltr'>pro-</span> 
     </span>
     <span class='ocr_line' id='line_1_10' title="bbox 84 832 1528 889; baseline 0.001 -16"><span class='ocrx_word' id='word_1_65' title='bbox 84 833 224 874; x_wconf 91' lang='lat' dir='ltr'>uincie</span> <span class='ocrx_word' id='word_1_66' title='bbox 246 833 522 875; x_wconf 90' lang='lat' dir='ltr'>ministerium</span> <span class='ocrx_word' id='word_1_67' title='bbox 543 833 820 889; x_wconf 89' lang='lat' dir='ltr'>prebuerunt.</span> <span class='ocrx_word' id='word_1_68' title='bbox 869 833 980 875; x_wconf 91' lang='lat' dir='ltr'>Item</span> <span class='ocrx_word' id='word_1_69' title='bbox 1013 832 1218 879; x_wconf 85' lang='lat' dir='ltr'>balsilicas</span> <span class='ocrx_word' id='word_1_70' title='bbox 1242 834 1528 889; x_wconf 81' lang='lat' dir='ltr'>compluribus</span> 
     </span>
     <span class='ocr_line' id='line_1_11' title="bbox 15 891 1531 948; baseline 0 -15"><span class='ocrx_word' id='word_1_71' title='bbox 15 905 52 933; x_wconf 93' lang='lat'>10</span> <span class='ocrx_word' id='word_1_72' title='bbox 83 891 126 931; x_wconf 93' lang='lat' dir='ltr'>in</span> <span class='ocrx_word' id='word_1_73' title='bbox 158 891 262 932; x_wconf 90' lang='lat' dir='ltr'>locis</span> <span class='ocrx_word' id='word_1_74' title='bbox 293 891 441 944; x_wconf 81' lang='lat' dir='ltr'>moliti,</span> <span class='ocrx_word' id='word_1_75' title='bbox 473 892 638 947; x_wconf 89' lang='lat' dir='ltr'>priuate</span> <span class='ocrx_word' id='word_1_76' title='bbox 670 891 987 947; x_wconf 83' lang='lat' dir='ltr'>supersticionis</span> <span class='ocrx_word' id='word_1_77' title='bbox 1017 892 1188 946; x_wconf 84' lang='lat' dir='ltr'>tuguria</span> <span class='ocrx_word' id='word_1_78' title='bbox 1231 892 1398 948; x_wconf 86' lang='lat' dir='ltr'>publice</span> <span class='ocrx_word' id='word_1_79' title='bbox 1437 892 1531 933; x_wconf 89' lang='lat' dir='ltr'>reli-</span> 
     </span>
     <span class='ocr_line' id='line_1_12' title="bbox 83 949 1531 1006; baseline 0.001 -17"><span class='ocrx_word' id='word_1_80' title='bbox 83 949 222 1003; x_wconf 84' lang='lat' dir='ltr'>gionis</span> <span class='ocrx_word' id='word_1_81' title='bbox 244 949 467 991; x_wconf 88' lang='lat' dir='ltr'>domiciliis</span> <span class='ocrx_word' id='word_1_82' title='bbox 489 955 776 991; x_wconf 87' lang='lat' dir='ltr'>mutauerunt.</span> <span class='ocrx_word' id='word_1_83' title='bbox 820 949 983 991; x_wconf 87' lang='lat' dir='ltr'>Eodem</span> <span class='ocrx_word' id='word_1_84' title='bbox 1008 949 1076 992; x_wconf 90' lang='lat' dir='ltr'>die</span> <span class='ocrx_word' id='word_1_85' title='bbox 1096 950 1253 1004; x_wconf 83' lang='lat' dir='ltr'>pariter</span> <span class='ocrx_word' id='word_1_86' title='bbox 1275 950 1531 1006; x_wconf 85' lang='lat' dir='ltr'>accipiendis</span> 
     </span>
     <span class='ocr_line' id='line_1_13' title="bbox 86 1007 1530 1063; baseline 0.001 -16"><span class='ocrx_word' id='word_1_87' title='bbox 86 1007 280 1048; x_wconf 89' lang='lat' dir='ltr'>obsidum</span> <span class='ocrx_word' id='word_1_88' title='bbox 313 1008 499 1063; x_wconf 88' lang='lat' dir='ltr'>reliquiis</span> <span class='ocrx_word' id='word_1_89' title='bbox 532 1012 732 1049; x_wconf 90' lang='lat' dir='ltr'>uacatum</span> <span class='ocrx_word' id='word_1_90' title='bbox 776 1012 855 1050; x_wconf 89' lang='lat' dir='ltr'>est.</span> <span class='ocrx_word' id='word_1_91' title='bbox 919 1007 1013 1056; x_wconf 82' lang='lat' dir='ltr'>Quo</span> <span class='ocrx_word' id='word_1_92' title='bbox 1046 1012 1238 1062; x_wconf 90' lang='lat' dir='ltr'>tempore</span> <span class='ocrx_word' id='word_1_93' title='bbox 1271 1008 1530 1050; x_wconf 87' lang='lat' dir='ltr'>Pomerano-</span> 
     </span>
     <span class='ocr_line' id='line_1_14' title="bbox 83 1065 1529 1122; baseline 0.001 -17"><span class='ocrx_word' id='word_1_94' title='bbox 83 1079 176 1106; x_wconf 92' lang='lat' dir='ltr'>rum</span> <span class='ocrx_word' id='word_1_95' title='bbox 198 1065 344 1120; x_wconf 78' lang='lat' dir='ltr'>duces,</span> <span class='ocrx_word' id='word_1_96' title='bbox 368 1066 440 1122; x_wconf 92' lang='lat' dir='ltr'>qui</span> <span class='ocrx_word' id='word_1_97' title='bbox 462 1065 723 1107; x_wconf 85' lang='lat' dir='ltr'>Tetislauum</span> <span class='ocrx_word' id='word_1_98' title='bbox 748 1079 878 1120; x_wconf 88' lang='lat' dir='ltr'>regno</span> <span class='ocrx_word' id='word_1_99' title='bbox 903 1065 1148 1107; x_wconf 84' lang='lat' dir='ltr'>exuendum</span> <span class='ocrx_word' id='word_1_100' title='bbox 1169 1080 1301 1121; x_wconf 89' lang='lat' dir='ltr'>seque</span> <span class='ocrx_word' id='word_1_101' title='bbox 1333 1066 1529 1120; x_wconf 86' lang='lat' dir='ltr'>Rugiane</span> 
     </span>
     <span class='ocr_line' id='line_1_15' title="bbox 83 1123 1531 1179; baseline 0.002 -17"><span class='ocrx_word' id='word_1_102' title='bbox 83 1123 145 1163; x_wconf 90' lang='lat' dir='ltr'>rei</span> <span class='ocrx_word' id='word_1_103' title='bbox 176 1123 406 1165; x_wconf 90' lang='lat' dir='ltr'>dominium</span> <span class='ocrx_word' id='word_1_104' title='bbox 437 1125 479 1164; x_wconf 90' lang='lat' dir='ltr'>in</span> <span class='ocrx_word' id='word_1_105' title='bbox 511 1124 718 1179; x_wconf 85' lang='lat' dir='ltr'>premium</span> <span class='ocrx_word' id='word_1_106' title='bbox 751 1124 902 1165; x_wconf 90' lang='lat' dir='ltr'>milicie</span> <span class='ocrx_word' id='word_1_107' title='bbox 925 1128 1172 1178; x_wconf 86' lang='lat' dir='ltr'>recepturos</span> <span class='ocrx_word' id='word_1_108' title='bbox 1204 1124 1424 1179; x_wconf 88' lang='lat' dir='ltr'>putabant,</span> <span class='ocrx_word' id='word_1_109' title='bbox 1456 1138 1531 1179; x_wconf 92' lang='lat' dir='ltr'>po-</span> 
     </span>
     <span class='ocr_line' id='line_1_16' title="bbox 15 1181 1529 1235; baseline 0.001 -12"><span class='ocrx_word' id='word_1_110' title='bbox 15 1196 52 1223; x_wconf 88' lang='lat'>15</span> <span class='ocrx_word' id='word_1_111' title='bbox 83 1181 239 1222; x_wconf 87' lang='lat' dir='ltr'>stulata</span> <span class='ocrx_word' id='word_1_112' title='bbox 282 1181 470 1224; x_wconf 90' lang='lat' dir='ltr'>abeundi</span> <span class='ocrx_word' id='word_1_113' title='bbox 515 1183 714 1235; x_wconf 86' lang='lat' dir='ltr'>licencia,</span> <span class='ocrx_word' id='word_1_114' title='bbox 762 1182 969 1223; x_wconf 87' lang='lat' dir='ltr'>amicicias</span> <span class='ocrx_word' id='word_1_115' title='bbox 1018 1182 1252 1223; x_wconf 87' lang='lat' dir='ltr'>hostilitate</span> <span class='ocrx_word' id='word_1_116' title='bbox 1297 1186 1529 1224; x_wconf 85' lang='lat' dir='ltr'>mutarunt.</span> 
     </span>
     <span class='ocr_line' id='line_1_17' title="bbox 87 1238 1531 1296; baseline 0 -16"><span class='ocrx_word' id='word_1_117' title='bbox 87 1238 178 1286; x_wconf 81' lang='lat' dir='ltr'>Que</span> <span class='ocrx_word' id='word_1_118' title='bbox 210 1254 277 1280; x_wconf 84' lang='lat' dir='ltr'>res</span> <span class='ocrx_word' id='word_1_119' title='bbox 308 1241 408 1294; x_wconf 92' lang='lat' dir='ltr'>ipsis</span> <span class='ocrx_word' id='word_1_120' title='bbox 440 1247 538 1296; x_wconf 89' lang='lat' dir='ltr'>post</span> <span class='ocrx_word' id='word_1_121' title='bbox 570 1241 744 1281; x_wconf 89' lang='lat' dir='ltr'>modum</span> <span class='ocrx_word' id='word_1_122' title='bbox 776 1254 824 1281; x_wconf 88' lang='lat' dir='ltr'>ac</span> <span class='ocrx_word' id='word_1_123' title='bbox 856 1239 991 1282; x_wconf 89' lang='lat' dir='ltr'>Danis</span> <span class='ocrx_word' id='word_1_124' title='bbox 1022 1240 1194 1294; x_wconf 85' lang='lat' dir='ltr'>longam</span> <span class='ocrx_word' id='word_1_125' title='bbox 1244 1240 1342 1281; x_wconf 91' lang='lat' dir='ltr'>belli</span> <span class='ocrx_word' id='word_1_126' title='bbox 1373 1240 1531 1281; x_wconf 88' lang='lat' dir='ltr'>discor-</span> 
     </span>
     <span class='ocr_line' id='line_1_18' title="bbox 85 1296 1529 1354; baseline 0.001 -17"><span class='ocrx_word' id='word_1_127' title='bbox 85 1296 198 1338; x_wconf 88' lang='lat' dir='ltr'>diam</span> <span class='ocrx_word' id='word_1_128' title='bbox 230 1298 454 1340; x_wconf 88' lang='lat' dir='ltr'>interiecit.</span> <span class='ocrx_word' id='word_1_129' title='bbox 502 1297 693 1353; x_wconf 87' lang='lat' dir='ltr'>Vespere</span> <span class='ocrx_word' id='word_1_130' title='bbox 726 1302 851 1354; x_wconf 88' lang='lat' dir='ltr'>portu</span> <span class='ocrx_word' id='word_1_131' title='bbox 884 1299 1100 1340; x_wconf 87' lang='lat' dir='ltr'>soluentes</span> <span class='ocrx_word' id='word_1_132' title='bbox 1132 1312 1178 1339; x_wconf 88' lang='lat' dir='ltr'>se</span> <span class='ocrx_word' id='word_1_133' title='bbox 1209 1297 1260 1339; x_wconf 89' lang='lat' dir='ltr'>ad</span> <span class='ocrx_word' id='word_1_134' title='bbox 1294 1299 1529 1353; x_wconf 85' lang='lat' dir='ltr'>proximam</span> 
     </span>
     <span class='ocr_line' id='line_1_19' title="bbox 86 1355 1529 1412; baseline 0.001 -16"><span class='ocrx_word' id='word_1_135' title='bbox 86 1355 314 1397; x_wconf 88' lang='lat' dir='ltr'>continenti</span> <span class='ocrx_word' id='word_1_136' title='bbox 352 1357 534 1397; x_wconf 90' lang='lat' dir='ltr'>insulam</span> <span class='ocrx_word' id='word_1_137' title='bbox 576 1358 843 1412; x_wconf 85' lang='lat' dir='ltr'>appulerunt.</span> <span class='ocrx_word' id='word_1_138' title='bbox 914 1356 1008 1398; x_wconf 92' lang='lat' dir='ltr'>Illic</span> <span class='ocrx_word' id='word_1_139' title='bbox 1039 1357 1128 1410; x_wconf 84' lang='lat' dir='ltr'>regi</span> <span class='ocrx_word' id='word_1_140' title='bbox 1172 1360 1337 1410; x_wconf 88' lang='lat' dir='ltr'>septem</span> <span class='ocrx_word' id='word_1_141' title='bbox 1369 1356 1529 1411; x_wconf 89' lang='lat' dir='ltr'>equalis</span> 
     </span>
     <span class='ocr_line' id='line_1_20' title="bbox 85 1414 1532 1470; baseline 0 -16"><span class='ocrx_word' id='word_1_142' title='bbox 85 1414 386 1468; x_wconf 86' lang='lat' dir='ltr'>magnitudinis</span> <span class='ocrx_word' id='word_1_143' title='bbox 438 1429 559 1470; x_wconf 83' lang='lat' dir='ltr'>arce,</span> <span class='ocrx_word' id='word_1_144' title='bbox 612 1418 860 1456; x_wconf 89' lang='lat' dir='ltr'>consecrata</span> <span class='ocrx_word' id='word_1_145' title='bbox 914 1414 1090 1457; x_wconf 87' lang='lat' dir='ltr'>deorum</span> <span class='ocrx_word' id='word_1_146' title='bbox 1139 1415 1297 1455; x_wconf 90' lang='lat' dir='ltr'>numini</span> <span class='ocrx_word' id='word_1_147' title='bbox 1348 1414 1532 1469; x_wconf 88' lang='lat' dir='ltr'>pecunia</span> 
     </span>
     <span class='ocr_line' id='line_1_21' title="bbox 15 1471 1531 1528; baseline 0.001 -17"><span class='ocrx_word' id='word_1_148' title='bbox 15 1485 54 1512; x_wconf 82' lang='lat'>20</span> <span class='ocrx_word' id='word_1_149' title='bbox 84 1471 250 1521; x_wconf 89' lang='lat' dir='ltr'>referte,</span> <span class='ocrx_word' id='word_1_150' title='bbox 283 1487 306 1513; x_wconf 87' lang='lat' dir='ltr'>a</span> <span class='ocrx_word' id='word_1_151' title='bbox 336 1472 543 1528; x_wconf 88' lang='lat' dir='ltr'>Rugianis</span> <span class='ocrx_word' id='word_1_152' title='bbox 575 1473 702 1514; x_wconf 86' lang='lat' dir='ltr'>allate</span> <span class='ocrx_word' id='word_1_153' title='bbox 743 1477 852 1514; x_wconf 88' lang='lat' dir='ltr'>sunt.</span> <span class='ocrx_word' id='word_1_154' title='bbox 914 1472 994 1514; x_wconf 89' lang='lat' dir='ltr'>His</span> <span class='ocrx_word' id='word_1_155' title='bbox 1025 1473 1234 1528; x_wconf 87' lang='lat' dir='ltr'>peractis,</span> <span class='ocrx_word' id='word_1_156' title='bbox 1274 1471 1531 1513; x_wconf 88' lang='lat' dir='ltr'>remittende</span> 
     </span>
     <span class='ocr_line' id='line_1_22' title="bbox 85 1529 1529 1586; baseline -0.001 -15"><span class='ocrx_word' id='word_1_157' title='bbox 85 1530 373 1585; x_wconf 87' lang='lat' dir='ltr'>expedicionis</span> <span class='ocrx_word' id='word_1_158' title='bbox 415 1530 629 1572; x_wconf 90' lang='lat' dir='ltr'>decretum</span> <span class='ocrx_word' id='word_1_159' title='bbox 675 1531 890 1586; x_wconf 86' lang='lat' dir='ltr'>uulgatur.</span> <span class='ocrx_word' id='word_1_160' title='bbox 967 1530 1062 1578; x_wconf 80' lang='lat' dir='ltr'>Qua</span> <span class='ocrx_word' id='word_1_161' title='bbox 1105 1544 1297 1585; x_wconf 77' lang='lat' dir='ltr'>reuersa,</span> <span class='ocrx_word' id='word_1_162' title='bbox 1339 1529 1529 1571; x_wconf 81' lang='lat' dir='ltr'>Absalon</span> 
     </span>
     <span class='ocr_line' id='line_1_23' title="bbox 84 1588 1528 1643; baseline 0 -15"><span class='ocrx_word' id='word_1_163' title='bbox 84 1601 222 1629; x_wconf 88' lang='lat' dir='ltr'>nouos</span> <span class='ocrx_word' id='word_1_164' title='bbox 254 1589 494 1631; x_wconf 88' lang='lat' dir='ltr'>sacerdotes</span> <span class='ocrx_word' id='word_1_165' title='bbox 525 1603 607 1631; x_wconf 88' lang='lat' dir='ltr'>non</span> <span class='ocrx_word' id='word_1_166' title='bbox 643 1589 777 1630; x_wconf 90' lang='lat' dir='ltr'>solum</span> <span class='ocrx_word' id='word_1_167' title='bbox 810 1588 967 1631; x_wconf 90' lang='lat' dir='ltr'>ordinis</span> <span class='ocrx_word' id='word_1_168' title='bbox 1001 1590 1068 1629; x_wconf 91' lang='lat' dir='ltr'>sui</span> <span class='ocrx_word' id='word_1_169' title='bbox 1098 1588 1349 1643; x_wconf 75' lang='lat' dir='ltr'>insignibus,</span> <span class='ocrx_word' id='word_1_170' title='bbox 1382 1602 1528 1629; x_wconf 87' lang='lat' dir='ltr'>uerum</span> 
     </span>
     <span class='ocr_line' id='line_1_24' title="bbox 84 1645 1530 1701; baseline -0.001 -14"><span class='ocrx_word' id='word_1_171' title='bbox 84 1646 215 1687; x_wconf 88' lang='lat' dir='ltr'>eciam</span> <span class='ocrx_word' id='word_1_172' title='bbox 249 1647 551 1694; x_wconf 86' lang='lat' dir='ltr'>commeatibus</span> <span class='ocrx_word' id='word_1_173' title='bbox 581 1648 829 1698; x_wconf 87' lang='lat' dir='ltr'>instructos,</span> <span class='ocrx_word' id='word_1_174' title='bbox 861 1647 1071 1688; x_wconf 88' lang='lat' dir='ltr'>reuocatis</span> <span class='ocrx_word' id='word_1_175' title='bbox 1102 1647 1337 1701; x_wconf 75' lang='lat' dir='ltr'>prioribus,</span> <span class='ocrx_word' id='word_1_176' title='bbox 1369 1646 1412 1686; x_wconf 92' lang='lat' dir='ltr'>in</span> <span class='ocrx_word' id='word_1_177' title='bbox 1443 1645 1530 1686; x_wconf 86' lang='lat' dir='ltr'>Ru-</span> 
     </span>
     <span class='ocr_line' id='line_1_25' title="bbox 85 1704 1531 1760; baseline 0 -16"><span class='ocrx_word' id='word_1_178' title='bbox 85 1704 196 1758; x_wconf 90' lang='lat' dir='ltr'>giam</span> <span class='ocrx_word' id='word_1_179' title='bbox 221 1705 450 1760; x_wconf 87' lang='lat' dir='ltr'>delegauit,</span> <span class='ocrx_word' id='word_1_180' title='bbox 482 1720 536 1747; x_wconf 90' lang='lat' dir='ltr'>ne</span> <span class='ocrx_word' id='word_1_181' title='bbox 560 1706 708 1747; x_wconf 88' lang='lat' dir='ltr'>alienis</span> <span class='ocrx_word' id='word_1_182' title='bbox 730 1705 929 1760; x_wconf 87' lang='lat' dir='ltr'>impensis</span> <span class='ocrx_word' id='word_1_183' title='bbox 955 1704 1130 1758; x_wconf 81' lang='lat' dir='ltr'>utendo,</span> <span class='ocrx_word' id='word_1_184' title='bbox 1162 1705 1381 1759; x_wconf 81' lang='lat' dir='ltr'>populum,</span> <span class='ocrx_word' id='word_1_185' title='bbox 1406 1716 1531 1759; x_wconf 89' lang='lat' dir='ltr'>quem</span> 
     </span>
     <span class='ocr_line' id='line_1_26' title="bbox 15 1762 1530 1817; baseline -0.001 -14"><span class='ocrx_word' id='word_1_186' title='bbox 15 1776 53 1803; x_wconf 85' lang='lat'>25</span> <span class='ocrx_word' id='word_1_187' title='bbox 83 1763 214 1804; x_wconf 88' lang='lat' dir='ltr'>sacris</span> <span class='ocrx_word' id='word_1_188' title='bbox 246 1763 511 1805; x_wconf 85' lang='lat' dir='ltr'>documentis</span> <span class='ocrx_word' id='word_1_189' title='bbox 544 1763 748 1804; x_wconf 87' lang='lat' dir='ltr'>erudituri</span> <span class='ocrx_word' id='word_1_190' title='bbox 783 1767 919 1816; x_wconf 77' lang='lat' dir='ltr'>erant,</span> <span class='ocrx_word' id='word_1_191' title='bbox 953 1763 995 1804; x_wconf 90' lang='lat' dir='ltr'>in</span> <span class='ocrx_word' id='word_1_192' title='bbox 1017 1762 1237 1817; x_wconf 79' lang='lat' dir='ltr'>exigendis</span> <span class='ocrx_word' id='word_1_193' title='bbox 1267 1763 1354 1804; x_wconf 85' lang='lat' dir='ltr'>uite</span> <span class='ocrx_word' id='word_1_194' title='bbox 1385 1774 1530 1802; x_wconf 86' lang='lat' dir='ltr'>neces-</span> 
     </span>
     <span class='ocr_line' id='line_1_27' title="bbox 85 1820 1530 1876; baseline -0.002 -14"><span class='ocrx_word' id='word_1_195' title='bbox 85 1821 201 1862; x_wconf 90' lang='lat' dir='ltr'>sariis</span> <span class='ocrx_word' id='word_1_196' title='bbox 234 1825 472 1863; x_wconf 90' lang='lat' dir='ltr'>onerarent.</span> <span class='ocrx_word' id='word_1_197' title='bbox 532 1820 623 1863; x_wconf 88' lang='lat' dir='ltr'>Nec</span> <span class='ocrx_word' id='word_1_198' title='bbox 654 1821 960 1876; x_wconf 88' lang='lat' dir='ltr'>predicacionis</span> <span class='ocrx_word' id='word_1_199' title='bbox 1005 1834 1150 1862; x_wconf 91' lang='lat' dir='ltr'>eorum</span> <span class='ocrx_word' id='word_1_200' title='bbox 1192 1820 1423 1861; x_wconf 89' lang='lat' dir='ltr'>ministerio</span> <span class='ocrx_word' id='word_1_201' title='bbox 1454 1820 1530 1859; x_wconf 92' lang='lat' dir='ltr'>mi-</span> 
     </span>
     <span class='ocr_line' id='line_1_28' title="bbox 85 1877 1530 1935; baseline -0.001 -16"><span class='ocrx_word' id='word_1_202' title='bbox 85 1880 230 1920; x_wconf 90' lang='lat' dir='ltr'>racula</span> <span class='ocrx_word' id='word_1_203' title='bbox 262 1879 446 1921; x_wconf 87' lang='lat' dir='ltr'>defuere.</span> <span class='ocrx_word' id='word_1_204' title='bbox 508 1879 726 1935; x_wconf 85' lang='lat' dir='ltr'>Siquidem</span> <span class='ocrx_word' id='word_1_205' title='bbox 759 1879 1046 1934; x_wconf 87' lang='lat' dir='ltr'>compluribus</span> <span class='ocrx_word' id='word_1_206' title='bbox 1091 1878 1308 1919; x_wconf 86' lang='lat' dir='ltr'>debilitate</span> <span class='ocrx_word' id='word_1_207' title='bbox 1341 1877 1530 1932; x_wconf 87' lang='lat' dir='ltr'>corporis</span> 
     </span>
     <span class='ocr_line' id='line_1_29' title="bbox 86 1935 1531 1992; baseline -0.002 -14"><span class='ocrx_word' id='word_1_208' title='bbox 86 1937 281 1979; x_wconf 89' lang='lat' dir='ltr'>resolutis</span> <span class='ocrx_word' id='word_1_209' title='bbox 314 1952 390 1992; x_wconf 90' lang='lat' dir='ltr'>per</span> <span class='ocrx_word' id='word_1_210' title='bbox 421 1951 569 1979; x_wconf 89' lang='lat' dir='ltr'>eorum</span> <span class='ocrx_word' id='word_1_211' title='bbox 609 1938 817 1980; x_wconf 85' lang='lat' dir='ltr'>salutares</span> <span class='ocrx_word' id='word_1_212' title='bbox 848 1951 997 1992; x_wconf 86' lang='lat' dir='ltr'>preces</span> <span class='ocrx_word' id='word_1_213' title='bbox 1040 1937 1149 1978; x_wconf 92' lang='lat' dir='ltr'>bone</span> <span class='ocrx_word' id='word_1_214' title='bbox 1180 1935 1427 1977; x_wconf 86' lang='lat' dir='ltr'>ualitudinis</span> <span class='ocrx_word' id='word_1_215' title='bbox 1458 1935 1531 1975; x_wconf 91' lang='lat' dir='ltr'>ha-</span> 
     </span>
     <span class='ocr_line' id='line_1_30' title="bbox 86 1994 1530 2051; baseline -0.001 -16"><span class='ocrx_word' id='word_1_216' title='bbox 86 1994 200 2036; x_wconf 89' lang='lat' dir='ltr'>bitus</span> <span class='ocrx_word' id='word_1_217' title='bbox 223 2000 496 2050; x_wconf 89' lang='lat' dir='ltr'>recuperatus</span> <span class='ocrx_word' id='word_1_218' title='bbox 518 2003 606 2049; x_wconf 76' lang='lat' dir='ltr'>est3</span> <span class='ocrx_word' id='word_1_219' title='bbox 640 1995 753 2051; x_wconf 90' lang='lat' dir='ltr'>quod</span> <span class='ocrx_word' id='word_1_220' title='bbox 776 1997 926 2050; x_wconf 88' lang='lat' dir='ltr'>pocius</span> <span class='ocrx_word' id='word_1_221' title='bbox 949 1995 1150 2036; x_wconf 89' lang='lat' dir='ltr'>lucrande</span> <span class='ocrx_word' id='word_1_222' title='bbox 1173 1994 1310 2048; x_wconf 83' lang='lat' dir='ltr'>gent-is</span> <span class='ocrx_word' id='word_1_223' title='bbox 1333 1996 1530 2048; x_wconf 86' lang='lat' dir='ltr'>respectu</span> 
     </span>
     <span class='ocr_line' id='line_1_31' title="bbox 18 2050 1531 2108; baseline -0.003 -13"><span class='ocrx_word' id='word_1_224' title='bbox 18 2067 56 2095; x_wconf 86' lang='lat'>30</span> <span class='ocrx_word' id='word_1_225' title='bbox 87 2067 211 2108; x_wconf 90' lang='lat' dir='ltr'>quam</span> <span class='ocrx_word' id='word_1_226' title='bbox 263 2054 530 2095; x_wconf 84' lang='lat' dir='ltr'>sacerdotum</span> <span class='ocrx_word' id='word_1_227' title='bbox 574 2054 788 2095; x_wconf 85' lang='lat' dir='ltr'>sanctitati</span> <span class='ocrx_word' id='word_1_228' title='bbox 840 2053 1042 2094; x_wconf 89' lang='lat' dir='ltr'>diuinitus</span> <span class='ocrx_word' id='word_1_229' title='bbox 1093 2065 1343 2093; x_wconf 88' lang='lat' dir='ltr'>concessum</span> <span class='ocrx_word' id='word_1_230' title='bbox 1396 2050 1531 2091; x_wconf 89' lang='lat' dir='ltr'>uideri</span> 
     </span>
     <span class='ocr_line' id='line_1_32' title="bbox 86 2108 1532 2167; baseline -0.003 -14"><span class='ocrx_word' id='word_1_231' title='bbox 86 2116 241 2166; x_wconf 89' lang='lat' dir='ltr'>potest.</span> <span class='ocrx_word' id='word_1_232' title='bbox 304 2112 341 2152; x_wconf 89' lang='lat' dir='ltr'>A</span> <span class='ocrx_word' id='word_1_233' title='bbox 375 2112 526 2167; x_wconf 91' lang='lat' dir='ltr'>quibus</span> <span class='ocrx_word' id='word_1_234' title='bbox 557 2113 691 2154; x_wconf 87' lang='lat' dir='ltr'>eciam</span> <span class='ocrx_word' id='word_1_235' title='bbox 714 2111 907 2153; x_wconf 87' lang='lat' dir='ltr'>detracte</span> <span class='ocrx_word' id='word_1_236' title='bbox 928 2111 1144 2165; x_wconf 86' lang='lat' dir='ltr'>religionis</span> <span class='ocrx_word' id='word_1_237' title='bbox 1177 2110 1381 2165; x_wconf 89' lang='lat' dir='ltr'>supplicia</span> <span class='ocrx_word' id='word_1_238' title='bbox 1413 2108 1532 2150; x_wconf 89' lang='lat' dir='ltr'>uaria</span> 
     </span>
     <span class='ocr_line' id='line_1_33' title="bbox 86 2167 1532 2225; baseline -0.002 -15"><span class='ocrx_word' id='word_1_239' title='bbox 86 2170 371 2211; x_wconf 88' lang='lat' dir='ltr'>membrorum</span> <span class='ocrx_word' id='word_1_240' title='bbox 396 2174 538 2225; x_wconf 84' lang='lat' dir='ltr'>strage</span> <span class='ocrx_word' id='word_1_241' title='bbox 559 2170 748 2225; x_wconf 84' lang='lat' dir='ltr'>grauiter</span> <span class='ocrx_word' id='word_1_242' title='bbox 770 2169 1064 2224; x_wconf 85' lang='lat' dir='ltr'>exigebantur,</span> <span class='ocrx_word' id='word_1_243' title='bbox 1091 2172 1138 2209; x_wconf 92' lang='lat' dir='ltr'>ut</span> <span class='ocrx_word' id='word_1_244' title='bbox 1160 2167 1381 2209; x_wconf 88' lang='lat' dir='ltr'>manifeste</span> <span class='ocrx_word' id='word_1_245' title='bbox 1404 2167 1532 2208; x_wconf 90' lang='lat' dir='ltr'>deum</span> 
     </span>
     <span class='ocr_line' id='line_1_34' title="bbox 87 2224 1531 2282; baseline -0.003 -14"><span class='ocrx_word' id='word_1_246' title='bbox 87 2233 130 2268; x_wconf 89' lang='lat' dir='ltr'>et</span> <span class='ocrx_word' id='word_1_247' title='bbox 177 2228 313 2269; x_wconf 90' lang='lat' dir='ltr'>cultus</span> <span class='ocrx_word' id='word_1_248' title='bbox 364 2229 429 2269; x_wconf 88' lang='lat' dir='ltr'>sui</span> <span class='ocrx_word' id='word_1_249' title='bbox 467 2228 675 2282; x_wconf 86' lang='lat' dir='ltr'>premium</span> <span class='ocrx_word' id='word_1_250' title='bbox 715 2232 757 2269; x_wconf 87' lang='lat' dir='ltr'>et</span> <span class='ocrx_word' id='word_1_251' title='bbox 797 2231 1066 2282; x_wconf 90' lang='lat' dir='ltr'>contemptus</span> <span class='ocrx_word' id='word_1_252' title='bbox 1107 2225 1336 2267; x_wconf 91' lang='lat' dir='ltr'>uindictam</span> <span class='ocrx_word' id='word_1_253' title='bbox 1380 2224 1531 2266; x_wconf 83' lang='lat' dir='ltr'>afferre</span> 
     </span>
     <span class='ocr_line' id='line_1_35' title="bbox 86 2281 1530 2342; baseline -0.003 -15"><span class='ocrx_word' id='word_1_254' title='bbox 86 2290 273 2341; x_wconf 70' lang='lat' dir='ltr'>putares</span> <span class='ocrx_word' id='word_1_255' title='bbox 346 2286 511 2328; x_wconf 89' lang='lat' dir='ltr'>Ibidem</span> <span class='ocrx_word' id='word_1_256' title='bbox 552 2300 722 2342; x_wconf 92' lang='lat' dir='ltr'>quoque</span> <span class='ocrx_word' id='word_1_257' title='bbox 764 2299 900 2341; x_wconf 92' lang='lat' dir='ltr'>nuper</span> <span class='ocrx_word' id='word_1_258' title='bbox 942 2286 1099 2327; x_wconf 87' lang='lat' dir='ltr'>clarum</span> <span class='ocrx_word' id='word_1_259' title='bbox 1139 2283 1318 2324; x_wconf 85' lang='lat' dir='ltr'>inauditi</span> <span class='ocrx_word' id='word_1_260' title='bbox 1361 2281 1530 2338; x_wconf 84' lang='lat' dir='ltr'>generis</span> 
     </span>
     <span class='ocr_line' id='line_1_36' title="bbox 37 2341 1530 2398; baseline -0.003 -13"><span class='ocrx_word' id='word_1_261' title='bbox 37 2358 54 2386; x_wconf 87' lang='lat'><strong>5</strong></span> <span class='ocrx_word' id='word_1_262' title='bbox 84 2343 332 2385; x_wconf 86' lang='lat' dir='ltr'>miraculum</span> <span class='ocrx_word' id='word_1_263' title='bbox 376 2344 534 2386; x_wconf 89' lang='lat' dir='ltr'>incidit.</span> <span class='ocrx_word' id='word_1_264' title='bbox 605 2345 802 2385; x_wconf 86' lang='lat' dir='ltr'>Matrona</span> <span class='ocrx_word' id='word_1_265' title='bbox 845 2343 1051 2398; x_wconf 78' lang='lat' dir='ltr'>quedam,</span> <span class='ocrx_word' id='word_1_266' title='bbox 1097 2356 1122 2382; x_wconf 93' lang='lat' dir='ltr'>a</span> <span class='ocrx_word' id='word_1_267' title='bbox 1167 2342 1259 2382; x_wconf 86' lang='lat' dir='ltr'>uiro</span> <span class='ocrx_word' id='word_1_268' title='bbox 1303 2341 1530 2381; x_wconf 88' lang='lat' dir='ltr'>immerens</span> 
     </span>
     <span class='ocr_line' id='line_1_37' title="bbox 87 2396 1531 2457; baseline -0.004 -14"><span class='ocrx_word' id='word_1_269' title='bbox 87 2401 284 2443; x_wconf 87' lang='lat' dir='ltr'>adulterii</span> <span class='ocrx_word' id='word_1_270' title='bbox 313 2402 567 2454; x_wconf 84' lang='lat' dir='ltr'>insimulata,</span> <span class='ocrx_word' id='word_1_271' title='bbox 600 2416 697 2443; x_wconf 89' lang='lat' dir='ltr'>cum</span> <span class='ocrx_word' id='word_1_272' title='bbox 716 2400 939 2457; x_wconf 87' lang='lat' dir='ltr'>purgande</span> <span class='ocrx_word' id='word_1_273' title='bbox 959 2400 1131 2442; x_wconf 89' lang='lat' dir='ltr'>infamie</span> <span class='ocrx_word' id='word_1_274' title='bbox 1162 2398 1303 2453; x_wconf 85' lang='lat' dir='ltr'>gracia</span> <span class='ocrx_word' id='word_1_275' title='bbox 1335 2396 1531 2439; x_wconf 89' lang='lat' dir='ltr'>candenti</span> 
     </span>
     <span class='ocr_line' id='line_1_38' title="bbox 85 2456 1532 2512; baseline -0.003 -12"><span class='ocrx_word' id='word_1_276' title='bbox 85 2459 240 2501; x_wconf 85' lang='lat' dir='ltr'>lamine</span> <span class='ocrx_word' id='word_1_277' title='bbox 272 2459 494 2502; x_wconf 86' lang='lat' dir='ltr'>dexteram</span> <span class='ocrx_word' id='word_1_278' title='bbox 527 2460 762 2511; x_wconf 85' lang='lat' dir='ltr'>obtulisset,</span> <span class='ocrx_word' id='word_1_279' title='bbox 779 2459 917 2501; x_wconf 86' lang='lat' dir='ltr'>subito</span> <span class='ocrx_word' id='word_1_280' title='bbox 949 2459 1120 2508; x_wconf 85' lang='lat' dir='ltr'>ferrum,</span> <span class='ocrx_word' id='word_1_281' title='bbox 1153 2456 1264 2512; x_wconf 90' lang='lat' dir='ltr'>quod</span> <span class='ocrx_word' id='word_1_282' title='bbox 1299 2460 1532 2510; x_wconf 83' lang='lat' dir='ltr'>exceptura</span> 
     </span>
     <span class='ocr_line' id='line_1_39' title="bbox 89 2513 1531 2574; baseline -0.004 -15"><span class='ocrx_word' id='word_1_283' title='bbox 89 2521 203 2568; x_wconf 89' lang='lat' dir='ltr'>erat,</span> <span class='ocrx_word' id='word_1_284' title='bbox 254 2517 430 2573; x_wconf 89' lang='lat' dir='ltr'>perinde</span> <span class='ocrx_word' id='word_1_285' title='bbox 476 2523 603 2574; x_wconf 89' lang='lat' dir='ltr'>atque</span> <span class='ocrx_word' id='word_1_286' title='bbox 645 2518 821 2559; x_wconf 90' lang='lat' dir='ltr'>innoxie</span> <span class='ocrx_word' id='word_1_287' title='bbox 852 2530 1002 2558; x_wconf 87' lang='lat' dir='ltr'>manus</span> <span class='ocrx_word' id='word_1_288' title='bbox 1055 2518 1295 2557; x_wconf 87' lang='lat' dir='ltr'>contactum</span> <span class='ocrx_word' id='word_1_289' title='bbox 1345 2513 1531 2568; x_wconf 81' lang='lat' dir='ltr'>fugiens,</span> 
     </span>
    </p>
   </div>
   <div class='ocr_carea' id='block_1_3' title="bbox 88 2571 1563 2631">
    <p class='ocr_par' dir='ltr' id='par_1_3' title="bbox 88 2571 1563 2631">
     <span class='ocr_line' id='line_1_40' title="bbox 88 2571 1563 2631; baseline -0.005 -14"><span class='ocrx_word' id='word_1_290' title='bbox 88 2575 280 2627; x_wconf 79' lang='lat' dir='ltr'>neglecto</span> <span class='ocrx_word' id='word_1_291' title='bbox 325 2575 538 2631; x_wconf 80' lang='lat' dir='ltr'>pondere,</span> <span class='ocrx_word' id='word_1_292' title='bbox 578 2576 757 2617; x_wconf 89' lang='lat' dir='ltr'>sublime</span> <span class='ocrx_word' id='word_1_293' title='bbox 797 2589 842 2616; x_wconf 88' lang='lat' dir='ltr'>se</span> <span class='ocrx_word' id='word_1_294' title='bbox 886 2575 1064 2624; x_wconf 82' lang='lat' dir='ltr'>extulit,</span> <span class='ocrx_word' id='word_1_295' title='bbox 1107 2571 1380 2628; x_wconf 88' lang='lat' dir='ltr'>penduloque</span> <span class='ocrx_word' id='word_1_296' title='bbox 1411 2573 1530 2612; x_wconf 84' lang='lat' dir='ltr'>motu</span> <span class='ocrx_word' id='word_1_297' title='bbox 1562 2620 1563 2623; x_wconf 11' lang='grc' dir='ltr'><strong>Ἴ</strong></span> 
     </span>
    </p>
   </div>
   <div class='ocr_carea' id='block_1_4' title="bbox 39 2628 1532 2733">
    <p class='ocr_par' dir='ltr' id='par_1_4' title="bbox 39 2628 1532 2733">
     <span class='ocr_line' id='line_1_41' title="bbox 39 2628 1532 2688; baseline -0.004 -14"><span class='ocrx_word' id='word_1_298' title='bbox 39 2646 56 2674; x_wconf 91' lang='lat'>0</span> <span class='ocrx_word' id='word_1_299' title='bbox 85 2628 319 2688; x_wconf 75' lang='lat' dir='ltr'>gradientis</span> <span class='ocrx_word' id='word_1_300' title='bbox 370 2634 528 2676; x_wconf 87' lang='lat' dir='ltr'>femine</span> <span class='ocrx_word' id='word_1_301' title='bbox 579 2635 790 2675; x_wconf 88' lang='lat' dir='ltr'>incessum</span> <span class='ocrx_word' id='word_1_302' title='bbox 841 2633 1072 2682; x_wconf 87' lang='lat' dir='ltr'>comitans,</span> <span class='ocrx_word' id='word_1_303' title='bbox 1125 2645 1217 2671; x_wconf 93' lang='lat' dir='ltr'>cum</span> <span class='ocrx_word' id='word_1_304' title='bbox 1271 2636 1370 2670; x_wconf 85' lang='lat' dir='ltr'>ante</span> <span class='ocrx_word' id='word_1_305' title='bbox 1414 2642 1532 2670; x_wconf 87' lang='lat' dir='ltr'>aram</span> 
     </span>
     <span class='ocr_line' id='line_1_42' title="bbox 1325 2695 1394 2733; baseline 0 0"><span class='ocrx_word' id='word_1_306' title='bbox 1325 2695 1394 2733; x_wconf 84' lang='lat'>37*</span> 
     </span>
    </p>
   </div>
   <div class='ocr_carea' id='block_1_5' title="bbox 1583 844 1683 876">
    <p class='ocr_par' dir='ltr' id='par_1_5' title="bbox 1583 844 1683 876">
     <span class='ocr_line' id='line_1_43' title="bbox 1583 844 1683 876; baseline -0.02 -5"><span class='ocrx_word' id='word_1_307' title='bbox 1583 851 1612 876; x_wconf 72' lang='lat' dir='ltr'>p.</span> <span class='ocrx_word' id='word_1_308' title='bbox 1633 844 1683 869; x_wconf 78' lang='lat'>845</span> 
     </span>
    </p>
   </div>
  </div>
 </body>
</html>
