1884 3126
44 916 81 943 10

44 1206 81 1234 15

42 1496 80 1524 20

46 1786 82 1815 25

42 2075 80 2103 30

44 2363 79 2391 35

46 2652 81 2680 40

653 271 708 279 --
767 246 905 290 XIIII
964 271 1018 277 ——
1474 247 1556 288 465

115 374 253 416 derint
291 373 543 430 pre[si]diis,
585 374 882 429 possidendos.
959 375 1292 417 Inundacionem
1332 374 1557 417 comitatur

113 432 332 482 feracitas3
375 434 564 487 gramine
604 433 727 474 tellus
768 436 991 476 exuberat.
1063 433 1309 476 Torrefacta
1349 434 1389 474 in
1428 433 1558 475 salem

115 490 241 556 gleba
281 490 542 546 decoquitur.
610 490 778 546 Hyeme
827 492 1026 534 continuo
1070 493 1231 533 celatur
1272 495 1386 546 estu,
1420 492 1558 546 stagni

115 549 297 604 speciem
328 549 605 604 prebentibus
637 548 807 603 campis,
841 549 955 591 unde
988 553 1041 601 et,
1068 549 1109 590 in
1151 564 1233 604 qua
1265 563 1404 591 lerum
1437 553 1558 605 parte

112 606 292 648 locanda
322 607 459 660 fuerit,
493 620 600 662 pene
632 607 878 661 ambiguum
905 611 1055 649 natura
1076 607 1188 661 fecit,
1221 622 1315 648 cum
1346 607 1427 648 alia
1458 607 1559 649 anni

113 671 234 719 parte
265 665 552 731 nauigacionis
583 665 778 720 paciens
810 665 890 706 alia
923 666 1052 706 aratri
1084 679 1220 721 capax
1260 666 1428 708 existat.
1488 665 1558 707 In-

114 723 203 764 cole
246 724 335 764 eius
376 728 531 764 natura
572 724 759 776 t',eroces
802 723 1053 778 emporibus
1105 723 1258 778 agiles,
1299 724 1466 765 anxiam
1516 727 1559 766 et

115 794 291 835 grauem
306 785 560 822 armaturam
579 786 877 836 contemnunt3
901 781 1105 822 ancilibus
1123 786 1313 835 utuntur,
1329 782 1558 824 missilibus

115 839 328 881 dimicant.
382 839 520 893 Agros
542 840 758 881 scrobibus
783 840 983 894 cingunt3
1017 840 1149 881 saltus
1178 844 1183 889 Ι
1211 839 1390 881 contulis
1413 840 1557 882 edunt.

111 897 296 938 Penates
327 897 370 938 in
414 897 576 938 editum
615 898 803 939 subiecto
846 898 1066 952 glebarum
1108 912 1260 939 aceruo
1302 898 1557 952 prouehunt.

114 954 205 997 Hos
236 969 260 996 a
284 954 509 996 Frisonum
542 960 669 1010 gente
702 956 908 1002 conditos,
941 955 1120 998 nominis
1144 962 1185 996 et
1211 956 1355 1010 lingue
1377 957 1557 999 societas

111 1013 352 1054 testimonio
386 1018 471 1066 est;
511 1014 664 1068 quibus
696 1028 830 1055 nouas
874 1014 1146 1069 querentibus
1190 1014 1311 1055 sedes
1357 1028 1406 1054 ea
1447 1015 1555 1057 forte

113 1071 238 1112 tellus
273 1071 468 1125 obuenit3
502 1085 627 1126 quam
660 1073 891 1127 palustrem
915 1073 1096 1127 primum
1119 1086 1167 1113 ac
1194 1071 1409 1113 humidam
1430 1073 1557 1128 longo

113 1128 322 1170 durauere
345 1129 472 1170 cultu.
524 1129 868 1172 Amministracio
893 1129 1044 1172 deinde
1065 1130 1281 1185 prouincie
1303 1130 1382 1171 sub
1404 1132 1557 1172 nostris

112 1187 283 1241 regibus
318 1202 410 1230 esse
443 1189 568 1242 cepit.
629 1190 666 1229 A
701 1202 782 1243 qua
815 1188 1013 1230 Kanutus
1058 1202 1151 1229 cum
1180 1188 1289 1229 forte
1329 1188 1557 1244 presidium

112 1246 394 1300 implorasset,
427 1249 625 1301 prompto
660 1247 846 1287 omnium
878 1246 1027 1288 fauore
1061 1247 1301 1301 suscipitur,
1333 1247 1556 1301 pollicitus,

112 1318 158 1345 se
204 1304 260 1344 eis
307 1302 466 1358 aliquid
515 1305 566 1345 de
616 1310 814 1345 consuete
861 1305 1077 1359 pensionis
1127 1319 1255 1346 onere
1301 1305 1555 1347 laxaturum.

111 1361 239 1402 Auidi
272 1362 559 1415 promissionis
591 1361 714 1416 Frisi,
748 1363 901 1404 intuitu
947 1363 1068 1403 exilis
1101 1363 1269 1417 premii,
1307 1363 1479 1404 immani
1511 1377 1557 1404 se

112 1420 294 1474 negocio
329 1425 517 1461 onerant.
579 1419 643 1461 Ac
674 1420 853 1475 primum
899 1421 1039 1461 menia
1071 1426 1245 1476 propter
1277 1420 1451 1462 Mildam
1482 1422 1557 1462 flu-

110 1477 249 1530 uium,
295 1477 388 1532 quis
434 1492 530 1519 eum
576 1478 801 1533 recipiant,
845 1479 1048 1520 condunt.
1122 1478 1303 1519 Tantulo
1347 1478 1555 1533 stipendio

110 1535 260 1589 ingens
293 1535 445 1576 milicia
475 1537 604 1577 stetit.
647 1536 803 1590 Sueno,
836 1536 998 1578 reditus
1023 1538 1112 1578 eius
1136 1538 1335 1591 opinione
1367 1542 1556 1592 accepta,

111 1592 218 1634 Iutis
250 1594 291 1634 in
324 1595 558 1648 equitatum
590 1594 772 1648 digestis,
806 1609 830 1635 a
862 1595 1070 1636 Sialandis
1115 1598 1156 1636 et
1201 1595 1345 1636 Scanis
1381 1596 1557 1636 classem

111 1649 360 1705 ad<s>ciscit.
431 1651 498 1693 Ex
544 1666 625 1707 qua
665 1653 892 1694 nonnullas
932 1668 1064 1695 naues
1110 1653 1284 1694 Slesuici
1325 1653 1556 1694 subductas

112 1709 165 1750 ad
198 1708 397 1751 Eidorarn
430 1724 562 1765 usque
594 1711 684 1751 solo
717 1714 840 1751 tenus
873 1711 1182 1765 pertrahendas
1215 1711 1391 1762 curauit,
1424 1725 1476 1752 ne
1508 1725 1558 1753 ea

112 1780 211 1822 pars
253 1767 444 1808 hostibus
486 1769 645 1823 elapsui
688 1768 809 1810 foret.
867 1769 967 1835 Que
1008 1783 1073 1811 res
1106 1771 1144 1810 ei
1176 1769 1389 1824 impendio
1423 1770 1555 1824 magis

112 1839 239 1880 quam
270 1826 366 1867 usui
396 1825 487 1867 fuit.
536 1826 641 1868 Inde
665 1840 757 1867 cum
782 1827 912 1882 copiis
935 1827 988 1868 ad
1011 1842 1157 1869 recens
1181 1826 1382 1882 oppidum
1403 1828 1555 1883 pergit.

111 1882 182 1934 ld,
225 1883 334 1925 inter
374 1884 553 1938 paludes
596 1898 848 1951 amnemque
887 1885 1031 1936 situm,
1075 1889 1227 1927 natula
1268 1899 1394 1943 quam
1428 1899 1556 1940 opere

112 1940 318 1983 municius
360 1947 460 1983 erat.
532 1942 573 1983 A
604 1943 735 1983 latere
777 1944 815 1984 ei
856 1943 987 1984 Milda
1028 1944 1182 1985 fluuius
1226 1929 1325 1995 fuit,
1366 1944 1556 1998 angustis

112 1999 258 2051 alueis,
290 1999 364 2041 sed
396 1999 561 2055 placide
594 2002 861 2043 manantibus
902 2003 1035 2056 aquis.
1099 2001 1221 2050 Quod
1264 2002 1361 2056 quia
1392 2016 1469 2043 rex
1502 2002 1555 2043 ob

110 2058 328 2111 angustias
360 2058 547 2099 exercitu
579 2059 866 2101 circunuenire
897 2074 982 2100 non
1010 2064 1190 2115 poterat,
1222 2060 1323 2100 locis
1356 2074 1411 2101 ex
1433 2061 1555 2115 copia

112 2115 276 2156 idoneis
308 2120 446 2157 castra
479 2116 639 2170 defigit.
688 2116 854 2159 Deinde
886 2118 991 2159 cesis
1025 2118 1233 2172 uirgultis,
1258 2118 1272 2168 Η
1295 2132 1375 2173 que
1409 2131 1555 2160 nemus

111 2173 352 2228 proximum
386 2173 606 2228 offerebat,
638 2174 690 2215 ad
712 2175 1002 2230 peragrandas
1034 2176 1212 2230 paludes
1245 2180 1557 2217 constramenta

112 2232 202 2272 fieri
236 2231 364 2284 iubet,
397 2232 562 2287 qui-bus,
595 2246 687 2273 cum
721 2239 1009 2288 opportunum
1041 2233 1173 2285 foret,
1206 2234 1323 2274 uelut
1356 2233 1555 2288 pontibus

112 2294 347 2330 uterentur.
396 2289 567 2331 interea
599 2290 771 2345 quidam
793 2305 847 2332 ex
869 2291 1032 2332 Frisica
1055 2292 1294 2343 iuuentute,
1327 2291 1417 2332 siue
1440 2306 1556 2333 more

112 2346 393 2401 inpacientes,
432 2347 520 2389 siue
553 2348 849 2414 uegeciogibus
882 2349 1028 2390 animis
1061 2350 1230 2390 uirtutis
1262 2349 1453 2390 iactande
1486 2363 1555 2390 cu-

112 2404 211 2459 pidi,
245 2405 508 2459 prouocandi
538 2406 681 2459 gracia
700 2407 854 2460 riuum,
888 2407 958 2462 qui
981 2409 1088 2448 inter
1110 2411 1246 2448 castra
1268 2406 1430 2448 medius
1454 2411 1555 2460 erat,

114 2468 317 2506 consueta
357 2468 447 2504 arte
490 2463 750 2515 transiliunt,
796 2479 1040 2520 uagumque
1086 2466 1245 2507 eminus
1289 2464 1455 2506 hostem
1496 2465 1556 2507 in-

115 2526 296 2563 cessunt.
357 2519 449 2562 Nec
480 2521 785 2564 lacessentibus
811 2526 817 2574 Ι
847 2523 959 2565 obuii
990 2523 1233 2564 defuerunt.
1307 2521 1554 2577 Complures

115 2593 170 2621 ex
211 2582 392 2633 utroque
433 2580 599 2634 agmine
642 2580 738 2622 huic
779 2595 823 2622 se
864 2581 1081 2622 certamini
1117 2579 1340 2635 ingerunt,
1380 2595 1554 2622 suorum

112 2636 266 2694 quique
295 2637 480 2692 pericula
513 2637 775 2694 propulsuri,
818 2639 978 2681 neutris
1012 2638 1244 2681 communis
1277 2637 1449 2681 fortune
1481 2653 1553 2682 ne-

183 2712 261 2738 Saxo
281 2711 514 2739 Grammaticus.
1372 2708 1418 2743 30

1614 858 1640 883 p.
1660 850 1711 878 689

1608 2129 1705 2165 (261)

1611 2543 1638 2568 p.
1658 2534 1711 2562 690
