1884 3126
313 258 395 299 484
843 275 896 281 -——
955 246 1094 291 XIIII
1153 272 1205 278 —-

313 384 445 436 simul,
462 394 584 437 quam
598 381 744 434 pactus
763 379 884 428 esset,
899 374 1111 432 suspendi,
1127 378 1334 430 quatenus
1349 372 1402 415 ad
1416 373 1633 415 horrorem
1649 387 1746 415 con-

312 441 455 482 similis
478 438 575 479 facti
596 437 637 477 in
662 435 809 476 eodem
830 435 981 489 laqueo
1003 433 1192 489 proditor
1210 438 1251 474 et
1267 432 1523 488 prodicionis
1540 432 1746 487 premium

312 497 662 551 conspicerentur.
722 492 813 533 Illic
845 492 986 534 Sueno
1025 491 1290 546 peregrinam
1323 491 1498 530 classem
1528 489 1744 545 predatus,

311 555 492 608 direptas
517 552 778 593 Rutenorum
801 563 960 591 merces
984 549 1179 604 stipendii
1202 550 1295 590 loco
1318 547 1519 588 militibus
1542 548 1744 601 erogauit.

311 612 404 659 Quo
438 610 549 650 facto
582 622 663 649 non
686 608 821 648 solum
852 607 1111 648 aduenarum
1146 608 1186 646 in
1209 611 1425 660 posterum
1458 604 1744 659 frequenciam

311 666 573 719 deturbauit,
607 665 678 705 sed
721 665 851 706 eciam
893 664 1157 719 splendidam
1189 662 1469 705 mercimoniis
1514 663 1659 704 urbem
1692 663 1743 703 ad

309 730 478 766 tenuem
519 727 831 777 angustumque
873 723 1011 763 uicum
1053 722 1228 776 redegit.
1300 721 1489 762 Saxones
1532 720 1742 763 desertum

251 798 253 800 ·
308 783 360 823 ab
394 781 540 822 incolis
571 795 642 822 rus
673 780 789 820 nullo
822 780 1047 821 resistente
1070 780 1298 834 permensi,
1332 780 1413 820 hoc
1444 779 1624 833 longius,
1658 792 1744 832 quo

243 909 276 936 10

238 1194 270 1221 15

234 1481 271 1508 20

235 1770 272 1797 ‘25

233 2059 271 2086 30

236 2348 273 2375 35

237 2637 273 2665 40

306 839 521 892 licencius,
545 839 736 878 ruebant.
780 837 887 878 Nam
919 838 1126 878 australes
1152 837 1235 879 Iuti
1268 837 1495 892 paucitatis
1527 851 1601 878 sue
1632 841 1746 878 metu

306 897 345 937 in
398 895 774 951 Septentrionalem
826 902 1014 950 partem,
1069 909 1150 950 que
1201 894 1469 936 multitudine
1516 894 1746 950 prestabat,

306 955 462 1008 elapsi,
509 954 587 994 sub
633 953 769 1007 specie
815 954 914 1007 fuge
960 953 1114 994 bellum
1155 953 1388 1008 parabant,
1436 956 1478 994 et
1520 953 1588 1007 qui
1630 953 1746 1008 prius

307 1011 464 1052 auxilia
497 1010 681 1052 Suenoni
713 1011 1045 1066 spoponderant,
1079 1011 1312 1052 alienorum
1344 1010 1502 1051 uiribus
1533 1012 1744 1052 succincto

303 1083 548 1109 succursum
599 1069 838 1122 negabant,
890 1083 941 1109 ne
993 1069 1257 1123 peregrinam
1306 1082 1474 1109 manum
1518 1068 1744 1110 aduersum

303 1127 481 1181 patriam
513 1126 671 1166 iuuisse.
702 1126 962 1168 uiderentur.

439 1183 599 1225 Eadem
634 1184 721 1225 fere
744 1188 997 1239 tempestate
1020 1183 1279 1226 Suerconem
1311 1198 1455 1239 regem
1490 1198 1652 1235 seruus,
1675 1184 1745 1239 qui

305 1241 500 1283 cubiculo
533 1243 623 1283 eius
654 1247 837 1296 preerat,
869 1246 997 1282 noctu
1030 1241 1311 1284 dormientem
1343 1241 1568 1284 occiderat.
1618 1242 1741 1290 Quod

305 1299 442 1341 scelus
475 1299 670 1340 diuinitas
702 1299 812 1340 haud
846 1300 1017 1354 segnius
1049 1314 1174 1355 quam
1205 1301 1355 1342 iustius
1386 1300 1474 1341 ulta
1506 1304 1582 1341 est.
1634 1299 1742 1341 Nam

304 1370 435 1412 paruo
458 1361 553 1412 post
574 1362 764 1410 ternpore
786 1357 981 1412 Magnus,
1003 1359 1072 1412 qui
1096 1359 1262 1400 occulta
1282 1357 1485 1413 regnandi
1513 1358 1743 1412 cupiditate

305 1429 428 1456 seruo
461 1416 691 1470 peragendi
723 1415 920 1457 facinoris
951 1420 1099 1457 auctor
1130 1417 1342 1465 extiterat,
1373 1417 1416 1457 in
1449 1429 1499 1457 eo
1533 1416 1743 1466 conflictu,

302 1487 384 1528 quo
425 1473 556 1513 filium
601 1472 825 1515 Suerconis
866 1473 1098 1527 Karolum,
1143 1487 1269 1528 quem
1308 1479 1430 1529 patre
1472 1473 1745 1528 spoliauerat,

303 1544 434 1584 regno
458 1531 589 1572 eciam
611 1545 768 1572 exuere
790 1531 1012 1585 gestiebat,
1034 1532 1240 1573 scelerate
1266 1531 1590 1573 machinacionis
1612 1545 1741 1586 penas

303 1593 438 1630 morte
469 1589 689 1643 persoluit.
750 1588 813 1629 Ea
846 1603 911 1630 res
934 1589 1168 1641 Kanutum,
1200 1590 1376 1631 sol-ande
1407 1590 1550 1630 matris
1583 1590 1740 1643 gracia,

306 1645 450 1688 Suetie
482 1647 701 1700 superiora
722 1651 865 1701 petere
889 1645 1040 1702 coegit.
1069 1652 1073 1699 1
1101 1647 1271 1689 Interea
1293 1647 1608 1698 Waldemarus,
1629 1646 1742 1701 apud

304 1703 563 1746 Sialandiam
596 1703 816 1745 Teutonici
848 1710 988 1747 motus
1021 1706 1220 1760 opinione
1253 1710 1469 1759 suscepta,
1501 1704 1552 1745 ad
1586 1704 1741 1745 Iutiam

304 1762 492 1803 concitus
514 1761 661 1815 tendit,
684 1763 856 1803 remisso
881 1776 1012 1805 coeuo
1036 1769 1164 1819 atque
1188 1764 1389 1805 collacteo
1413 1776 1489 1803 suo
1513 1762 1741 1815 Absalone,

291 1819 376 1874 >qui
406 1820 658 1861 reuertentis
690 1835 714 1860 a
746 1820 894 1861 Suetia
926 1820 1090 1862 Kanuti
1118 1826 1216 1876 post
1246 1835 1291 1862 se
1321 1824 1552 1861 maturaret
1583 1820 1741 1861 aduen-

301 1882 405 1919 tum.
457 1876 642 1918 Tantum
661 1878 806 1919 ’autem
830 1877 849 1931 ΙΙ
869 1878 956 1919 eius
979 1879 1090 1935 apud
1113 1879 1232 1921 Iutos
1264 1879 1483 1934 presencia
1514 1879 1660 1930 ualuit,
1694 1882 1740 1918 ut

302 1939 345 1976 et
375 1935 553 1977 fortibus
585 1935 779 1977 fiduciam
810 1936 980 1978 afferret
1005 1941 1047 1979 et
1077 1938 1248 1992 ignauia
1270 1942 1486 1991 torpentes
1509 1936 1561 1977 ad
1585 1936 1740 1977 bellum

302 2006 376 2047 pro
407 1993 545 2047 patria
567 1994 882 2048 suscipiendum
906 1995 1098 2049 erigeret.
1142 1994 1259 2036 Idem
1284 1995 1533 2048 Henricum,
1555 1994 1739 2036 nobilem

300 2051 408 2092 inter
430 2050 620 2092 Saxones
653 2052 802 2105 uirum,
836 2066 929 2093 cum
961 2067 1044 2108 quo
1067 2053 1316 2108 iampridem
1347 2052 1611 2106 affinitatem,
1644 2051 1741 2093 data

303 2108 342 2150 ei
372 2108 415 2149 in
442 2109 752 2150 matrimonium
788 2115 982 2164 cognata,
1013 2111 1221 2159 iunxerat,
1251 2124 1327 2166 per
1354 2110 1641 2152 internuncios
1674 2124 1740 2151 oc-

303 2166 461 2208 culcius
494 2166 709 2218 obsecrat,
755 2169 815 2209 uti
847 2168 1002 2210 ueteris
1035 2169 1222 2211 amicicie
1264 2182 1390 2210 causa
1420 2167 1474 2209 ad
1504 2169 1739 2223 proceden-

303 2222 400 2264 dum
432 2223 569 2266 socios
600 2224 744 2267 incitet
776 2226 981 2280 ducisque
1013 2226 1194 2268 reditum
1227 2226 1362 2267 modis
1388 2226 1582 2268 omnibus
1612 2227 1739 2267 inter-

302 2282 447 2336 pellet,
479 2282 596 2323 breui
636 2297 681 2343 se
722 2297 815 2324 cum
851 2284 1039 2325 exercitu
1071 2289 1423 2339 superuenturum
1466 2283 1738 2325 denuncians.

303 2339 483 2381 Tantam
513 2340 573 2381 illi
593 2340 791 2382 fiduciam
825 2347 866 2382 et
889 2356 1090 2383 numerus
1111 2342 1290 2383 militum
1318 2346 1359 2382 et
1381 2341 1574 2383 alacritas
1597 2341 1738 2383 dabat.

302 2395 438 2439 Huius
470 2397 676 2439 tumultus
707 2399 860 2440 nuncio
894 2398 1092 2440 Kanutus
1127 2414 1149 2441 e
1181 2398 1328 2441 Suetia
1359 2404 1611 2452 reuocatus,
1643 2413 1736 2440 cum

304 2453 475 2497 delectis
507 2455 761 2496 Sialandiam
794 2458 933 2509 intrat,
968 2457 1182 2512 extemplo
1206 2457 1361 2498 lutiam
1390 2457 1611 2512 petiturus.
1654 2456 1737 2498 Sed

305 2525 396 2552 cum
428 2518 572 2555 coorte
603 2515 869 2568 tempestatis
899 2515 1187 2568 magnitudine
1219 2515 1399 2556 transitu
1431 2514 1738 2570 prohiberetur,

304 2567 448 2611 afflicti
487 2585 604 2613 mora
644 2556 823 2627 militles,
863 2571 1210 2620 Waldema*rum
1241 2586 1387 2628 pacem
1420 2586 1514 2613 cum
1545 2572 1735 2613 hostibus
1757 2580 1855 2608 CXLI

303 2627 525 2683 pepigisse,
556 2629 684 2685 idque
715 2643 759 2671 se
774 2632 865 2686 sper
887 2631 1117 2684 agrestium
1151 2624 1360 2686 quendam
1393 2630 1553 2671 recenti
1584 2630 1738 2671 nuncio

792 2704 822 2767 Nx
