1884 3126
664 285 716 292 -
777 262 886 304 XVI
950 287 995 293 —-
1465 261 1546 305 665

110 388 355 430 familiarem
407 393 627 444 suscepto,
679 391 890 444 cognoscit
940 391 1258 432 Pomeranicam
1312 389 1545 432 aduentare

110 447 300 498 classem,
332 459 426 501 que,
449 448 482 488 si
504 447 658 488 nebule
681 447 865 489 densitas
887 462 972 489 non
996 448 1196 502 obstaret,
1220 448 1333 489 cerni
1355 449 1544 490 cominus

110 510 266 560 posset.
326 504 465 558 Igitur
497 505 721 558 reuocatis,
754 505 822 559 qui
855 520 973 546 sacra
999 506 1234 561 gestabant,
1268 505 1417 560 cupide
1448 519 1544 547 con-

112 563 282 603 citatam
315 561 490 604 classem
523 562 691 603 obuiam
724 563 833 603 hosti
864 563 904 603 in
937 564 1067 605 altum
1093 563 1259 616 direxit,
1291 564 1428 616 armis,
1460 577 1545 604 non

63 631 79 658 5
109 620 301 676 precibus
334 619 414 661 deo
437 620 664 661 libamenta
688 620 876 662 daturus.
925 620 1049 668 Quod
1072 621 1179 662 enim
1202 621 1391 662 sacrificii
1412 634 1545 675 genus

112 678 388 720 scelestorum
419 691 522 719 nece
564 677 704 719 diuine
743 678 937 733 potencie
967 679 1185 720 iocundius
1226 677 1547 720 existimemus?

111 735 169 777 At
200 736 448 778 Pomeranis
492 750 570 778 uon
614 740 699 777 tam
731 737 883 777 hostile
914 736 1050 777 solum
1090 740 1264 792 repente
1303 736 1544 789 inuadendi,

113 808 238 849 quam
260 793 553 848 Rugianorum
575 794 823 848 equitatum,
846 793 1099 834 defendendi
1119 794 1271 835 littoris
1298 793 1543 845 studiosum,

112 851 236 892 uariis
267 852 555 906 nauigacionis
587 852 837 904 ambagibus
868 851 1108 892 ludificandi
1145 852 1407 906 propositum
1439 856 1541 893 erat.

45 920 79 949 ιο
110 909 192 957 Qui
215 909 421 951 Danicam
453 910 679 964 conspicati
714 910 900 962 classem,
922 909 1190 963 Borwegium
1218 909 1543 950 occidentalibus

110 968 354 1009 comitatum
397 967 559 1009 Sclauis
601 968 750 1009 auxilii
795 967 872 1008 sibi
916 966 1083 1008 ferendi
1126 967 1268 1021 gracia
1314 967 1544 1008 aduentare

111 1024 354 1078 credebant,
387 1023 520 1067 aeris*
542 1026 684 1066 nubilo
708 1029 947 1066 nostrarum
976 1025 1147 1065 nauium
1178 1039 1398 1066 numerum
1428 1024 1545 1064 habi·
1577 1029 1723 1059 CXCVIb

110 1086 283 1138 tumque
316 1083 506 1138 dignosci
535 1098 621 1124 non
652 1084 858 1138 paciente.
906 1082 1056 1138 Neque
1081 1082 1191 1123 enim
1214 1096 1352 1124 eorum
1386 1082 1544 1122 animos

110 1141 252 1182 subire
282 1145 474 1196 poterat,
506 1140 679 1195 Danos,
711 1155 787 1196 per
828 1144 892 1181 tot
922 1141 1114 1182 locorum
1153 1140 1293 1194 spacia
1326 1154 1349 1179 a
1380 1139 1544 1180 Sclauia

47 1211 80 1239 15
110 1203 307 1254 remotos,
339 1201 448 1241 intra
480 1199 585 1240 tanti
618 1196 820 1255 temporis
853 1199 1068 1252 angustias
1103 1212 1151 1238 eo
1184 1197 1268 1238 loci
1297 1197 1427 1238 fuisse
1449 1211 1544 1251 pro-

111 1261 277 1309 uectos,
318 1257 652 1312 speculatoribus
696 1258 749 1298 ob
790 1256 961 1298 nimiam
1000 1255 1265 1297 securitatem
1306 1253 1544 1295 excubandi

111 1314 250 1357 officia
281 1329 428 1370 parum
462 1315 625 1357 curiose
657 1315 914 1369 gerentibus.
975 1313 1111 1368 Igitur
1137 1313 1426 1363 Bogiszlauus,
1458 1311 1543 1352 Ru-

111 1373 281 1428 gianam
321 1374 497 1415 classem
538 1373 692 1427 appelli
737 1377 876 1424 ratus,
910 1386 934 1412 a
967 1375 1134 1413 centum
1167 1376 1208 1413 et
1239 1370 1544 1425 quinquaginta

112 1431 444 1487 myoparonibus
486 1431 646 1472 circuiri
687 1430 934 1486 desyderat3
966 1430 1170 1483 reliquam
1204 1429 1377 1469 classem
1410 1426 1543 1468 ueluti

41 1500 78 1528 20
109 1489 148 1531 in
183 1489 314 1530 aciem
345 1490 465 1530 iactis
497 1488 692 1530 anchoris
725 1488 956 1542 componit,
989 1501 1132 1537 naues,
1164 1486 1314 1541 quibus
1346 1484 1543 1525 alimenta

109 1547 400 1591 uehebantur.
433 1546 646 1602 aliqua-nto
688 1547 886 1602 pyraticis
917 1545 1243 1600 prestanciores,
1284 1543 1392 1583 inter
1434 1542 1541 1596 ipsas

110 1609 152 1647 et
174 1604 459 1647 continentem
492 1605 693 1653 admouit,
716 1607 874 1645 armate
896 1602 1173 1644 multitudinis
1205 1601 1384 1654 speciem
1409 1613 1543 1640 uacua

107 1663 318 1717 lignorum
351 1663 491 1718 effigie
523 1662 861 1703 adumbraturus.
924 1661 1018 1708 Quo
1051 1660 1170 1701 uultu
1204 1659 1405 1713 deceptus
1427 1657 1540 1698 Suno

108 1720 411 1775 Bogiszlauum
458 1720 615 1762 auxilia
662 1735 685 1761 a
732 1720 998 1762 Teutonibus
1043 1721 1282 1758 mutuatum
1329 1714 1539 1756 credebat.

41 1789 77 1816 25
106 1778 367 1821 Rarescente
408 1779 577 1820 tande-m
618 1779 797 1828 nebula,
838 1776 1026 1818 Absalon
1068 1775 1121 1816 ab
1154 1774 1318 1828 exiguis
1358 1772 1539 1813 hostium

107 1837 287 1892 scaphis.
308 1837 502 1892 preteriri
534 1851 578 1878 se
600 1836 762 1889 uidens,
793 1850 845 1876 ne
867 1848 1008 1876 omnes
1030 1833 1200 1888 quidem
1221 1836 1311 1872 tuto
1334 1830 1540 1871 redituras

107 1908 180 1949 per
220 1894 357 1936 iocum
396 1895 549 1937 aiebat.
610 1894 748 1948 Igitur
784 1893 907 1934 sociis
948 1892 1108 1945 ingenti
1145 1889 1441 1931 cohortacione
1472 1887 1539 1927 fir-

106 1952 241 2005 matis,
275 1953 316 1994 in
349 1953 544 1994 hostilem
578 1953 749 1993 classem
784 1955 828 1992 ut
858 1951 1046 2003 imperio,
1071 1948 1130 1989 ita
1156 1947 1161 1999 Ι
1192 1947 1319 1988 ductu
1352 1951 1394 1987 et
1426 1944 1541 1985 naui·
1595 1962 1623 1987 p·
1644 1954 1692 1980 975

106 2010 284 2064 gacione
323 2011 484 2066 primus
523 2009 750 2051 inuehitur.
821 2008 1006 2050 Monitus
1050 2020 1073 2046 a
1112 2006 1308 2055 sunone,
1348 2018 1402 2044 ne
1435 2016 1541 2053 eam,

37 2079 74 2107 30
103 2068 277 2122 perinde
309 2082 358 2109 ac
380 2068 638 2109 Germanicis
670 2067 911 2108 roboratam
944 2064 1123 2110 auxiliis,
1150 2075 1408 2118 prepi-opera
1429 2060 1542 2124 festi7

105 2126 283 2167 nacione
314 2127 556 2169 incesseret.
589 2125 675 2176 sed,
707 2129 942 2179 temperato
963 2122 1153 2176 remigio,
1186 2119 1359 2160 militem
1390 2130 1542 2181 armari

104 2182 283 2238 iuberet,
317 2185 485 2225 minime
518 2182 799 2225 cunctandum
843 2182 994 2232 aiebat,
1026 2179 1234 2234 prefatus,
1267 2191 1316 2218 eo
1348 2177 1428 2216 iam
1462 2175 1543 2215 loci

105 2242 345 2283 conclusum
377 2242 556 2293 hostem,
589 2245 636 2281 ut
666 2254 742 2281 nec
764 2239 921 2281 bellum
943 2241 1033 2279 tuto
1055 2249 1275 2277 conserere
1299 2248 1374 2274 nec
1397 2232 1542 2284 fugam

103 2299 330 2341 salubriter
370 2300 497 2341 edere
538 2303 692 2354 posset.
765 2297 912 2352 Itaque
950 2295 1053 2336 nihil
1093 2292 1395 2348 impedimento
1440 2289 1541 2338 fore,

34 2365 72 2392 35
103 2370 187 2411 quo
210 2357 347 2399 minus
368 2357 727 2412 promptissimam
751 2355 829 2396 sibi
853 2354 1071 2395 uictoriam
1094 2355 1204 2392 esset
1227 2362 1430 2390 cessurus.
1478 2346 1541 2387 Eo

103 2414 255 2456 deinde
285 2417 469 2457 monitus
501 2416 694 2461 iterante,
727 2413 881 2453 milites
905 2410 1128 2452 Absalonis
1162 2407 1419 2449 munimenta
1452 2417 1542 2444 cor-

101 2473 276 2527 poribus
327 2478 474 2528 aptare
525 2474 755 2527 ceperunt,
803 2473 929 2524 parte
980 2467 1200 2520 remigium
1260 2463 1541 2504 continuante.

105 2530 294 2578 Quorum
327 2536 554 2586 apparatus
586 2529 714 2571 nimie
746 2541 795 2569 ac
816 2525 1128 2581 perseuerantis
1160 2521 1315 2564 nebule
1340 2519 1542 2583 beneficio

98 2587 267 2630 hostem
307 2588 494 2630 fallebat.
557 2588 615 2628 At
656 2586 730 2627 ubi
770 2586 942 2638 propius
988 2586 1181 2632 uentum,
1223 2580 1543 2641 Danorumuu-

30 2658 67 2686 40
99 2650 253 2691 uentus
273 2650 317 2687 ut
335 2646 638 2698 cunctacionis,
656 2644 718 2684 ita
738 2642 898 2684 silencii
914 2641 1141 2696 inpacienS,
1166 2636 1341 2678 sublatis
1362 2633 1543 2686 uexllhs,
