1884 3126
109 893 147 920 10

106 1185 142 1212 15

767 225 1036 267 —V—
1546 232 1625 272 155

177 354 291 410 quod
338 353 651 409 percunctatori
697 353 956 395 uocabulum
1000 355 1126 397 foret.
1190 356 1340 398 Ericus
1383 372 1428 399 se
1471 358 1625 414 ubique

175 412 501 465 aduentantem,
544 426 621 453 nec
666 426 845 467 usquam
879 410 1151 468 comflpertum
1186 415 1362 456 uocitari
1396 417 1625 470 perhibuit.

175 472 271 513 Rex
294 471 408 519 item,
441 470 612 512 admoto
637 470 879 524 interprete,
913 470 1011 526 quid
1039 471 1199 512 Frotho
1224 472 1362 527 operis
1395 480 1627 528 exerceret,

175 530 424 584 interrogat.
478 528 555 570 Cui
588 527 759 570 Ericus:
799 527 1050 584 Numquam
1073 529 1233 571 Frotho
1269 531 1382 572 domi
1413 531 1626 573 inimicum

176 588 433 643 prestolatur
480 587 738 639 exercitum,
784 601 862 628 nec
907 586 1071 628 hostem
1116 587 1155 628 in
1204 588 1351 630 edibus
1398 590 1626 645 opperitur.

179 645 354 688 l'ernox
401 645 509 686 enim
561 650 602 686 et
648 644 832 699 peruigil
880 659 972 686 esse
1018 645 1145 687 debet
1191 647 1373 687 alienum
1422 653 1626 703 appetens

178 705 358 745 culmen.
420 702 558 745 Nemo
607 703 824 744 stertendo
874 703 1093 744 uictoriam
1139 705 1274 758 cepit,
1316 719 1389 746 nec
1430 705 1625 760 luporum

178 762 402 818 quisquam
436 761 629 803 cubando
669 760 852 802 cadauer
895 761 1071 803 inuenit.
1110 762 1271 809 .Quem
1304 776 1379 803 rex
1410 764 1626 818 exquisitis

179 821 389 861 dictorum
422 819 648 861 sentenciis
682 819 834 860 callere
870 816 1165 874 cognolscens:
1199 819 1303 873 Hic,
1342 821 1420 872 ait,
1450 822 1627 863 fortasse

180 878 333 920 Ericus
367 883 454 928 est,
499 893 523 919 a
557 892 640 932 quo
674 877 800 918 filiam
833 891 971 918 meam
1003 877 1097 918 falsi
1129 878 1311 919 criminis
1351 878 1631 921 insimulatam

179 937 339 991 accepi.
405 936 488 984 Qui
521 936 724 978 continuo
757 935 906 991 prendi
940 936 1102 988 iussus,
1145 950 1228 977 non
1277 936 1446 989 decere,
1486 938 1632 992 inquit,

177 1009 310 1036 unum
344 1009 368 1036 a
402 994 597 1049 pluribus
633 994 780 1048 abripi.
845 993 940 1042 Quo
983 994 1092 1035 dicto
1124 1008 1207 1035 non
1252 994 1376 1036 modo
1407 996 1517 1049 regis
1548 995 1634 1037 ani-

176 1068 293 1095 mum
328 1053 626 1108 complacauit,
661 1053 732 1094 sed
767 1053 898 1093 eciam
922 1051 974 1093 ad
997 1052 1244 1105 ignoscendi
1266 1052 1341 1093 sibi
1370 1053 1633 1094 uoluntatem

176 1111 398 1167 perduxit.
461 1110 592 1152 Cuius
636 1110 902 1166 impunitatis
945 1124 1113 1151 causam
1155 1111 1303 1166 pocius
1345 1126 1369 1152 a
1411 1111 1633 1152 calliditate

178 1184 302 1225 quam
326 1169 621 1211 beniuolencia
642 1166 880 1225 profectam
903 1168 1139 1221 constabat,
1167 1183 1261 1210 cum
1280 1168 1333 1210 ob
1351 1168 1431 1210 hoc
1449 1169 1631 1211 maxime

174 1228 488 1280 dimitteretur,
530 1234 576 1269 ut
607 1227 874 1269 Frothonem
916 1227 1112 1267 nunciate
1154 1226 1432 1268 multitudinis
1463 1242 1630 1268 rumore

175 1290 372 1328 terreret.
419 1286 455 1326 A
480 1299 565 1341 quo
601 1300 692 1327 eum
727 1300 925 1327 reuersus
960 1285 1180 1340 explorata
1215 1285 1371 1326 referre
1403 1285 1630 1338 iuberetur,

175 1359 249 1387 sex
282 1345 478 1386 classium
511 1358 635 1386 senos
667 1357 818 1398 reges,
861 1357 1090 1398 earumque
1123 1343 1352 1398 quamlibet
1392 1344 1517 1399 quina
1558 1359 1630 1386 na-

178 1404 292 1445 uium
322 1402 438 1443 milia
461 1403 810 1458 complectentem
834 1402 991 1443 uidisse
1023 1416 1069 1443 se
1101 1401 1256 1454 retulit,
1290 1415 1464 1457 quarum
1488 1415 1629 1442 unam-

106 1476 141 1502 20
172 1475 369 1517 quanque
417 1465 704 1502 trecentorum
751 1460 958 1515 remigum
1015 1473 1210 1514 capacem
1260 1474 1350 1501 esse
1404 1464 1630 1501 constaret.

108 1767 145 1793 ‘25

109 2348 145 2375 35

177 1519 419 1568 Quemlibet
462 1533 564 1560 uero
609 1519 748 1561 tocius
800 1533 965 1560 summe
998 1517 1276 1558 millenarium
1311 1518 1524 1572 quaternis
1556 1518 1629 1558 alis

175 1577 376 1619 contineri
417 1577 612 1619 diceban
674 1576 861 1618 Volebat
908 1580 1052 1618 autem
1098 1575 1376 1617 millenarium
1418 1576 1527 1616 mille
1581 1590 1630 1617 ac

175 1636 458 1677 ducentorum
492 1649 690 1691 capacem
728 1635 920 1689 intelligi,
954 1648 1046 1676 cum
1079 1633 1146 1674 ala
1179 1633 1311 1675 omnis
1345 1639 1629 1676 trecentorum

176 1708 356 1736 numero
388 1694 663 1750 compleatur.
710 1693 947 1735 Cunctante
974 1707 1074 1734 uero
1098 1690 1331 1743 Frothone,
1363 1691 1459 1746 quid
1486 1695 1630 1732 contra

179 1757 242 1794 tot
284 1755 455 1794 acturus
503 1759 640 1804 esset,
688 1751 987 1807 attenciusque
1033 1749 1220 1792 subsidia
1268 1749 1627 1804 circunspiciente,

183 1809 387 1862 Probum,
411 1810 550 1865 inquit
572 1810 736 1862 Ericus,
759 1809 937 1851 audacia
959 1809 1098 1859 iuuat,
1123 1808 1206 1848 acri
1231 1821 1336 1849 cane
1361 1807 1629 1862 occupandus

178 1874 244 1910 est
277 1883 425 1922 ursus3
468 1868 663 1910 molossis
708 1868 887 1924 quippe,
930 1881 1014 1908 non
1046 1865 1284 1907 imbellibus
1316 1865 1491 1906 auiculis
1524 1879 1629 1920 opus

178 1931 256 1969 est.
322 1926 417 1975 Quo
465 1926 577 1968 dicto
628 1926 835 1967 Frothoni
883 1923 1169 1966 contrahendo
1217 1923 1361 1965 classis
1409 1923 1628 1965 consilium

178 1985 359 2026 drebuit.
425 1985 520 2033 Qua.
562 1986 767 2026 instructa
808 1984 1035 2025 aduersum
1078 1981 1243 2023 hostem
1286 1981 1506 2036 nauigacio
1540 1986 1630 2021 ten-

108 2058 123 2084 3
176 2043 311 2085 Pitur.
354 2043 492 2097 Igitur
528 2043 697 2095 insulas,
720 2056 802 2098 que
823 2041 1328 2094 DaniamOrientemque
1366 2040 1627 2092 interiacent,

178 2101 319 2156 preliis
352 2101 570 2156 subigunt.
630 2100 757 2142 Vnde
790 2099 1070 2156 procedentes
1103 2111 1232 2139 naues
1264 2097 1428 2152 aliquot
1459 2096 1627 2138 Rutene

178 2159 323 2201 classis
356 2157 588 2201 offendunt.
653 2158 841 2207 Quarum
885 2173 980 2199 cum
1012 2156 1172 2198 Frotho
1204 2156 1464 2210 paucitatem
1496 2156 1628 2196 inces-

178 2232 272 2260 sere
302 2217 492 2259 deforme
525 2217 730 2267 duxisset,
791 2216 832 2258 A
863 2230 1028 2267 macro,
1075 2213 1210 2269 inquit
1240 2213 1402 2265 Ericus,
1436 2218 1478 2254 et
1510 2213 1625 2253 tenui

178 2274 387 2332 petendus
421 2280 484 2317 est
516 2275 646 2318 cibus,
709 2275 824 2317 Raro
865 2275 1138 2330 pinguescet,
1180 2272 1249 2326 qui
1291 2270 1416 2313 cadit:
1443 2273 1446 2315 Ι
1475 2270 1624 2324 Neque

177 2334 287 2375 enim
312 2333 530 2375 mordendi
563 2338 714 2389 potens
747 2339 824 2386 est,
858 2346 985 2387 quem
1019 2335 1164 2372 uastus
1198 2330 1469 2383 occupauerit
1499 2328 1623 2369 follis.

180 2391 275 2441 Quo
308 2392 564 2433 documento
598 2392 684 2446 regi
717 2390 965 2446 irrupcionis
999 2388 1161 2431 edende
1192 2387 1389 2428 ruborem
1428 2386 1625 2436 excussit,

181 2464 364 2506 eumque
396 2464 494 2491 mox
527 2449 579 2490 ad
611 2449 867 2504 paucitatem
916 2447 1185 2490 multitudine
1215 2444 1501 2486 lacessendam
1533 2457 1627 2498 per-

180 2508 316 2561 duxit,
349 2508 578 2549 utilitatem
610 2507 763 2562 pudori
798 2505 1092 2563 preferendam
1125 2502 1377 2558 significans

319 2566 424 2608 Post
456 2566 533 2608 hec
565 2565 618 2607 ad
652 2565 889 2608 Olimarum
922 2577 1166 2619 processum
1206 2564 1291 2613 est,
1331 2561 1402 2616 qui
1441 2559 1627 2600 multitu-

113 2638 150 2664 «ιο
181 2624 290 2666 dinis
323 2624 505 2679 segnicie
545 2624 741 2681 excipere
788 2624 952 2665 hostem
999 2635 1122 2677 quam
1154 2617 1328 2674 aggredi
1358 2617 1629 2675 preoptabat3

1697 428 1768 464 (87)

1684 841 1709 864 p.
1730 834 1780 860 233

1679 2307 1704 2331 p.
1723 2298 1773 2325 234
