1884 3126
211 920 248 948 10

210 1207 247 1236 15

209 1495 248 1524 20

208 1785 246 1812 25

209 2073 248 2101 30

213 2364 249 2392 35

280 270 362 310 408
842 282 894 288 ——
955 256 1046 298 XII
1106 280 1159 287 —

279 393 394 447 regie
425 389 519 432 fidei
550 388 718 429 habitus
740 385 923 428 estimari
951 386 1128 438 poterat.
1172 381 1365 436 Cumque
1398 393 1494 421 eum
1524 378 1716 434 religioni

280 450 423 505 pocius
445 460 571 502 quam
591 444 730 486 fraudi
750 444 960 485 intentum
990 441 1209 495 aspiceret,
1243 440 1348 480 urbe
1380 439 1578 479 exornari
1607 438 1718 479 iussa

280 521 329 548 ac
359 505 508 560 plateis
541 503 698 543 culcius
731 501 895 552 stratis,
940 498 1117 540 dextera
1147 510 1276 538 manu
1308 493 1617 551 uenerabilliter
1649 509 1720 537 ex-

280 567 449 618 ceptum
488 560 540 602 ad
582 560 740 601 curiam
773 563 814 599 et
853 557 1063 612 palacium
1106 569 1238 610 usque
1276 568 1429 609 magno
1473 567 1567 595 cum
1609 553 1718 595 omni

279 618 483 675 tripudio,
530 616 828 671 triumphantis
859 628 989 666 more,
1021 613 1235 669 perduxit,
1269 615 1310 653 et
1342 612 1407 653 cui
1438 612 1720 667 suspicionem

279 675 513 719 immerenti
545 675 767 726 inflixerat,
801 673 1031 723 honorem,
1064 685 1146 726 quo
1178 670 1311 711 maior
1343 669 1396 711 ab
1427 669 1598 711 homine
1627 683 1721 724 pre-

280 735 379 776 stari
409 747 494 774 non
526 736 707 787 poterat,
740 731 948 785 erogauit.
1002 729 1114 777 Quin
1146 728 1275 769 eciam
1310 728 1358 779 ei,
1389 727 1561 783 perinde
1593 732 1721 782 atque

280 790 600 834 honoratissimo
633 789 802 844 hospiti,
835 788 992 842 regiam
1026 786 1175 839 cessit3
1209 799 1342 840 eaque
1373 799 1497 826 nemo
1525 785 1722 840 deinceps

278 850 581 904 imperatorum
613 847 675 888 uti
707 846 856 899 uoluit,
887 845 1035 900 nequis
1066 858 1112 886 se
1143 844 1328 886 maximo
1361 844 1453 885 uiro
1486 843 1586 884 tecti
1611 857 1722 885 com-

278 906 478 948 munione
520 919 698 960 equasse
740 904 978 957 uideretur,
1023 902 1286 958 hospiciique
1336 901 1582 943 reuerencia
1630 915 1723 956 per-

278 968 451 1021 petuum
474 962 648 1018 hospitis
680 966 1002 1004 monumentum
1035 961 1252 1003 existeret,
1297 959 1408 1008 Quin
1431 959 1564 1001 eciam
1585 973 1723 1001 accer-

279 1023 373 1074 sito,
406 1020 476 1076 qui
507 1024 711 1062 staturam
744 1020 832 1062 eius
864 1033 1057 1060 mensure
1090 1019 1299 1074 parilitate
1331 1017 1723 1073 comprehenderet,

280 1079 513 1133 stantisque
546 1082 588 1119 et
619 1078 803 1120 sedentis
837 1077 1025 1118 habitum
1061 1090 1184 1131 quam
1221 1075 1541 1131 diligentissime
1574 1075 1722 1117 colori-

280 1139 357 1179 bus
408 1136 786 1191 complecteretur,
839 1139 957 1176 tante
1015 1134 1319 1189 magnitudinis
1379 1133 1723 1176 ammiracionem

277 1193 477 1251 per*enni
508 1194 751 1248 spectaculo
784 1192 1157 1247 representandam
1190 1192 1366 1233 curauit.
1408 1191 1463 1233 Et
1484 1206 1536 1233 ne
1557 1195 1722 1233 tantum

280 1252 489 1308 hospitem
529 1251 779 1293 indonatum
813 1251 1068 1304 dimitteret,
1101 1250 1351 1305 complacita
1380 1250 1599 1305 postulare
1629 1263 1721 1305 pre-

279 1311 400 1365 cepit.
463 1309 601 1357 Quem
633 1324 748 1363 cum,
780 1309 891 1350 facto
925 1322 1055 1363 opum.
1086 1312 1352 1362 contemptu,
1384 1322 1526 1350 sacros
1557 1307 1723 1363 potissi-

278 1382 391 1410 mum
439 1368 600 1409 cineres
647 1373 853 1423 exoptare
905 1370 1208 1420 cognosceret,
1260 1365 1519 1408 honorandis
1564 1366 1724 1408 ossium

279 1425 464 1481 reliquiis
496 1425 640 1466 donat.
690 1425 767 1466 Ille
799 1425 1044 1479 religiosum
1075 1439 1229 1466 munus
1261 1424 1411 1479 cupide
1444 1424 1723 1480 amplexatus,

278 1484 319 1525 id
350 1484 486 1539 ipsum
530 1483 805 1538 imperatoria
847 1483 961 1524 bulla
1005 1483 1266 1537 assignatum
1297 1482 1508 1524 Lundiam
1539 1481 1724 1537 Roskyl-

279 1542 476 1596 diamque
526 1541 837 1596 deportandum
889 1540 1067 1582 curauit.
1129 1539 1184 1581 Et
1224 1554 1275 1582 ne
1321 1544 1438 1581 ortus
1478 1540 1544 1582 sui
1584 1540 1723 1582 locum

278 1598 557 1641 ueneracione
593 1613 771 1640 uacuum
805 1599 986 1651 sineret,
1033 1597 1402 1654 Slangathorpiam
1434 1612 1529 1639 cum
1560 1596 1724 1639 Nic-olai

278 1656 566 1699 sacratissimis
611 1657 776 1698 ossibus
815 1656 946 1698 diuini
987 1656 1165 1712 patibuli
1207 1657 1458 1711 particulam
1498 1656 1723 1697 transtulit.

280 1715 448 1770 Quippe
480 1718 521 1755 et
554 1714 695 1770 oppidi
734 1715 843 1756 illius
885 1715 1088 1770 templum
1128 1715 1300 1755 molitus
1343 1719 1386 1756 et
1423 1727 1472 1755 eo
1505 1714 1609 1767 loci,
1652 1713 1724 1754 ubi

277 1786 389 1813 nunc
420 1786 534 1813 aram
564 1772 771 1826 uidemus,
803 1776 936 1814 matre
969 1772 1107 1814 editus
1148 1771 1353 1827 proditur.
1415 1771 1619 1814 Preterea
1651 1770 1723 1813 ob-

277 1831 410 1872 latum
452 1830 505 1871 ab
545 1831 799 1885 imperatore
845 1830 988 1885 magni
1033 1830 1232 1885 ponderis
1277 1843 1426 1872 aurum
1473 1830 1633 1885 spreuit
1674 1842 1722 1871 ac

279 1887 532 1943 repudiauit,
563 1901 630 1942 ne,
661 1889 896 1943 postposito
931 1885 1206 1942 conltinencie
1238 1888 1398 1942 studio,
1430 1887 1588 1929 Grecas
1620 1901 1723 1941 opes

279 1950 479 2001 appetere
519 1946 750 1988 uideretur.
827 1946 964 1995 Quem
1005 1960 1105 1988 mox
1153 1946 1383 2001 imperator
1422 1945 1573 1987 iniurie
1604 1959 1724 1986 reum

278 2017 405 2059 agere
437 2004 568 2057 cepit,
612 2003 847 2054 affirmans,
890 2018 957 2055 se,
996 2018 1082 2045 non
1122 2004 1279 2045 donum
1310 2007 1554 2059 contemptu
1587 2003 1640 2044 ab
1672 2016 1722 2044 eo

278 2061 407 2102 fuisse
437 2061 680 2116 perfusum,
722 2061 982 2117 abiectisque
1029 2062 1246 2118 precibus,
1287 2063 1411 2104 unico
1449 2065 1550 2103 note
1589 2061 1723 2102 irrita-

280 2122 421 2160 mento
444 2117 458 2172 Η
483 2118 634 2161 oblatis
666 2120 904 2161 uerecunde
937 2134 1032 2161 eum
1067 2120 1126 2161 uti
1168 2120 1319 2175 coegit.
1379 2119 1436 2161 Et
1466 2133 1519 2161 ne
1549 2132 1624 2160 rex
1656 2132 1724 2160 ac·

281 2177 474 2232 cipientis
519 2177 665 2232 pocius
711 2192 839 2233 quam
886 2177 1098 2232 erogantis
1143 2183 1288 2234 partes
1328 2191 1455 2232 agere
1496 2176 1723 2229 uideretur,

282 2234 552 2276 humanitatis
584 2235 672 2276 eius
703 2235 850 2278 officiis
880 2241 1029 2278 mutua
1057 2235 1313 2278 liberalitate
1347 2234 1578 2291 respondit.
1640 2234 1722 2276 Sed

282 2292 402 2335 donis
435 2293 524 2334 eius
555 2294 743 2347 precium
774 2295 942 2336 nouitas
975 2293 1090 2346 fecit,
1120 2293 1431 2349 barbarumque
1463 2307 1616 2334 munus
1646 2293 1724 2335 hoc

281 2350 524 2405 imperatori
555 2352 703 2399 carius,
737 2365 817 2406 quo
852 2352 1003 2394 Grecie
1032 2353 1168 2394 rarius
1198 2350 1291 2394 fuit.
1342 2351 1508 2393 Deinde
1539 2351 1723 2406 piraticis

281 2409 334 2448 ab
356 2409 447 2464 ipso
482 2408 1015 2466 nauigiiscommeatuque
1048 2409 1240 2463 donatus,
1275 2409 1460 2464 Cyprum
1493 2408 1722 2450 contendit.

282 2464 409 2507 Cuius
449 2466 587 2509 insule
629 2470 780 2508 natura
821 2468 928 2509 adeo
970 2468 1185 2523 quondam
1217 2468 1474 2509 tumulorum
1506 2467 1723 2521 inpaciens

282 2521 373 2576 fuit,
407 2527 453 2564 ut
482 2523 680 2566 mandata
712 2524 789 2566 sibi
821 2525 1007 2567 interdiu
1043 2539 1219 2580 corpora
1250 2525 1444 2580 proxima
1474 2529 1599 2566 nocte
1630 2524 1722 2565 reii-

283 2584 407 2623 ceret.
456 2581 552 2624 ,Hic
582 2596 660 2624 rex
690 2581 796 2623 febri
836 2583 1098 2638 implicatus,
1140 2596 1234 2624 cum
1265 2583 1449 2625 uicinum
1481 2581 1559 2624 sibi
1589 2580 1721 2623 fatum

216 2649 252 2676 40
282 2637 430 2681 adesse
457 2643 745 2696 cognosceret,
776 2640 888 2698 apud
911 2641 1227 2689 celeberrimam
1253 2640 1380 2697 Cypri
1400 2640 1548 2687 urbem
1571 2652 1722 2698 corpus

1775 513 1802 537 p.
1823 503 1873 530 612

1760 1195 1883 1224 CXle

1777 1899 1804 1924 p.
1824 1890 1875 1916 613

1784 2119 1877 2157 (229)
