1884 3126
265 915 300 942 10

264 1203 298 1229 15

261 1490 298 1517 20

261 1775 297 1802 25

261 2061 298 2090 30

260 2352 296 2380 35

259 2639 297 2667 40

338 262 420 302 660
886 281 939 287 -—
998 253 1108 296 XVI
1169 279 1222 284 ——

337 385 568 428 clamando.
629 384 696 425 Ita
729 383 922 424 terribilis
963 383 1032 423 illa
1063 395 1112 423 ac
1143 381 1306 423 diutina
1336 381 1491 423 sedicio
1521 382 1642 424 simul
1672 397 1766 425 cum

338 444 534 486 concione
565 442 687 482 finem
731 440 900 492 habuit,
933 439 1101 480 funesto
1133 439 1266 494 plebis
1299 446 1449 482 conatu
1487 441 1662 483 ulterius
1694 441 1766 483 ad·

335 514 504 542 uersum
536 498 769 554 principum
803 497 1025 552 collegium
1057 496 1310 538 insolescere
1340 511 1426 538 non
1456 499 1652 539 audente.

471 557 638 597 Interea
683 555 902 608 Kanutus,
955 554 1127 596 excitati
1175 555 1214 594 in
1263 555 1413 595 Scania
1458 555 1558 596 belli
1599 557 1765 609 nuncio,

334 614 539 669 Fyoniam
572 627 594 654 e
616 612 728 654 Iutia
760 618 905 667 petere
939 616 1119 661 coactus,
1151 610 1403 664 Esbernum,
1435 610 1531 666 <ab>
1551 613 1766 655 Absalone

334 672 461 712 fratre
501 669 735 712 nunciande
776 670 986 723 regiarum
1018 669 1204 724 parcium
1248 669 1422 711 uictorie
1459 671 1598 723 gracie
1631 675 1766 712 trans-

335 729 526 779 missum,
569 728 738 769 obuium
782 727 944 780 accipit.
1006 726 1134 767 Cuius
1165 726 1382 781 inopinato
1425 738 1603 769 occursu
1633 729 1768 771 tristia

334 785 473 826 afferri
505 790 633 838 ratus,
667 785 840 826 herente
863 785 1002 824 animo
1026 783 1271 837 deiectoque
1295 785 1430 839 uultu,
1461 786 1680 840 quicquam
1712 801 1766 828 ex

335 857 384 884 eo
419 856 675 897 cognoscere
698 842 934 883 uerebatur.
976 842 1080 882 Post
1101 842 1271 882 modum
1294 856 1377 883 non
1409 843 1546 883 solum
1577 843 1766 885 eiusdem

330 901 456 955 plena
478 900 695 940 hilaritatis
717 899 856 940 fronte
880 899 1053 940 meliora
1075 912 1244 953 sperare
1274 899 1424 953 iussus,
1456 915 1602 941 uerum
1634 901 1763 942 eciam

331 957 512 998 iocunda
526 971 573 998 ac
587 957 732 998 libenti
746 957 990 997 narracione
1003 956 1055 997 de
1066 970 1236 997 suorum
1250 956 1427 998 uictoria
1440 958 1600 1010 doctus,
1611 959 1651 999 in
1667 958 1766 1000 Soa-

332 1017 442 1056 niam
455 1029 588 1056 ouans
599 1015 815 1069 processit.
830 1013 894 1056 Ac
905 1014 1084 1068 primum
1098 1014 1186 1054 eius
1197 1015 1459 1068 prouinciam
1468 1016 1662 1057 Frostam
1674 1016 1765 1069 (am

331 1073 437 1113 Ran
449 1072 505 1113 de
519 1071 818 1125 Frosteherrit)
827 1072 971 1126 rapine
985 1074 1028 1112 et
1039 1072 1233 1113 incendio
1246 1077 1524 1127 opportunam
1537 1073 1762 1127 exh*ibuit,

331 1127 647 1185 ualstassetque,
665 1130 706 1170 ni
723 1130 950 1170 Absalonis
969 1143 1069 1183 erga
1092 1129 1205 1169 illam
1228 1131 1413 1170 studium
1433 1131 1619 1184 gerentis
1637 1131 1764 1172 inter-

329 1192 460 1229 uentu
474 1187 779 1242 prohiberetur.
815 1186 910 1234 Quo
929 1187 1139 1227 mediante
1157 1187 1353 1228 effectum
1372 1192 1447 1239 est,
1466 1193 1510 1229 ut
1528 1189 1581 1230 ab
1601 1188 1676 1242 his,
1693 1189 1764 1244 qui

330 1246 371 1286 in
404 1259 545 1299 regem
578 1244 806 1286 Haraldica
836 1244 1022 1286 faccionc
1051 1243 1328 1298 deliquerant,
1360 1259 1431 1286 era
1462 1251 1625 1287 tantum
1654 1260 1763 1302 pene

332 1303 498 1344 nomine
532 1303 814 1356 exigerentur.
858 1302 893 1343 O
915 1302 1160 1342 immensam
1182 1302 1464 1355 clemenciam,
1497 1304 1613 1345 cuius
1638 1304 1762 1345 bene-

330 1361 423 1401 ficio
458 1360 695 1401 hominibus
729 1359 948 1400 euidenter
990 1359 1127 1400 noxiis
1159 1360 1331 1400 maximi
1366 1361 1563 1403 facinoris
1596 1361 1761 1417 culpam

331 1418 507 1472 paruulo
551 1431 678 1458 censu
718 1417 922 1459 redimere
959 1417 1094 1457 licuit!
1157 1417 1248 1465 Quo
1296 1419 1491 1473 exemplo
1538 1419 1666 1460 ceteri
1707 1419 1759 1460 ad

329 1490 447 1530 spem
479 1476 601 1517 uenie
634 1476 774 1526 erecti,
807 1475 1024 1516 mitissima
1056 1475 1284 1516 Absalonis
1316 1489 1445 1530 opera
1476 1491 1619 1532 parem
1652 1478 1760 1531 regis

331 1532 693 1574 mansuetudinem
741 1533 905 1588 experti
950 1537 1060 1574 sunt.
1139 1532 1370 1587 Egregium
1416 1538 1516 1575 tunc
1566 1534 1760 1576 Kanutus

330 1590 533 1633 moderati
563 1590 689 1631 animi
720 1591 932 1644 specimen
966 1589 1093 1642 dedit,
1126 1604 1219 1631 cum
1251 1591 1482 1644 ulcionem,
1515 1605 1640 1646 quam
1672 1592 1760 1633 uni-

330 1662 546 1689 uersorum
590 1648 747 1689 crimen
794 1649 962 1700 meruit,
1007 1648 1129 1689 unius
1170 1647 1291 1689 amici
1333 1649 1527 1703 precibus
1570 1649 1758 1691 donauit.

330 1705 554 1760 Indignum
587 1705 910 1755 adolescentem,
942 1705 1060 1746 cuius
1088 1706 1221 1746 uirtus
1245 1707 1407 1747 externi
1438 1707 1632 1761 principis
1663 1721 1759 1748 acu-

328 1764 437 1804 mine
469 1763 720 1804 tentaretur!
782 1762 1078 1818 Compluribus
1121 1763 1228 1804 enim
1264 1762 1427 1805 Cesaris
1469 1765 1759 1819 legacionibus

329 1821 487 1862 curiam
531 1820 647 1861 adire
688 1824 947 1876 paterneque
986 1820 1172 1862 amicicie
1213 1822 1523 1863 successionem
1555 1826 1760 1878 expetere

327 1878 476 1927 iussus,
506 1878 790 1919 intercedente
818 1880 1050 1919 amicorum
1082 1877 1268 1930 consilio,
1301 1892 1426 1933 quam
1452 1879 1758 1923 modestissime

327 1936 551 1990 rescripsit,
583 1936 870 1977 excusacionis
892 1936 1033 1977 uerbis
1055 1950 1080 1976 a
1111 1935 1314 1990 regnandi
1345 1938 1534 1979 nouitate
1568 1938 1758 1991 quesitis.

328 1992 540 2048 Siquidem
583 1994 748 2035 arbitris
794 1994 880 2035 eius
928 2007 1106 2036 excussa
1153 1997 1276 2047 atque
1325 1994 1541 2049 explorata
1592 1994 1757 2037 Cesaris

328 2050 530 2092 calliditas
572 2056 684 2105 erat,
727 2051 888 2092 hisdem
931 2051 1104 2106 perfidie
1135 2051 1294 2105 laqueis
1332 2051 1403 2092 filii
1445 2053 1757 2107 simplicitatem

329 2108 614 2150 circunuenire
646 2108 962 2162 studenti[bu]s,
996 2109 1146 2163 quibus
1179 2108 1275 2149 olim
1303 2109 1432 2163 patris
1465 2110 1758 2151 credulitatem

318 2165 579 2220 implicatam
601 2166 819 2207 habuerat.
870 2166 946 2207 Cui
971 2180 1065 2207 cum
1089 2165 1229 2218 Cesar,
1252 2170 1494 2221 erepturum
1516 2182 1560 2209 se
1581 2182 1757 2222 regnum

329 2223 483 2279 aliique
531 2224 745 2274 daturum,
799 2224 925 2279 plena
969 2224 1174 2264 minarum
1235 2224 1410 2279 epistola
1460 2225 1757 2280 respondisset,

329 2280 463 2322 solum
491 2280 572 2322 hoc
611 2282 840 2323 rescribere
883 2287 1104 2323 contentus
1134 2281 1223 2334 fuit,
1256 2282 1521 2334 querendum
1563 2283 1758 2324 uidelicet

330 2337 474 2380 Cesari
505 2352 619 2390 esse,
650 2339 893 2394 priusquam
934 2339 1014 2380 sibi
1043 2344 1216 2394 regnum
1249 2339 1428 2393 adimat,
1468 2341 1539 2395 qui
1576 2341 1756 2382 Daniam

328 2396 371 2437 in
415 2396 504 2438 eius
547 2395 747 2437 beneficio
791 2410 999 2451 reponere
1042 2397 1194 2452 cupiat.
1268 2396 1362 2444 Qua
1404 2398 1594 2452 responsi
1634 2398 1756 2440 liber-

329 2458 418 2495 tate
465 2467 546 2495 non
596 2453 731 2495 solum
782 2455 1009 2496 minantem
1056 2455 1197 2508 elusit,
1253 2468 1400 2495 uerum
1454 2456 1585 2497 eciam
1630 2455 1756 2510 pluri-

329 2525 443 2552 mum
474 2525 499 2552 a
530 2525 574 2553 se
603 2511 752 2552 fiducie
782 2512 824 2552 in
856 2513 1007 2554 ciuium
1048 2511 1197 2554 animis
1228 2512 1377 2566 reponi
1419 2513 1570 2555 docuit.
1629 2513 1756 2568 Apud

329 2582 474 2623 quem.
496 2567 624 2610 Cesar
661 2567 816 2610 frustra
857 2571 1025 2612 monitis
1066 2570 1200 2624 egisse
1238 2584 1284 2611 se
1326 2569 1495 2621 uidens,
1527 2569 1753 2626 Syfridum,

327 2626 398 2681 qui
428 2640 617 2668 sororem
645 2626 774 2682 ipsius
805 2627 847 2668 in
880 2628 1142 2670 matrimonio
1168 2627 1364 2680 habebat,
1394 2629 1608 2682 subornat,
1640 2629 1752 2683 quod

1802 1070 1882 1099 CXC
