<?xml version="1.0" encoding="UTF-8"?>
<!DOCTYPE html PUBLIC "-//W3C//DTD XHTML 1.0 Transitional//EN"
    "http://www.w3.org/TR/xhtml1/DTD/xhtml1-transitional.dtd">
<html xmlns="http://www.w3.org/1999/xhtml" xml:lang="en" lang="en">
 <head>
  <title>
</title>
<meta http-equiv="Content-Type" content="text/html;charset=utf-8" />
  <meta name='ocr-system' content='tesseract 3.04.00' />
  <meta name='ocr-capabilities' content='ocr_page ocr_carea ocr_par ocr_line ocrx_word'/>
</head>
<body>
  <div class='ocr_page' id='page_1' title='image "./saxonisgrammatic00saxouoft_0359.png"; bbox 0 0 1884 3126; ppageno 0'>
   <div class='ocr_carea' id='block_1_1' title="bbox 94 878 128 905">
    <p class='ocr_par' dir='ltr' id='par_1_1' title="bbox 94 878 128 905">
     <span class='ocr_line' id='line_1_1' title="bbox 94 878 128 905; baseline -0.029 0"><span class='ocrx_word' id='word_1_1' title='bbox 94 878 128 905; x_wconf 81' lang='lat'>10</span> 
     </span>
    </p>
   </div>
   <div class='ocr_carea' id='block_1_2' title="bbox 94 1170 126 1197">
    <p class='ocr_par' dir='ltr' id='par_1_2' title="bbox 94 1170 126 1197">
     <span class='ocr_line' id='line_1_2' title="bbox 94 1170 126 1197; baseline 0.031 -1"><span class='ocrx_word' id='word_1_2' title='bbox 94 1170 126 1197; x_wconf 81' lang='lat'>15</span> 
     </span>
    </p>
   </div>
   <div class='ocr_carea' id='block_1_3' title="bbox 87 1752 127 1779">
    <p class='ocr_par' dir='ltr' id='par_1_3' title="bbox 87 1752 127 1779">
     <span class='ocr_line' id='line_1_3' title="bbox 87 1752 127 1779; baseline 0 0"><span class='ocrx_word' id='word_1_3' title='bbox 87 1752 127 1779; x_wconf 87' lang='grc'>25</span> 
     </span>
    </p>
   </div>
   <div class='ocr_carea' id='block_1_4' title="bbox 90 2042 127 2069">
    <p class='ocr_par' dir='ltr' id='par_1_4' title="bbox 90 2042 127 2069">
     <span class='ocr_line' id='line_1_4' title="bbox 90 2042 127 2069; baseline 0 0"><span class='ocrx_word' id='word_1_4' title='bbox 90 2042 127 2069; x_wconf 81' lang='grc'>30</span> 
     </span>
    </p>
   </div>
   <div class='ocr_carea' id='block_1_5' title="bbox 89 2332 179 2361">
    <p class='ocr_par' dir='ltr' id='par_1_5' title="bbox 89 2332 179 2361">
     <span class='ocr_line' id='line_1_5' title="bbox 89 2332 179 2361; baseline 0 0"><span class='ocrx_word' id='word_1_5' title='bbox 89 2332 179 2361; x_wconf 44' lang='grc' dir='ltr'>35ἶ</span> 
     </span>
    </p>
   </div>
   <div class='ocr_carea' id='block_1_6' title="bbox 90 2625 127 2654">
    <p class='ocr_par' dir='ltr' id='par_1_6' title="bbox 90 2625 127 2654">
     <span class='ocr_line' id='line_1_6' title="bbox 90 2625 127 2654; baseline 0 0"><span class='ocrx_word' id='word_1_6' title='bbox 90 2625 127 2654; x_wconf 76' lang='lat'>40</span> 
     </span>
    </p>
   </div>
   <div class='ocr_carea' id='block_1_7' title="bbox 711 213 1606 262">
    <p class='ocr_par' dir='ltr' id='par_1_7' title="bbox 711 213 1606 262">
     <span class='ocr_line' id='line_1_7' title="bbox 711 213 1606 262; baseline 0.008 -7"><span class='ocrx_word' id='word_1_7' title='bbox 711 239 766 246; x_wconf 91' lang='lat'>-—</span> <span class='ocrx_word' id='word_1_8' title='bbox 824 213 938 256; x_wconf 87' lang='lat' dir='ltr'><strong>VIII</strong></span> <span class='ocrx_word' id='word_1_9' title='bbox 1002 239 1047 244; x_wconf 87' lang='lat'>——</span> <span class='ocrx_word' id='word_1_10' title='bbox 1524 221 1606 262; x_wconf 87' lang='grc'>265</span> 
     </span>
    </p>
   </div>
   <div class='ocr_carea' id='block_1_8' title="bbox 157 341 1608 2672">
    <p class='ocr_par' dir='ltr' id='par_1_8' title="bbox 157 341 1608 2672">
     <span class='ocr_line' id='line_1_8' title="bbox 163 341 1607 400; baseline 0.001 -13"><span class='ocrx_word' id='word_1_11' title='bbox 163 342 379 399; x_wconf 90' lang='lat' dir='ltr'>obsequio.</span> <span class='ocrx_word' id='word_1_12' title='bbox 439 342 577 398; x_wconf 82' lang='lat' dir='ltr'><strong>Igitur</strong></span> <span class='ocrx_word' id='word_1_13' title='bbox 607 341 820 395; x_wconf 70' lang='lat' dir='ltr'>Hethm,</span> <span class='ocrx_word' id='word_1_14' title='bbox 864 344 916 386; x_wconf 88' lang='lat' dir='ltr'>ad</span> <span class='ocrx_word' id='word_1_15' title='bbox 955 359 999 387; x_wconf 90' lang='lat' dir='ltr'>se</span> <span class='ocrx_word' id='word_1_16' title='bbox 1040 346 1185 387; x_wconf 89' lang='lat' dir='ltr'>uenire</span> <span class='ocrx_word' id='word_1_17' title='bbox 1224 347 1405 400; x_wconf 81' lang='lat' dir='ltr'>iussam,</span> <span class='ocrx_word' id='word_1_18' title='bbox 1446 348 1607 391; x_wconf 90' lang='lat' dir='ltr'>cunctis</span> 
     </span>
     <span class='ocr_line' id='line_1_9' title="bbox 163 400 1607 459; baseline 0.003 -15"><span class='ocrx_word' id='word_1_19' title='bbox 163 405 302 459; x_wconf 88' lang='lat' dir='ltr'>preter</span> <span class='ocrx_word' id='word_1_20' title='bbox 325 401 481 443; x_wconf 90' lang='lat' dir='ltr'>Iutiam</span> <span class='ocrx_word' id='word_1_21' title='bbox 518 400 819 443; x_wconf 81' lang='lat' dir='ltr'>dominacionis</span> <span class='ocrx_word' id='word_1_22' title='bbox 848 417 923 445; x_wconf 92' lang='lat' dir='ltr'>sue</span> <span class='ocrx_word' id='word_1_23' title='bbox 954 404 1144 458; x_wconf 89' lang='lat' dir='ltr'>partibus</span> <span class='ocrx_word' id='word_1_24' title='bbox 1176 405 1323 447; x_wconf 78' lang='lat' dir='ltr'>cedere</span> <span class='ocrx_word' id='word_1_25' title='bbox 1357 410 1454 448; x_wconf 87' lang='lat' dir='ltr'>ante</span> <span class='ocrx_word' id='word_1_26' title='bbox 1486 407 1607 448; x_wconf 90' lang='lat' dir='ltr'>minis</span> 
     </span>
     <span class='ocr_line' id='line_1_10' title="bbox 162 459 1605 525; baseline 0.003 -23"><span class='ocrx_word' id='word_1_27' title='bbox 162 474 290 525; x_wconf 84' lang='lat' dir='ltr'>quam</span> <span class='ocrx_word' id='word_1_28' title='bbox 321 459 446 500; x_wconf 83' lang='lat' dir='ltr'>armis</span> <span class='ocrx_word' id='word_1_29' title='bbox 479 459 644 514; x_wconf 82' lang='lat' dir='ltr'>coegit,</span> <span class='ocrx_word' id='word_1_30' title='bbox 691 461 910 516; x_wconf 83' lang='lat' dir='ltr'>ipsamque</span> <span class='ocrx_word' id='word_1_31' title='bbox 942 461 1118 513; x_wconf 80' lang='lat' dir='ltr'>lutiam,</span> <span class='ocrx_word' id='word_1_32' title='bbox 1160 477 1212 504; x_wconf 91' lang='lat' dir='ltr'>ne</span> <span class='ocrx_word' id='word_1_33' title='bbox 1244 463 1395 505; x_wconf 88' lang='lat' dir='ltr'>femine</span> <span class='ocrx_word' id='word_1_34' title='bbox 1428 465 1605 506; x_wconf 88' lang='lat' dir='ltr'>liberum</span> 
     </span>
     <span class='ocr_line' id='line_1_11' title="bbox 162 493 1608 578; baseline 0.003 -18"><span class='ocrx_word' id='word_1_35' title='bbox 162 518 282 573; x_wconf 76' lang='lat' dir='ltr'>legni</span> <span class='ocrx_word' id='word_1_36' title='bbox 326 531 447 559; x_wconf 89' lang='lat' dir='ltr'>usum</span> <span class='ocrx_word' id='word_1_37' title='bbox 491 493 717 571; x_wconf 61' lang='lat' dir='ltr'>tribueiet,</span> <span class='ocrx_word' id='word_1_38' title='bbox 759 519 1012 574; x_wconf 87' lang='lat' dir='ltr'>uectigalem</span> <span class='ocrx_word' id='word_1_39' title='bbox 1045 520 1196 563; x_wconf 86' lang='lat' dir='ltr'>effecit.</span> <span class='ocrx_word' id='word_1_40' title='bbox 1257 521 1407 563; x_wconf 86' lang='lat' dir='ltr'>Filium</span> <span class='ocrx_word' id='word_1_41' title='bbox 1439 537 1608 578; x_wconf 90' lang='lat' dir='ltr'>quoque</span> 
     </span>
     <span class='ocr_line' id='line_1_12' title="bbox 161 575 1607 633; baseline 0.004 -16"><span class='ocrx_word' id='word_1_42' title='bbox 161 575 417 632; x_wconf 86' lang='lat' dir='ltr'>procreauit,</span> <span class='ocrx_word' id='word_1_43' title='bbox 450 577 517 617; x_wconf 91' lang='lat' dir='ltr'>cui</span> <span class='ocrx_word' id='word_1_44' title='bbox 540 575 740 619; x_wconf 89' lang='lat' dir='ltr'>Omundo</span> <span class='ocrx_word' id='word_1_45' title='bbox 764 577 1019 619; x_wconf 90' lang='lat' dir='ltr'>uocabulum</span> <span class='ocrx_word' id='word_1_46' title='bbox 1041 579 1195 633; x_wconf 79' lang='lat' dir='ltr'>posuit.</span> <span class='ocrx_word' id='word_1_47' title='bbox 1240 579 1437 621; x_wconf 83' lang='lat' dir='ltr'>Ceterum</span> <span class='ocrx_word' id='word_1_48' title='bbox 1461 581 1607 623; x_wconf 89' lang='lat' dir='ltr'>crude-</span> 
     </span>
     <span class='ocr_line' id='line_1_13' title="bbox 160 634 1606 701; baseline 0.002 -24"><span class='ocrx_word' id='word_1_49' title='bbox 160 636 266 677; x_wconf 88' lang='lat' dir='ltr'>litati</span> <span class='ocrx_word' id='word_1_50' title='bbox 287 634 475 676; x_wconf 87' lang='lat' dir='ltr'>intentus</span> <span class='ocrx_word' id='word_1_51' title='bbox 498 639 584 675; x_wconf 89' lang='lat' dir='ltr'>tam</span> <span class='ocrx_word' id='word_1_52' title='bbox 598 635 782 701; x_wconf 82' lang='lat' dir='ltr'>impium</span> <span class='ocrx_word' id='word_1_53' title='bbox 802 650 947 690; x_wconf 83' lang='lat' dir='ltr'>regem</span> <span class='ocrx_word' id='word_1_54' title='bbox 977 636 1145 690; x_wconf 85' lang='lat' dir='ltr'>agebat,</span> <span class='ocrx_word' id='word_1_55' title='bbox 1178 644 1224 679; x_wconf 86' lang='lat' dir='ltr'>ut</span> <span class='ocrx_word' id='word_1_56' title='bbox 1247 639 1439 692; x_wconf 83' lang='lat' dir='ltr'>superior</span> <span class='ocrx_word' id='word_1_57' title='bbox 1461 639 1606 693; x_wconf 84' lang='lat' dir='ltr'>regine</span> 
     </span>
     <span class='ocr_line' id='line_1_14' title="bbox 162 693 1606 760; baseline 0.001 -25"><span class='ocrx_word' id='word_1_58' title='bbox 162 696 427 760; x_wconf 83' lang='lat' dir='ltr'>contemptus</span> <span class='ocrx_word' id='word_1_59' title='bbox 468 694 629 734; x_wconf 86' lang='lat' dir='ltr'>cunctis</span> <span class='ocrx_word' id='word_1_60' title='bbox 671 693 952 749; x_wconf 79' lang='lat' dir='ltr'>penitenciam</span> <span class='ocrx_word' id='word_1_61' title='bbox 996 699 1186 748; x_wconf 73' lang='lat' dir='ltr'>parer-‚et</span> <span class='ocrx_word' id='word_1_62' title='bbox 1233 696 1382 751; x_wconf 88' lang='lat' dir='ltr'>quibus</span> <span class='ocrx_word' id='word_1_63' title='bbox 1428 711 1606 751; x_wconf 82' lang='lat' dir='ltr'>regnum</span> 
     </span>
     <span class='ocr_line' id='line_1_15' title="bbox 163 750 1606 809; baseline 0.002 -16"><span class='ocrx_word' id='word_1_64' title='bbox 163 752 254 793; x_wconf 89' lang='lat' dir='ltr'>eius</span> <span class='ocrx_word' id='word_1_65' title='bbox 295 750 445 792; x_wconf 81' lang='lat' dir='ltr'>rubori</span> <span class='ocrx_word' id='word_1_66' title='bbox 486 750 651 794; x_wconf 85' lang='lat' dir='ltr'>fuisset.</span> <span class='ocrx_word' id='word_1_67' title='bbox 713 751 950 793; x_wconf 76' lang='lat' dir='ltr'>Duode‹im</span> <span class='ocrx_word' id='word_1_68' title='bbox 982 753 1123 806; x_wconf 85' lang='lat' dir='ltr'>duces,</span> <span class='ocrx_word' id='word_1_69' title='bbox 1155 754 1244 795; x_wconf 87' lang='lat' dir='ltr'>siue</span> <span class='ocrx_word' id='word_1_70' title='bbox 1274 755 1410 809; x_wconf 90' lang='lat' dir='ltr'>pat1ie</span> <span class='ocrx_word' id='word_1_71' title='bbox 1442 755 1606 796; x_wconf 87' lang='lat' dir='ltr'>calami-</span> 
     </span>
     <span class='ocr_line' id='line_1_16' title="bbox 163 808 1605 865; baseline 0.002 -14"><span class='ocrx_word' id='word_1_72' title='bbox 163 810 322 851; x_wconf 86' lang='lat' dir='ltr'>tatibus</span> <span class='ocrx_word' id='word_1_73' title='bbox 354 808 457 850; x_wconf 92' lang='lat' dir='ltr'>moti</span> <span class='ocrx_word' id='word_1_74' title='bbox 488 809 580 850; x_wconf 92' lang='lat' dir='ltr'>siue</span> <span class='ocrx_word' id='word_1_75' title='bbox 613 809 739 852; x_wconf 90' lang='lat' dir='ltr'>Oloni</span> <span class='ocrx_word' id='word_1_76' title='bbox 773 811 825 852; x_wconf 89' lang='lat' dir='ltr'>ob</span> <span class='ocrx_word' id='word_1_77' title='bbox 859 811 983 852; x_wconf 84' lang='lat' dir='ltr'>aliam</span> <span class='ocrx_word' id='word_1_78' title='bbox 1028 810 1127 852; x_wconf 91' lang='lat' dir='ltr'>olim</span> <span class='ocrx_word' id='word_1_79' title='bbox 1159 826 1328 853; x_wconf 89' lang='lat' dir='ltr'>causam</span> <span class='ocrx_word' id='word_1_80' title='bbox 1360 813 1515 865; x_wconf 84' lang='lat' dir='ltr'>infesti,</span> <span class='ocrx_word' id='word_1_81' title='bbox 1548 814 1605 854; x_wconf 93' lang='lat' dir='ltr'>in-</span> 
     </span>
     <span class='ocr_line' id='line_1_17' title="bbox 158 867 1608 924; baseline 0.002 -15"><span class='ocrx_word' id='word_1_82' title='bbox 158 868 284 910; x_wconf 87' lang='lat' dir='ltr'>sidias</span> <span class='ocrx_word' id='word_1_83' title='bbox 307 867 435 922; x_wconf 89' lang='lat' dir='ltr'>capiti</span> <span class='ocrx_word' id='word_1_84' title='bbox 458 868 548 908; x_wconf 80' lang='lat' dir='ltr'>eius</span> <span class='ocrx_word' id='word_1_85' title='bbox 573 882 801 924; x_wconf 88' lang='lat' dir='ltr'>preparare</span> <span class='ocrx_word' id='word_1_86' title='bbox 835 874 1052 924; x_wconf 87' lang='lat' dir='ltr'>ceperunt.</span> <span class='ocrx_word' id='word_1_87' title='bbox 1094 869 1162 911; x_wconf 84' lang='lat' dir='ltr'>Ex</span> <span class='ocrx_word' id='word_1_88' title='bbox 1185 870 1246 911; x_wconf 88' lang='lat' dir='ltr'>his</span> <span class='ocrx_word' id='word_1_89' title='bbox 1267 870 1386 912; x_wconf 88' lang='lat' dir='ltr'>fuere</span> <span class='ocrx_word' id='word_1_90' title='bbox 1406 870 1608 921; x_wconf 76' lang='lat' dir='ltr'>Lemnius,</span> 
     </span>
     <span class='ocr_line' id='line_1_18' title="bbox 160 925 1606 983; baseline 0.001 -15"><span class='ocrx_word' id='word_1_91' title='bbox 160 926 313 982; x_wconf 64' lang='lat' dir='ltr'>Atym,</span> <span class='ocrx_word' id='word_1_92' title='bbox 345 925 528 967; x_wconf 84' lang='lat' dir='ltr'>Thottus</span> <span class='ocrx_word' id='word_1_93' title='bbox 569 930 612 967; x_wconf 88' lang='lat' dir='ltr'>et</span> <span class='ocrx_word' id='word_1_94' title='bbox 643 927 856 980; x_wconf 76' lang='lat' dir='ltr'>Vithnus3</span> <span class='ocrx_word' id='word_1_95' title='bbox 901 928 972 983; x_wconf 92' lang='lat' dir='ltr'>qui</span> <span class='ocrx_word' id='word_1_96' title='bbox 1012 941 1254 983; x_wconf 83' lang='lat' dir='ltr'>quanquam</span> <span class='ocrx_word' id='word_1_97' title='bbox 1291 928 1404 983; x_wconf 88' lang='lat' dir='ltr'>apud</span> <span class='ocrx_word' id='word_1_98' title='bbox 1437 929 1606 970; x_wconf 84' lang='lat' dir='ltr'>Sclauos</span> 
     </span>
     <span class='ocr_line' id='line_1_19' title="bbox 159 984 1606 1042; baseline 0.001 -16"><span class='ocrx_word' id='word_1_99' title='bbox 159 984 443 1041; x_wconf 83' lang='lat' dir='ltr'>prefecturam</span> <span class='ocrx_word' id='word_1_100' title='bbox 491 984 689 1039; x_wconf 80' lang='lat' dir='ltr'>gerebat,</span> <span class='ocrx_word' id='word_1_101' title='bbox 733 985 882 1027; x_wconf 90' lang='lat' dir='ltr'>Danos</span> <span class='ocrx_word' id='word_1_102' title='bbox 928 990 1070 1028; x_wconf 90' lang='lat' dir='ltr'>tamen</span> <span class='ocrx_word' id='word_1_103' title='bbox 1119 986 1278 1041; x_wconf 88' lang='lat' dir='ltr'>origine</span> <span class='ocrx_word' id='word_1_104' title='bbox 1324 987 1606 1042; x_wconf 83' lang='lat' dir='ltr'>contingebat.</span> 
     </span>
     <span class='ocr_line' id='line_1_20' title="bbox 161 1042 1607 1101; baseline 0.001 -17"><span class='ocrx_word' id='word_1_105' title='bbox 161 1043 369 1085; x_wconf 84' lang='lat' dir='ltr'>Ceterum</span> <span class='ocrx_word' id='word_1_106' title='bbox 400 1042 450 1084; x_wconf 85' lang='lat' dir='ltr'>ad</span> <span class='ocrx_word' id='word_1_107' title='bbox 486 1043 780 1098; x_wconf 84' lang='lat' dir='ltr'>peragendum</span> <span class='ocrx_word' id='word_1_108' title='bbox 822 1044 986 1086; x_wconf 88' lang='lat' dir='ltr'>facinus</span> <span class='ocrx_word' id='word_1_109' title='bbox 1018 1059 1165 1101; x_wconf 88' lang='lat' dir='ltr'>parum</span> <span class='ocrx_word' id='word_1_110' title='bbox 1197 1045 1357 1086; x_wconf 89' lang='lat' dir='ltr'>uiribus</span> <span class='ocrx_word' id='word_1_111' title='bbox 1389 1051 1518 1100; x_wconf 86' lang='lat' dir='ltr'>atque</span> <span class='ocrx_word' id='word_1_112' title='bbox 1547 1046 1607 1086; x_wconf 91' lang='lat' dir='ltr'>in-</span> 
     </span>
     <span class='ocr_line' id='line_1_21' title="bbox 160 1101 1607 1158; baseline 0.001 -15"><span class='ocrx_word' id='word_1_113' title='bbox 160 1102 285 1156; x_wconf 89' lang='lat' dir='ltr'>genio</span> <span class='ocrx_word' id='word_1_114' title='bbox 329 1101 445 1153; x_wconf 79' lang='lat' dir='ltr'>freti,</span> <span class='ocrx_word' id='word_1_115' title='bbox 491 1101 671 1155; x_wconf 88' lang='lat' dir='ltr'>pecunia</span> <span class='ocrx_word' id='word_1_116' title='bbox 703 1102 1023 1145; x_wconf 86' lang='lat' dir='ltr'>Starcatherum</span> <span class='ocrx_word' id='word_1_117' title='bbox 1069 1102 1384 1158; x_wconf 75' lang='lat' dir='ltr'>ad&lt;s&gt;ciscunt.*</span> <span class='ocrx_word' id='word_1_118' title='bbox 1444 1104 1521 1144; x_wconf 93' lang='lat' dir='ltr'>Ille</span> <span class='ocrx_word' id='word_1_119' title='bbox 1563 1109 1607 1144; x_wconf 87' lang='lat' dir='ltr'>ut</span> 
     </span>
     <span class='ocr_line' id='line_1_22' title="bbox 157 1159 1608 1216; baseline -0.001 -14"><span class='ocrx_word' id='word_1_120' title='bbox 157 1174 248 1202; x_wconf 90' lang='lat' dir='ltr'>rem</span> <span class='ocrx_word' id='word_1_121' title='bbox 278 1159 391 1201; x_wconf 89' lang='lat' dir='ltr'>ferro</span> <span class='ocrx_word' id='word_1_122' title='bbox 425 1164 733 1215; x_wconf 75' lang='lat' dir='ltr'>exequeretur,</span> <span class='ocrx_word' id='word_1_123' title='bbox 773 1160 1009 1214; x_wconf 85' lang='lat' dir='ltr'>adductus,</span> <span class='ocrx_word' id='word_1_124' title='bbox 1042 1166 1235 1204; x_wconf 87' lang='lat' dir='ltr'>utentem</span> <span class='ocrx_word' id='word_1_125' title='bbox 1269 1161 1429 1203; x_wconf 89' lang='lat' dir='ltr'>balneis</span> <span class='ocrx_word' id='word_1_126' title='bbox 1452 1176 1608 1216; x_wconf 82' lang='lat' dir='ltr'>regem,</span> 
     </span>
     <span class='ocr_line' id='line_1_23' title="bbox 158 1195 1606 1286; baseline 0.001 -27"><span class='ocrx_word' id='word_1_127' title='bbox 158 1218 363 1274; x_wconf 83' lang='lat' dir='ltr'>susceptis</span> <span class='ocrx_word' id='word_1_128' title='bbox 405 1218 569 1259; x_wconf 85' lang='lat' dir='ltr'>cruenti</span> <span class='ocrx_word' id='word_1_129' title='bbox 609 1218 829 1261; x_wconf 86' lang='lat' dir='ltr'>ministerii</span> <span class='ocrx_word' id='word_1_130' title='bbox 867 1195 1081 1286; x_wconf 59' lang='lat' dir='ltr'>partib&#39;us,</span> <span class='ocrx_word' id='word_1_131' title='bbox 1129 1223 1337 1261; x_wconf 83' lang='lat' dir='ltr'>attentare</span> <span class='ocrx_word' id='word_1_132' title='bbox 1381 1221 1606 1262; x_wconf 81' lang='lat' dir='ltr'>constituit.</span> 
     </span>
     <span class='ocr_line' id='line_1_24' title="bbox 161 1276 1608 1334; baseline 0.001 -17"><span class='ocrx_word' id='word_1_133' title='bbox 161 1277 258 1325; x_wconf 81' lang='lat' dir='ltr'>Quo</span> <span class='ocrx_word' id='word_1_134' title='bbox 286 1276 458 1318; x_wconf 89' lang='lat' dir='ltr'>lauante</span> <span class='ocrx_word' id='word_1_135' title='bbox 490 1276 729 1330; x_wconf 79' lang='lat' dir='ltr'>ingressus,</span> <span class='ocrx_word' id='word_1_136' title='bbox 762 1291 865 1318; x_wconf 85' lang='lat' dir='ltr'>mox</span> <span class='ocrx_word' id='word_1_137' title='bbox 897 1278 982 1319; x_wconf 85' lang='lat' dir='ltr'>acri</span> <span class='ocrx_word' id='word_1_138' title='bbox 1013 1278 1143 1333; x_wconf 90' lang='lat' dir='ltr'>ipsius</span> <span class='ocrx_word' id='word_1_139' title='bbox 1185 1278 1278 1319; x_wconf 89' lang='lat' dir='ltr'>uisu</span> <span class='ocrx_word' id='word_1_140' title='bbox 1318 1278 1608 1334; x_wconf 84' lang='lat' dir='ltr'>luminumque</span> 
     </span>
     <span class='ocr_line' id='line_1_25' title="bbox 158 1333 1606 1391; baseline 0 -14"><span class='ocrx_word' id='word_1_141' title='bbox 158 1336 358 1377; x_wconf 90' lang='lat' dir='ltr'>continua</span> <span class='ocrx_word' id='word_1_142' title='bbox 388 1333 626 1377; x_wconf 82' lang='lat' dir='ltr'>mobilitate</span> <span class='ocrx_word' id='word_1_143' title='bbox 657 1335 919 1377; x_wconf 87' lang='lat' dir='ltr'>uibrancium</span> <span class='ocrx_word' id='word_1_144' title='bbox 950 1336 1116 1390; x_wconf 87' lang='lat' dir='ltr'>fulgore</span> <span class='ocrx_word' id='word_1_145' title='bbox 1149 1336 1407 1391; x_wconf 74' lang='lat' dir='ltr'>perstiictus,</span> <span class='ocrx_word' id='word_1_146' title='bbox 1441 1337 1606 1377; x_wconf 90' lang='lat' dir='ltr'>occulto</span> 
     </span>
     <span class='ocr_line' id='line_1_26' title="bbox 158 1392 1604 1450; baseline 0.001 -16"><span class='ocrx_word' id='word_1_147' title='bbox 158 1397 272 1434; x_wconf 89' lang='lat' dir='ltr'>metu</span> <span class='ocrx_word' id='word_1_148' title='bbox 308 1392 516 1434; x_wconf 84' lang='lat' dir='ltr'>hebetatis</span> <span class='ocrx_word' id='word_1_149' title='bbox 549 1394 748 1446; x_wconf 77' lang='lat' dir='ltr'>artubus,</span> <span class='ocrx_word' id='word_1_150' title='bbox 791 1395 1016 1449; x_wconf 89' lang='lat' dir='ltr'>uestigium</span> <span class='ocrx_word' id='word_1_151' title='bbox 1049 1395 1214 1450; x_wconf 90' lang='lat' dir='ltr'>pressit,</span> <span class='ocrx_word' id='word_1_152' title='bbox 1245 1394 1465 1450; x_wconf 87' lang='lat' dir='ltr'>relatoque</span> <span class='ocrx_word' id='word_1_153' title='bbox 1494 1394 1604 1450; x_wconf 83' lang='lat' dir='ltr'>pede</span> 
     </span>
     <span class='ocr_line' id='line_1_27' title="bbox 158 1449 1604 1519; baseline 0.001 -27"><span class='ocrx_word' id='word_1_154' title='bbox 158 1465 329 1494; x_wconf 88' lang='lat' dir='ltr'>manum</span> <span class='ocrx_word' id='word_1_155' title='bbox 352 1449 367 1504; x_wconf 81' lang='grc' dir='ltr'>Η</span> <span class='ocrx_word' id='word_1_156' title='bbox 390 1451 739 1507; x_wconf 77' lang='lat' dir='ltr'>piopositumque</span> <span class='ocrx_word' id='word_1_157' title='bbox 771 1452 1007 1518; x_wconf 88' lang='lat' dir='ltr'>suspendit.</span> <span class='ocrx_word' id='word_1_158' title='bbox 1060 1453 1209 1519; x_wconf 88' lang='lat' dir='ltr'>Itaque</span> <span class='ocrx_word' id='word_1_159' title='bbox 1242 1453 1314 1518; x_wconf 81' lang='lat' dir='ltr'>qui</span> <span class='ocrx_word' id='word_1_160' title='bbox 1344 1456 1407 1494; x_wconf 92' lang='lat' dir='ltr'>tot</span> <span class='ocrx_word' id='word_1_161' title='bbox 1438 1453 1604 1519; x_wconf 82' lang='lat' dir='ltr'>ducum,</span> 
     </span>
     <span class='ocr_line' id='line_1_28' title="bbox 158 1509 1605 1566; baseline 0 -15"><span class='ocrx_word' id='word_1_162' title='bbox 158 1514 223 1551; x_wconf 94' lang='lat' dir='ltr'>tot</span> <span class='ocrx_word' id='word_1_163' title='bbox 261 1509 456 1566; x_wconf 85' lang='lat' dir='ltr'>pugilum</span> <span class='ocrx_word' id='word_1_164' title='bbox 497 1523 615 1560; x_wconf 76' lang='lat' dir='ltr'>aima</span> <span class='ocrx_word' id='word_1_165' title='bbox 655 1510 934 1565; x_wconf 82' lang='lat' dir='ltr'>protriuerat‚</span> <span class='ocrx_word' id='word_1_166' title='bbox 981 1511 1103 1552; x_wconf 87' lang='lat' dir='ltr'>unius</span> <span class='ocrx_word' id='word_1_167' title='bbox 1144 1511 1313 1552; x_wconf 90' lang='lat' dir='ltr'>inermis</span> <span class='ocrx_word' id='word_1_168' title='bbox 1356 1512 1434 1552; x_wconf 87' lang='lat' dir='ltr'>uiri</span> <span class='ocrx_word' id='word_1_169' title='bbox 1475 1511 1605 1552; x_wconf 84' lang='lat' dir='ltr'>aciem</span> 
     </span>
     <span class='ocr_line' id='line_1_29' title="bbox 158 1567 1605 1623; baseline 0.002 -15"><span class='ocrx_word' id='word_1_170' title='bbox 158 1567 268 1610; x_wconf 84' lang='lat' dir='ltr'>ferre</span> <span class='ocrx_word' id='word_1_171' title='bbox 298 1581 384 1609; x_wconf 92' lang='lat' dir='ltr'>non</span> <span class='ocrx_word' id='word_1_172' title='bbox 415 1568 568 1623; x_wconf 90' lang='lat' dir='ltr'>potuit.</span> <span class='ocrx_word' id='word_1_173' title='bbox 609 1568 667 1609; x_wconf 91' lang='lat' dir='ltr'>At</span> <span class='ocrx_word' id='word_1_174' title='bbox 691 1568 782 1618; x_wconf 86' lang='grc' dir='ltr'>ΟΙο,</span> <span class='ocrx_word' id='word_1_175' title='bbox 805 1582 905 1611; x_wconf 86' lang='lat' dir='ltr'>sane</span> <span class='ocrx_word' id='word_1_176' title='bbox 928 1569 1072 1610; x_wconf 91' lang='lat' dir='ltr'>uultus</span> <span class='ocrx_word' id='word_1_177' title='bbox 1103 1569 1168 1610; x_wconf 89' lang='lat' dir='ltr'>sui</span> <span class='ocrx_word' id='word_1_178' title='bbox 1199 1569 1405 1622; x_wconf 85' lang='lat' dir='ltr'>conscius,</span> <span class='ocrx_word' id='word_1_179' title='bbox 1438 1569 1605 1611; x_wconf 88' lang='lat' dir='ltr'>obtecto</span> 
     </span>
     <span class='ocr_line' id='line_1_30' title="bbox 159 1625 1603 1682; baseline 0 -15"><span class='ocrx_word' id='word_1_180' title='bbox 159 1639 253 1678; x_wconf 83' lang='lat' dir='ltr'>ore,</span> <span class='ocrx_word' id='word_1_181' title='bbox 296 1625 499 1667; x_wconf 85' lang='lat' dir='ltr'>accedere</span> <span class='ocrx_word' id='word_1_182' title='bbox 531 1641 629 1668; x_wconf 90' lang='lat' dir='ltr'>eum</span> <span class='ocrx_word' id='word_1_183' title='bbox 661 1627 835 1682; x_wconf 85' lang='lat' dir='ltr'>propius</span> <span class='ocrx_word' id='word_1_184' title='bbox 869 1631 932 1679; x_wconf 85' lang='lat' dir='ltr'>et,</span> <span class='ocrx_word' id='word_1_185' title='bbox 975 1626 1073 1682; x_wconf 91' lang='lat' dir='ltr'>quid</span> <span class='ocrx_word' id='word_1_186' title='bbox 1104 1626 1274 1680; x_wconf 24' lang='lat' dir='ltr'>aflQerat</span> <span class='ocrx_word' id='word_1_187' title='bbox 1307 1627 1430 1668; x_wconf 87' lang='lat' dir='ltr'>edere</span> <span class='ocrx_word' id='word_1_188' title='bbox 1462 1627 1603 1676; x_wconf 82' lang='lat' dir='ltr'>iubet;</span> 
     </span>
     <span class='ocr_line' id='line_1_31' title="bbox 159 1661 1603 1749; baseline -0.001 -24"><span class='ocrx_word' id='word_1_189' title='bbox 159 1684 316 1749; x_wconf 77' lang='lat' dir='ltr'>quippe</span> <span class='ocrx_word' id='word_1_190' title='bbox 349 1698 474 1749; x_wconf 81' lang='lat' dir='ltr'>quem</span> <span class='ocrx_word' id='word_1_191' title='bbox 515 1689 708 1726; x_wconf 88' lang='lat' dir='ltr'>uetustas</span> <span class='ocrx_word' id='word_1_192' title='bbox 756 1661 974 1728; x_wconf 71' lang='lat' dir='ltr'>conuictiis</span> <span class='ocrx_word' id='word_1_193' title='bbox 1016 1689 1057 1726; x_wconf 91' lang='lat' dir='ltr'>et</span> <span class='ocrx_word' id='word_1_194' title='bbox 1098 1685 1227 1738; x_wconf 89' lang='lat' dir='ltr'>longa</span> <span class='ocrx_word' id='word_1_195' title='bbox 1274 1684 1564 1726; x_wconf 82' lang='lat' dir='ltr'>familiaritatis</span> <span class='ocrx_word' id='word_1_196' title='bbox 1599 1682 1603 1739; x_wconf 81' lang='lat'>1</span> 
     </span>
     <span class='ocr_line' id='line_1_32' title="bbox 158 1741 1603 1798; baseline -0.001 -14"><span class='ocrx_word' id='word_1_197' title='bbox 158 1742 428 1798; x_wconf 81' lang='lat' dir='ltr'>experiencia</span> <span class='ocrx_word' id='word_1_198' title='bbox 449 1742 502 1783; x_wconf 92' lang='lat' dir='ltr'>ab</span> <span class='ocrx_word' id='word_1_199' title='bbox 525 1741 772 1784; x_wconf 84' lang='lat' dir='ltr'>insidiarum</span> <span class='ocrx_word' id='word_1_200' title='bbox 793 1744 1032 1798; x_wconf 87' lang='lat' dir='ltr'>suspicione</span> <span class='ocrx_word' id='word_1_201' title='bbox 1055 1743 1354 1785; x_wconf 88' lang='lat' dir='ltr'>alienissimum</span> <span class='ocrx_word' id='word_1_202' title='bbox 1380 1742 1603 1784; x_wconf 85' lang='lat' dir='ltr'>faciebant.</span> 
     </span>
     <span class='ocr_line' id='line_1_33' title="bbox 158 1799 1604 1856; baseline -0.001 -15"><span class='ocrx_word' id='word_1_203' title='bbox 158 1801 216 1842; x_wconf 92' lang='lat' dir='ltr'>At</span> <span class='ocrx_word' id='word_1_204' title='bbox 248 1800 318 1842; x_wconf 89' lang='lat' dir='ltr'>ille</span> <span class='ocrx_word' id='word_1_205' title='bbox 349 1799 547 1843; x_wconf 85' lang='lat' dir='ltr'>destricto</span> <span class='ocrx_word' id='word_1_206' title='bbox 587 1815 787 1843; x_wconf 88' lang='lat' dir='ltr'>mucrone</span> <span class='ocrx_word' id='word_1_207' title='bbox 832 1802 1052 1856; x_wconf 86' lang='lat' dir='ltr'>prosiliens</span> <span class='ocrx_word' id='word_1_208' title='bbox 1095 1801 1417 1844; x_wconf 87' lang='lat' dir='ltr'>transuerberat</span> <span class='ocrx_word' id='word_1_209' title='bbox 1447 1815 1604 1853; x_wconf 76' lang='lat' dir='ltr'>regem,</span> 
     </span>
     <span class='ocr_line' id='line_1_34' title="bbox 157 1835 1608 1925; baseline -0.001 -25"><span class='ocrx_word' id='word_1_210' title='bbox 157 1858 415 1914; x_wconf 90' lang='lat' dir='ltr'>nitentisque</span> <span class='ocrx_word' id='word_1_211' title='bbox 462 1872 686 1925; x_wconf 84' lang='lat' dir='ltr'>assurgere</span> <span class='ocrx_word' id='word_1_212' title='bbox 732 1859 924 1914; x_wconf 91' lang='lat' dir='ltr'>iugulum</span> <span class='ocrx_word' id='word_1_213' title='bbox 971 1859 1082 1901; x_wconf 85' lang='lat' dir='ltr'>ferit.</span> <span class='ocrx_word' id='word_1_214' title='bbox 1146 1859 1328 1901; x_wconf 81' lang='lat' dir='ltr'>Centum</span> <span class='ocrx_word' id='word_1_215' title='bbox 1375 1862 1416 1901; x_wconf 90' lang='lat' dir='ltr'>et</span> <span class='ocrx_word' id='word_1_216' title='bbox 1459 1835 1608 1911; x_wconf 77' lang='lat' dir='ltr'>uiginti</span> 
     </span>
     <span class='ocr_line' id='line_1_35' title="bbox 159 1916 1605 1973; baseline -0.001 -16"><span class='ocrx_word' id='word_1_217' title='bbox 159 1917 248 1957; x_wconf 88' lang='lat' dir='ltr'>auri</span> <span class='ocrx_word' id='word_1_218' title='bbox 271 1916 409 1958; x_wconf 90' lang='lat' dir='ltr'>libre</span> <span class='ocrx_word' id='word_1_219' title='bbox 398 1931 440 1958; x_wconf 87' lang='lat'>111</span> <span class='ocrx_word' id='word_1_220' title='bbox 467 1918 630 1972; x_wconf 89' lang='lat' dir='ltr'>premio</span> <span class='ocrx_word' id='word_1_221' title='bbox 664 1917 996 1973; x_wconf 74' lang='lat' dir='ltr'>reponebantur</span> <span class='ocrx_word' id='word_1_222' title='bbox 1037 1918 1140 1959; x_wconf 83' lang='lat' dir='ltr'>Post</span> <span class='ocrx_word' id='word_1_223' title='bbox 1171 1917 1339 1959; x_wconf 91' lang='lat' dir='ltr'>modum</span> <span class='ocrx_word' id='word_1_224' title='bbox 1370 1916 1605 1971; x_wconf 81' lang='lat' dir='ltr'>penitencia</span> 
     </span>
     <span class='ocr_line' id='line_1_36' title="bbox 159 1974 1604 2030; baseline -0.001 -15"><span class='ocrx_word' id='word_1_225' title='bbox 159 1989 207 2016; x_wconf 89' lang='lat' dir='ltr'>ac</span> <span class='ocrx_word' id='word_1_226' title='bbox 248 1974 410 2030; x_wconf 88' lang='lat' dir='ltr'>pudore</span> <span class='ocrx_word' id='word_1_227' title='bbox 452 1976 696 2030; x_wconf 83' lang='lat' dir='ltr'>perculsus,</span> <span class='ocrx_word' id='word_1_228' title='bbox 736 1980 854 2017; x_wconf 87' lang='lat' dir='ltr'>tanta</span> <span class='ocrx_word' id='word_1_229' title='bbox 898 1976 1025 2018; x_wconf 82' lang='lat' dir='ltr'>animi</span> <span class='ocrx_word' id='word_1_230' title='bbox 1067 1975 1298 2017; x_wconf 86' lang='lat' dir='ltr'>acerbitate</span> <span class='ocrx_word' id='word_1_231' title='bbox 1340 1974 1604 2017; x_wconf 89' lang='lat' dir='ltr'>commissum</span> 
     </span>
     <span class='ocr_line' id='line_1_37' title="bbox 157 2032 1604 2087; baseline -0.001 -14"><span class='ocrx_word' id='word_1_232' title='bbox 157 2033 320 2074; x_wconf 89' lang='lat' dir='ltr'>facinus</span> <span class='ocrx_word' id='word_1_233' title='bbox 360 2032 491 2086; x_wconf 81' lang='lat' dir='ltr'>luxit,</span> <span class='ocrx_word' id='word_1_234' title='bbox 532 2039 602 2087; x_wconf 89' lang='lat' dir='ltr'>ut,</span> <span class='ocrx_word' id='word_1_235' title='bbox 645 2034 679 2075; x_wconf 89' lang='lat' dir='ltr'>si</span> <span class='ocrx_word' id='word_1_236' title='bbox 710 2035 974 2077; x_wconf 88' lang='lat' dir='ltr'>mencionem</span> <span class='ocrx_word' id='word_1_237' title='bbox 1008 2036 1097 2076; x_wconf 87' lang='lat' dir='ltr'>eius</span> <span class='ocrx_word' id='word_1_238' title='bbox 1128 2033 1315 2075; x_wconf 84' lang='lat' dir='ltr'>incidere</span> <span class='ocrx_word' id='word_1_239' title='bbox 1346 2032 1604 2087; x_wconf 85' lang='lat' dir='ltr'>contigisset</span> 
     </span>
     <span class='ocr_line' id='line_1_38' title="bbox 159 2090 1605 2157; baseline -0.001 -26"><span class='ocrx_word' id='word_1_240' title='bbox 159 2105 184 2132; x_wconf 93' lang='lat' dir='ltr'>a</span> <span class='ocrx_word' id='word_1_241' title='bbox 205 2090 431 2157; x_wconf 79' lang='lat' dir='ltr'>lachrymis</span> <span class='ocrx_word' id='word_1_242' title='bbox 462 2096 701 2146; x_wconf 88' lang='lat' dir='ltr'>temperare</span> <span class='ocrx_word' id='word_1_243' title='bbox 734 2107 819 2134; x_wconf 92' lang='lat' dir='ltr'>non</span> <span class='ocrx_word' id='word_1_244' title='bbox 850 2098 1006 2148; x_wconf 87' lang='lat' dir='ltr'>posset.</span> <span class='ocrx_word' id='word_1_245' title='bbox 1048 2092 1172 2135; x_wconf 89' lang='lat' dir='ltr'>Adeo</span> <span class='ocrx_word' id='word_1_246' title='bbox 1196 2092 1318 2148; x_wconf 90' lang='lat' dir='ltr'>culpe</span> <span class='ocrx_word' id='word_1_247' title='bbox 1341 2091 1605 2133; x_wconf 86' lang='lat' dir='ltr'>atrocitatem</span> 
     </span>
     <span class='ocr_line' id='line_1_39' title="bbox 160 2147 1602 2215; baseline -0.002 -25"><span class='ocrx_word' id='word_1_248' title='bbox 160 2149 411 2205; x_wconf 88' lang='lat' dir='ltr'>resipiscens</span> <span class='ocrx_word' id='word_1_249' title='bbox 450 2151 615 2193; x_wconf 89' lang='lat' dir='ltr'>animus</span> <span class='ocrx_word' id='word_1_250' title='bbox 657 2151 947 2194; x_wconf 85' lang='lat' dir='ltr'>erubescebat.</span> <span class='ocrx_word' id='word_1_251' title='bbox 1008 2150 1215 2193; x_wconf 87' lang='lat' dir='ltr'>Preterea</span> <span class='ocrx_word' id='word_1_252' title='bbox 1249 2151 1411 2215; x_wconf 88' lang='lat' dir='ltr'>aliquot</span> <span class='ocrx_word' id='word_1_253' title='bbox 1442 2164 1495 2191; x_wconf 82' lang='lat' dir='ltr'>ex</span> <span class='ocrx_word' id='word_1_254' title='bbox 1527 2147 1602 2200; x_wconf 83' lang='lat' dir='ltr'>his,</span> 
     </span>
     <span class='ocr_line' id='line_1_40' title="bbox 159 2205 1603 2263; baseline -0.002 -14"><span class='ocrx_word' id='word_1_255' title='bbox 159 2221 339 2263; x_wconf 90' lang='lat' dir='ltr'>quorum</span> <span class='ocrx_word' id='word_1_256' title='bbox 361 2207 559 2251; x_wconf 90' lang='lat' dir='ltr'>instinctu</span> <span class='ocrx_word' id='word_1_257' title='bbox 581 2223 682 2251; x_wconf 89' lang='lat' dir='ltr'>usus</span> <span class='ocrx_word' id='word_1_258' title='bbox 704 2209 888 2259; x_wconf 83' lang='lat' dir='ltr'>fuerat‚&#39;</span> <span class='ocrx_word' id='word_1_259' title='bbox 879 2224 919 2250; x_wconf 88' lang='lat' dir='ltr'>m</span> <span class='ocrx_word' id='word_1_260' title='bbox 943 2209 1112 2251; x_wconf 85' lang='lat' dir='ltr'>sceleris</span> <span class='ocrx_word' id='word_1_261' title='bbox 1135 2222 1160 2250; x_wconf 87' lang='lat' dir='ltr'>a</span> <span class='ocrx_word' id='word_1_262' title='bbox 1179 2223 1224 2250; x_wconf 89' lang='lat' dir='ltr'>se</span> <span class='ocrx_word' id='word_1_263' title='bbox 1246 2207 1453 2250; x_wconf 88' lang='lat' dir='ltr'>commissi</span> <span class='ocrx_word' id='word_1_264' title='bbox 1471 2205 1603 2247; x_wconf 90' lang='lat' dir='ltr'>uindi-</span> 
     </span>
     <span class='ocr_line' id='line_1_41' title="bbox 160 2265 1602 2322; baseline -0.001 -16"><span class='ocrx_word' id='word_1_265' title='bbox 160 2270 269 2307; x_wconf 88' lang='lat' dir='ltr'>ctam</span> <span class='ocrx_word' id='word_1_266' title='bbox 289 2265 456 2320; x_wconf 82' lang='lat' dir='ltr'>oceidit,</span> <span class='ocrx_word' id='word_1_267' title='bbox 474 2272 529 2321; x_wconf 87' lang='lat' dir='ltr'>et,</span> <span class='ocrx_word' id='word_1_268' title='bbox 547 2267 615 2308; x_wconf 90' lang='lat' dir='ltr'>cui</span> <span class='ocrx_word' id='word_1_269' title='bbox 632 2267 745 2308; x_wconf 85' lang='lat' dir='ltr'>facto</span> <span class='ocrx_word' id='word_1_270' title='bbox 770 2281 939 2309; x_wconf 88' lang='lat' dir='ltr'>manum</span> <span class='ocrx_word' id='word_1_271' title='bbox 962 2267 1182 2321; x_wconf 84' lang='lat' dir='ltr'>tribuerat,</span> <span class='ocrx_word' id='word_1_272' title='bbox 1199 2266 1367 2322; x_wconf 86' lang='lat' dir='ltr'>prebuit</span> <span class='ocrx_word' id='word_1_273' title='bbox 1382 2265 1602 2306; x_wconf 89' lang='lat' dir='ltr'>ulcionem.</span> 
     </span>
     <span class='ocr_line' id='line_1_42' title="bbox 296 2322 1602 2378; baseline -0.002 -13"><span class='ocrx_word' id='word_1_274' title='bbox 296 2322 497 2366; x_wconf 84' lang='lat' dir='ltr'>Ceterum</span> <span class='ocrx_word' id='word_1_275' title='bbox 545 2324 789 2367; x_wconf 88' lang='lat' dir='ltr'>Omundum</span> <span class='ocrx_word' id='word_1_276' title='bbox 836 2326 967 2378; x_wconf 87' lang='lat' dir='ltr'>Dani,</span> <span class='ocrx_word' id='word_1_277' title='bbox 1016 2324 1150 2367; x_wconf 92' lang='lat' dir='ltr'>Olone</span> <span class='ocrx_word' id='word_1_278' title='bbox 1197 2328 1357 2374; x_wconf 86' lang='lat' dir='ltr'>ortum,</span> <span class='ocrx_word' id='word_1_279' title='bbox 1405 2336 1602 2363; x_wconf 78' lang='lat' dir='ltr'>cieauere</span> 
     </span>
     <span class='ocr_line' id='line_1_43' title="bbox 160 2356 1604 2438; baseline -0.002 -16"><span class='ocrx_word' id='word_1_280' title='bbox 160 2391 328 2436; x_wconf 87' lang='lat' dir='ltr'>regem,</span> <span class='ocrx_word' id='word_1_281' title='bbox 359 2382 456 2437; x_wconf 92' lang='lat' dir='ltr'>plus</span> <span class='ocrx_word' id='word_1_282' title='bbox 488 2384 675 2438; x_wconf 86' lang='lat' dir='ltr'>parentis</span> <span class='ocrx_word' id='word_1_283' title='bbox 707 2384 797 2425; x_wconf 88' lang='lat' dir='ltr'>eius</span> <span class='ocrx_word' id='word_1_284' title='bbox 828 2383 1036 2425; x_wconf 88' lang='lat' dir='ltr'>nobilitati</span> <span class='ocrx_word' id='word_1_285' title='bbox 1069 2396 1194 2438; x_wconf 90' lang='lat' dir='ltr'>quam</span> <span class='ocrx_word' id='word_1_286' title='bbox 1225 2356 1381 2423; x_wconf 84' lang='lat' dir='ltr'>meritis</span> <span class='ocrx_word' id='word_1_287' title='bbox 1413 2379 1604 2421; x_wconf 85' lang='lat' dir='ltr'>deferen-</span> 
     </span>
     <span class='ocr_line' id='line_1_44' title="bbox 160 2436 1602 2507; baseline -0.002 -27"><span class='ocrx_word' id='word_1_288' title='bbox 160 2439 260 2480; x_wconf 91' lang='lat' dir='ltr'>dum</span> <span class='ocrx_word' id='word_1_289' title='bbox 291 2443 503 2495; x_wconf 88' lang='lat' dir='ltr'>putantes.</span> <span class='ocrx_word' id='word_1_290' title='bbox 564 2441 648 2483; x_wconf 89' lang='lat' dir='ltr'>Hic</span> <span class='ocrx_word' id='word_1_291' title='bbox 679 2446 903 2507; x_wconf 86' lang='lat' dir='ltr'>postquam</span> <span class='ocrx_word' id='word_1_292' title='bbox 935 2441 1160 2493; x_wconf 80' lang='lat' dir='ltr'>matuiuit,</span> <span class='ocrx_word' id='word_1_293' title='bbox 1195 2441 1237 2480; x_wconf 90' lang='lat' dir='ltr'>in</span> <span class='ocrx_word' id='word_1_294' title='bbox 1270 2439 1385 2480; x_wconf 90' lang='lat' dir='ltr'>nullo</span> <span class='ocrx_word' id='word_1_295' title='bbox 1417 2436 1602 2493; x_wconf 85' lang='lat' dir='ltr'>paternis</span> 
     </span>
     <span class='ocr_line' id='line_1_45' title="bbox 161 2496 1602 2554; baseline -0.002 -16"><span class='ocrx_word' id='word_1_296' title='bbox 161 2498 359 2552; x_wconf 90' lang='lat' dir='ltr'>operibus</span> <span class='ocrx_word' id='word_1_297' title='bbox 406 2497 612 2541; x_wconf 86' lang='lat' dir='ltr'>defeccior</span> <span class='ocrx_word' id='word_1_298' title='bbox 652 2500 806 2541; x_wconf 78' lang='lat' dir='ltr'>extitit.</span> <span class='ocrx_word' id='word_1_299' title='bbox 868 2498 1084 2554; x_wconf 82' lang='lat' dir='ltr'>Siquidem</span> <span class='ocrx_word' id='word_1_300' title='bbox 1114 2512 1182 2539; x_wconf 90' lang='lat' dir='ltr'>res</span> <span class='ocrx_word' id='word_1_301' title='bbox 1214 2497 1265 2538; x_wconf 90' lang='lat' dir='ltr'>ab</span> <span class='ocrx_word' id='word_1_302' title='bbox 1299 2496 1432 2538; x_wconf 91' lang='lat' dir='ltr'>Olone</span> <span class='ocrx_word' id='word_1_303' title='bbox 1462 2498 1602 2550; x_wconf 86' lang='lat' dir='ltr'>gestas</span> 
     </span>
     <span class='ocr_line' id='line_1_46' title="bbox 160 2555 1603 2610; baseline -0.001 -15"><span class='ocrx_word' id='word_1_304' title='bbox 160 2559 234 2596; x_wconf 86' lang='lat' dir='ltr'>aut</span> <span class='ocrx_word' id='word_1_305' title='bbox 266 2569 422 2610; x_wconf 82' lang='lat' dir='ltr'>equare</span> <span class='ocrx_word' id='word_1_306' title='bbox 453 2562 526 2598; x_wconf 90' lang='lat' dir='ltr'>aut</span> <span class='ocrx_word' id='word_1_307' title='bbox 561 2557 861 2599; x_wconf 86' lang='lat' dir='ltr'>transcendere</span> <span class='ocrx_word' id='word_1_308' title='bbox 891 2571 991 2599; x_wconf 89' lang='lat' dir='ltr'>cure</span> <span class='ocrx_word' id='word_1_309' title='bbox 1023 2556 1180 2597; x_wconf 89' lang='lat' dir='ltr'>habuit</span> <span class='ocrx_word' id='word_1_310' title='bbox 1221 2555 1397 2596; x_wconf 84' lang='lat' dir='ltr'>Precrat</span> <span class='ocrx_word' id='word_1_311' title='bbox 1428 2566 1478 2595; x_wconf 91' lang='lat' dir='ltr'>eo</span> <span class='ocrx_word' id='word_1_312' title='bbox 1499 2557 1603 2594; x_wconf 92' lang='lat' dir='ltr'>tem-</span> 
     </span>
     <span class='ocr_line' id='line_1_47' title="bbox 158 2611 1603 2672; baseline -0.003 -17"><span class='ocrx_word' id='word_1_313' title='bbox 158 2627 260 2672; x_wconf 86' lang='lat' dir='ltr'>pore</span> <span class='ocrx_word' id='word_1_314' title='bbox 307 2613 522 2672; x_wconf 83' lang='lat' dir='ltr'>aliquante</span> <span class='ocrx_word' id='word_1_315' title='bbox 562 2614 904 2659; x_wconf 87' lang='lat' dir='ltr'>Normannorum</span> <span class='ocrx_word' id='word_1_316' title='bbox 948 2615 1066 2671; x_wconf 85' lang='lat' dir='ltr'>genti</span> <span class='ocrx_word' id='word_1_317' title='bbox 1105 2614 1267 2668; x_wconf 85' lang='lat' dir='ltr'>Ringo‚</span> <span class='ocrx_word' id='word_1_318' title='bbox 1313 2612 1430 2656; x_wconf 82' lang='lat' dir='ltr'>cuius</span> <span class='ocrx_word' id='word_1_319' title='bbox 1475 2611 1603 2654; x_wconf 86' lang='lat' dir='ltr'>filiam</span> 
     </span>
    </p>
   </div>
   <div class='ocr_carea' id='block_1_9' title="bbox 1640 1108 1797 1136">
    <p class='ocr_par' dir='ltr' id='par_1_9' title="bbox 1640 1108 1797 1136">
     <span class='ocr_line' id='line_1_48' title="bbox 1640 1108 1797 1136; baseline 0.006 -1"><span class='ocrx_word' id='word_1_320' title='bbox 1640 1108 1797 1136; x_wconf 52' lang='grc' dir='ltr'>ΙΑΧΧΙΧΕι</span> 
     </span>
    </p>
   </div>
   <div class='ocr_carea' id='block_1_10' title="bbox 1659 1458 1751 1493">
    <p class='ocr_par' dir='ltr' id='par_1_10' title="bbox 1659 1458 1751 1493">
     <span class='ocr_line' id='line_1_49' title="bbox 1659 1458 1751 1493; baseline 0 -7"><span class='ocrx_word' id='word_1_321' title='bbox 1659 1458 1751 1493; x_wconf 80' lang='lat'>(148)</span> 
     </span>
    </p>
   </div>
   <div class='ocr_carea' id='block_1_11' title="bbox 1659 1754 1758 1786">
    <p class='ocr_par' dir='ltr' id='par_1_11' title="bbox 1659 1754 1758 1786">
     <span class='ocr_line' id='line_1_50' title="bbox 1659 1754 1758 1786; baseline 0.02 -8"><span class='ocrx_word' id='word_1_322' title='bbox 1659 1762 1684 1786; x_wconf 81' lang='lat' dir='ltr'>p.</span> <span class='ocrx_word' id='word_1_323' title='bbox 1707 1754 1758 1780; x_wconf 73' lang='lat'>393</span> 
     </span>
    </p>
   </div>
  </div>
 </body>
</html>
