1884 3126
255 905 287 932 10

255 1195 287 1222 15

249 1486 286 1513 ‘20

249 2062 285 2088 30

323 246 402 286 160
911 267 959 273 —-
1021 242 1063 285 V
1126 269 1175 276 —-

321 370 520 412 Ruseiam
555 369 607 410 ab
641 373 737 411 ortu
769 371 1067 426 complectens,
1100 371 1151 412 ad
1185 384 1376 413 occasum
1410 369 1564 411 Rheno
1595 368 1768 411 flumine

321 428 547 469 limitatum
581 432 683 469 erat.

458 486 630 526 Interea
670 485 878 527 Hithinus
922 486 1034 542 apud
1067 486 1283 540 Hoginum
1326 485 1592 540 quorundam
1629 484 1766 526 obtre-

321 544 511 585 ctacione
554 543 818 585 insimulatus
851 550 926 598 est,
957 545 1077 599 quasi
1108 544 1235 585 filiam
1269 545 1358 585 eius
1390 548 1487 585 ante
1508 543 1768 598 sponsalium

319 616 438 643 sacra
471 602 606 656 stupri
627 601 831 643 illecebris
854 606 1114 654 temerasset,
1147 602 1259 657 quod
1282 607 1382 642 tunc
1403 602 1585 642 immane
1607 602 1766 642 cunctis

318 660 513 714 gentibus
558 660 720 701 facinus
777 659 1025 701 habebatur.
1103 660 1239 715 Igitur
1285 659 1504 714 Hoginus,
1537 658 1551 712 ΙΙ
1584 658 1765 700 credulis

319 717 493 759 auribus
531 731 620 759 rem
650 717 755 758 falso
798 719 1041 759 nunciatam
1081 719 1317 774 excipiens,
1359 717 1605 763 Hithinum,
1651 718 1766 771 regia

319 775 433 830 apud
466 775 641 817 Selauos
673 776 883 830 stipendia
918 777 1203 830 colligentem,
1237 777 1369 817 classe
1391 775 1570 828 lacessit,
1603 789 1767 816 conser-

318 839 444 889 taque
477 847 604 874 manu
635 834 773 875 uictus
814 834 967 875 Iutiam
1012 834 1176 889 petiuit.
1238 834 1388 889 ltaque
1420 838 1572 874 statam
1606 848 1630 873 a
1663 833 1764 874 Fro-

318 892 447 933 thone
487 906 634 946 pacem
676 892 887 933 internum
940 891 1279 933 labefactauerat
1330 892 1501 944 bellum,
1560 891 1766 946 primique

316 949 527 1003 indigetes
561 950 723 1004 regiam
754 949 1039 991 detrectauere
1070 950 1222 1004 legem.
1270 949 1556 997 Quamobrem
1589 948 1766 1000 Frotho,

316 1008 472 1058 missis,
519 1008 590 1062 qui
639 1008 763 1048 simul
808 1022 880 1049 eos
927 1013 1216 1060 accerserent,
1264 1007 1553 1062 scrupulosius
1594 1021 1765 1048 causam

316 1065 540 1107 simultatis
585 1065 770 1120 inquirit.
844 1065 937 1113 Qua
978 1066 1166 1120 cognita,
1214 1066 1333 1106 iuxta
1379 1065 1483 1119 legis
1527 1079 1552 1106 a
1592 1079 1636 1105 se
1680 1065 1763 1106 late

317 1123 543 1164 formulam
575 1123 883 1179 pronunciauit.
936 1123 1095 1164 Videns
1128 1127 1281 1173 autem,
1316 1137 1367 1164 ne
1399 1124 1457 1163 sic
1489 1122 1660 1176 quidem
1692 1136 1765 1165 eos

318 1182 357 1222 in
382 1181 569 1236 graciam
591 1181 733 1222 reduci
757 1195 897 1235 posse,
930 1187 1048 1236 patre
1071 1181 1200 1222 filiam
1223 1181 1480 1236 pertinacius
1503 1186 1763 1235 reposcente,

317 1240 434 1280 litem
466 1239 575 1280 ferro
610 1238 884 1280 decidendam
920 1239 1063 1280 edixit.
1126 1238 1176 1280 ld
1209 1240 1364 1294 quippe
1397 1239 1537 1280 solum
1569 1237 1763 1280 dirimen-

317 1297 368 1338 de
400 1296 686 1338 controuersie
704 1297 939 1338 remedium
963 1297 1198 1338 uidebatur.
1247 1297 1358 1338 Inita
1380 1310 1524 1352 pugna
1546 1295 1763 1349 Hithinus,

317 1355 517 1396 acerrima
551 1355 797 1409 perstrictus
829 1355 978 1409 plaga,
1025 1368 1119 1396 cum
1160 1355 1366 1409 sanguine
1409 1360 1450 1396 et
1483 1353 1642 1395 uiribus
1675 1369 1765 1396 cor-

315 1413 430 1468 poris
463 1412 677 1460 deficeret,
711 1413 968 1467 insperatam
1000 1412 1132 1454 bostis
1156 1413 1429 1454 clemenciam
1463 1417 1662 1467 expertus
1685 1417 1762 1455 est.

319 1471 513 1525 Hoginus
545 1470 780 1525 siquidem,
822 1471 1178 1525 promptissimam
1215 1470 1432 1512 occidendi
1473 1470 1602 1525 ipsius
1634 1470 1763 1510 facul-

317 1534 447 1570 tatem
480 1528 683 1583 adeptus,
726 1527 860 1569 forme
894 1535 1030 1569 tamen
1066 1530 1173 1580 eius,
1216 1536 1258 1569 et
1289 1528 1460 1569 iuuente
1492 1528 1765 1569 miseracione

316 1586 514 1628 seuiciam
546 1586 863 1627 mansuetudini
888 1586 1038 1628 cedere
1070 1587 1224 1641 coegit.
1271 1586 1437 1641 Itaque,
1471 1600 1523 1627 ne
1549 1586 1763 1641 ephebum

315 1646 424 1686 inter
470 1645 649 1685 extremi
690 1645 859 1699 spiritus
903 1650 1120 1686 momenta
1158 1644 1438 1700 palpitantem
1482 1644 1763 1698 extingueret,

315 1702 519 1744 abstinuit
546 1702 689 1751 ferro..
745 1702 855 1744 Olim
889 1703 1375 1758 namqueimpuberem
1416 1706 1488 1743 aut
1529 1701 1762 1742 inualidum

268 1775 281 1800 .-
316 1763 405 1803 uita
437 1760 619 1815 spoliare
651 1759 795 1801 rubori
827 1759 1123 1815 deputabatur.
1171 1760 1292 1802 Adeo
1325 1765 1476 1802 cuncta
1505 1759 1761 1801 uerecundie

316 1822 529 1860 momenta
559 1819 697 1874 prisca
728 1818 917 1873 pugilum
951 1818 1156 1859 fortitudo
1190 1818 1399 1860 seruabat.
1450 1817 1515 1859 Ita
1537 1817 1759 1870 Hitliinus,

315 1877 521 1919 sociorum
554 1890 681 1932 opera
713 1876 765 1917 ad
797 1889 928 1918 naues
960 1877 1132 1917 relatus.
1165 1876 1297 1918 hostis
1328 1875 1532 1917 beneficio
1566 1879 1760 1917 seruatus

316 1940 391 1977 est.
453 1934 587 1975 Iidem
619 1935 796 1989 septimo
831 1934 984 1975 abinde
1025 1948 1133 1975 anno
1164 1937 1168 1978 Ι
1196 1934 1308 1989 apud
1346 1934 1529 1975 insulam
1562 1933 1758 1974 Hithinsss

315 2006 502 2049 pugnam
536 1994 687 2044 exorsi,
720 1993 878 2034 mutuis
910 1992 1158 2034 uulneribus
1191 1991 1431 2047 consumpti
1462 1996 1572 2033 sunt.
1634 1991 1758 2032 Felix

317 2052 510 2105 Hoginus
540 2050 660 2101 foret,
693 2051 726 2091 si
749 2051 856 2091 circa
889 2049 1099 2091 deuictum
1132 2051 1261 2091 semel
1286 2050 1511 2091 Hitliinum
1534 2050 1761 2090 seueritate

316 2110 462 2164 pocius
513 2121 637 2162 quam
698 2108 925 2149 clemencia
984 2122 1085 2149 usus
1145 2107 1304 2149 fuisset.
1379 2107 1539 2148 Ferunt
1590 2107 1761 2149 llildam

316 2171 434 2208 tanta
479 2166 616 2206 mariti
648 2166 877 2220 cupiditate
918 2167 1144 2220 flagrasse,
1187 2170 1233 2206 ut
1275 2170 1403 2207 noctu
1443 2165 1762 2207 interfectorum

315 2239 461 2266 manes
491 2223 779 2278 reintegrandi
810 2224 909 2264 belli
940 2225 1081 2278 gracia
1122 2224 1376 2265 carminibus
1421 2224 1626 2265 excitasse
1671 2237 1759 2264 cre-

319 2283 458 2325 datur.

453 2338 615 2381 Eodem
660 2342 852 2394 tempore
896 2338 1063 2392 Alrico,
1111 2339 1325 2381 Sueonum
1373 2338 1487 2392 regi,
1533 2338 1759 2380 aduersum

319 2396 647 2439 Gestiblindum.
680 2397 919 2438 Gothorum
951 2411 1106 2452 regem,
1139 2401 1261 2439 atrox
1293 2396 1439 2437 incidit
1472 2396 1640 2439 bellum.
1702 2397 1760 2437 At

318 2454 633 2507 Gestiblindus,
670 2454 830 2496 uiribus
862 2455 1019 2504 minor,
1060 2455 1323 2496 Frothonem
1353 2455 1535 2509 supplex
1568 2454 1760 2505 accessit,

317 2528 363 2555 se
410 2527 458 2554 ac
504 2526 680 2567 regnum
726 2512 996 2567 percipiende
1041 2513 1133 2568 opis
1177 2513 1319 2567 gracia
1365 2512 1599 2555 dediturus.
1676 2512 1756 2560 Qui

316 2585 431 2623 mox,
463 2570 617 2620 Skalc,
650 2569 848 2621 Scanico,
888 2574 1015 2625 atque
1047 2571 1171 2612 Erico
1213 2571 1254 2611 in
1287 2570 1517 2611 subsidium
1562 2571 1756 2626 receptis,

247 2644 285 2671 40
317 2643 409 2672 cum
432 2628 734 2685 supplementis
756 2628 934 2669 militum
957 2628 1078 2670 redit.
1124 2628 1314 2684 Cumque
1335 2628 1485 2672 milicie
1509 2646 1756 2687 procursum

1832 663 1884 695 (90
