1884 3126
114 849 208 876 ·10

174 1139 208 1166 15

169 1429 205 1456 20

168 1720 205 1746 25

168 2010 205 2037 30

165 2301 199 2329 35

165 2593 203 2622 40

833 186 1100 230 ——X-
1609 190 1692 233 323

238 314 443 357 ferociam
488 315 807 370 pertimescenS,
862 315 1083 358 orbitatem
1138 332 1257 359 suam
1305 318 1490 373 gratuito
1532 318 1690 362 herede

240 374 369 415 solari
401 387 524 429 quam
558 374 791 415 uiolentum
817 379 1043 429 expectare
1066 375 1202 417 sacius
1225 376 1497 418 existimauit.
1530 376 1690 432 Rapuit

238 431 373 474 hostis
407 431 699 473 condicionem
732 446 924 488 preceps,
956 434 1306 490 propositamque
1334 435 1576 490 paccionem
1602 450 1690 477 am-

239 490 408 545 plexus,
452 495 619 531 tantum
660 489 721 530 ·de
764 490 981 532 offerentis
1023 492 1287 534 humanitate
1327 494 1595 548 presumpsit,
1643 498 1690 535 ut

241 548 372 589 filium
396 548 568 603 proprio
593 547 740 603 spiritu
764 548 968 590 cariorem
987 549 1255 604 inexplorate
1279 551 1369 592 eius
1392 551 1491 592 fidei
1514 551 1688 593 credere

238 620 325 648 non
364 606 597 648 dubitaret.
881 628 884 632 ·

358 664 484 706 -Post
534 664 613 705 hec
664 664 913 719 Haraldus,
975 665 1158 707 reductis
1210 666 1262 707 ab
1314 666 1490 709 Oriente
1541 667 1687 722 copiis,

239 736 484 778 quanquam
539 722 591 763 ad
643 722 931 778 impetendum
1004 724 1202 765 auunculi
1262 724 1421 766 factum
1479 725 1687 780 precipuis

240 781 341 822 iuris
374 780 536 822 uiribus
567 780 737 822 inuitari
770 786 967 836 poterat,
1013 782 1283 824 nihilominus
1317 783 1566 838 impunitam
1598 784 1686 825 eius

239 838 518 881 ambicionem
567 839 826 881 dissimulate
872 839 1179 894 indignacionis
1227 841 1443 896 paciencia
1484 841 1686 896 preterire

240 897 467 951 sustinuit,
499 897 704 952 iustisque
737 897 972 952 0p[er]ibus
1012 898 1080 952 pie
1123 912 1267 940 carere
1309 914 1432 954 quam
1465 899 1687 940 crudeliter

239 955 367 1011 potiri
414 955 577 998 maluit.
638 956 746 997 Post
792 955 1010 1011 paululum
1053 970 1156 998 uero
1202 959 1407 1012 temporis
1450 957 1688 1012 Haquinus,
1740 1004 1743 1013 ¹

240 1013 383 1055 audito
415 1014 579 1068 paterni
611 1013 683 1055 fati
717 1015 886 1067 nuncio,
930 1028 1024 1055 cum
1066 1015 1360 1070 proficiscendi
1400 1016 1543 1069 gracia
1583 1015 1687 1057 uelis

239 1072 561 1125 nauigacionem
603 1072 847 1126 instrueret,
893 1086 1046 1126 magno
1094 1073 1433 1128 superuenientis
1465 1073 1688 1115 Adelsteni

238 1130 397 1185 impetu
431 1134 672 1184 reuocatus,
705 1126 921 1186 paulisper
954 1131 1108 1172 omisso
1139 1135 1364 1173 uentorum
1389 1146 1482 1184 usu,
1513 1130 1687 1187 propius

238 1188 372 1230 littori
412 1188 630 1243 nauigium
674 1188 771 1242 egit.
833 1188 874 1229 A
916 1203 996 1243 quo
1036 1195 1134 1243 post
1176 1193 1316 1230 cetera
1357 1203 1521 1230 morum
1560 1189 1687 1230 docu-

239 1251 396 1296 menta,
430 1246 580 1302 quibus
615 1247 769 1288 cotidie
800 1245 1119 1300 informabatur,
1151 1247 1252 1288 noui
1283 1247 1380 1302 quid
1415 1252 1686 1302 accepturum

240 1319 284 1347 se
316 1309 449 1356 ratus,
495 1319 549 1346 ne
579 1305 690 1346 inter
739 1305 885 1360 epulas
928 1304 1108 1346 obscuro
1141 1319 1185 1345 se
1217 1305 1338 1346 uultu
1371 1303 1580 1360 gereret,*
1612 1304 1684 1346 sed

239 1363 376 1417 magis
419 1362 460 1404 in
494 1360 877 1418 circunspicilendis
921 1363 1062 1404 amicis
1108 1363 1227 1404 hilari
1271 1364 1488 1404 oculorum
1537 1362 1683 1404 habitu

238 1425 441 1472 uteretur,
492 1421 670 1463 audiuit.
740 1422 874 1469 Quem
926 1421 1034 1462 enim
1082 1420 1341 1462 Adelstcnus
1396 1421 1683 1476 compluribus

238 1479 329 1521 aliis
362 1479 598 1520 honestatis
629 1480 841 1535 preceptis
872 1479 1104 1533 imbuerat,
1148 1479 1279 1520 eciam
1313 1484 1436 1534 aptos
1469 1479 1683 1520 conuictui

237 1551 376 1579 mores
426 1537 624 1592 ignora-re
673 1552 823 1593 passus
867 1551 949 1579 non
995 1540 1068 1579 est.
1130 1536 1189 1577 At
1230 1537 1295 1578 eui
1342 1538 1528 1592 parentis
1572 1551 1683 1578 mors

237 1594 498 1650 Noruagiam
549 1597 702 1651 cessit,
756 1595 882 1651 paulo
935 1599 1031 1651 post
1073 1595 1333 1651 preceptoris
1379 1609 1553 1636 occasus
1594 1594 1682 1636 An-

237 1653 366 1709 gliam
405 1653 621 1708 patefecit.
1268 1690 1273 1694 ,

374 1711 552 1754 Veritus
584 1726 686 1767 ergo
711 1711 941 1763 Haraldus,
975 1724 1026 1752 ne
1052 1711 1297 1751 iniuriarum
1321 1710 1566 1763 tolerancia,
1599 1723 1681 1765 que

236 1769 441 1812 hactenus
487 1770 801 1825 consanguinee
843 1769 1026 1810 caritatis
1065 1769 1275 1824 respectui
1317 1768 1520 1821 dabatur,
1566 1766 1682 1808 dein-

238 1841 336 1883 ceps
368 1829 409 1870 in
442 1828 612 1883 ignauie
653 1832 892 1869 uerteretur
933 1827 1205 1883 opprobrium
1241 1831 1305 1880 et,
1339 1825 1449 1881 quod
1489 1825 1682 1866 modera-

238 1886 371 1928 cionis
415 1891 538 1940 esset,
585 1886 694 1928 uicio
728 1886 1027 1941 applicaretur,
1069 1883 1309 1938 Noruagice
1341 1885 1402 1926 rei
1434 1883 1680 1926 turbacione

237 1945 412 1999 primam
457 1944 659 1999 Haquino
702 1945 907 1985 iacturam
943 1942 1206 1984 inferendam
1252 1942 1491 1995 constituit,
1539 1941 1682 1983 dome-

235 2003 348 2044 sticis
382 2003 471 2044 eius
506 2003 662 2044 uiribus
696 2002 931 2052 debellatis,
975 2005 1173 2042 externas
1216 2000 1380 2041 facilius
1420 1998 1677 2042 obterendas

236 2060 497 2103 existimans.
561 2060 666 2102 Cum
717 2061 862 2116 itaque
903 2073 970 2100 res
1017 2059 1218 2100 barbaras
1261 2059 1377 2113 regia
1421 2057 1679 2100 execucione

235 2122 484 2171 tractasset,
518 2118 559 2159 in
592 2118 775 2159 Daniam
810 2131 1005 2158 reuersus
1040 2131 1217 2158 occursu
1241 2116 1432 2170 Haraldi,
1465 2114 1678 2157 Gunnilde

234 2176 320 2230 filii,
353 2176 555 2218 aduersus
590 2176 770 2219 eundem
805 2174 1053 2230 Haquinum
1085 2174 1244 2215 auxilia
1283 2174 1479 2229 petentis,
1524 2172 1678 2227 excipi-

235 2239 315 2287 tur,
356 2234 694 2290 pollicentisque,
746 2248 791 2275 se
834 2233 991 2273 tributa
1042 2231 1253 2284 daturum,
1305 2232 1339 2273 si
1381 2232 1541 2273 Danice
1589 2231 1679 2285 opis

231 2292 438 2334 beneficio
482 2292 671 2333 efficacia
715 2291 902 2347 parcium
935 2304 1106 2331 suarum
1138 2290 1384 2331 adiumenta
1415 2289 1675 2344 sumpsisset.

233 2349 462 2391 Enimuero
495 2350 604 2391 inter
635 2349 930 2391 acerbissimos
962 2361 1103 2390 rerum
1150 2361 1273 2389 casus
1309 2347 1678 2389 clementissimam

234 2409 346 2462 regis
391 2407 694 2449 humanitatem
746 2410 948 2461 expertus
994 2411 1070 2448 est.
1141 2404 1343 2447 Heuindo
1391 2405 1501 2446 enim
1545 2408 1676 2459 atque

234 2464 544 2519 Karlho[l]ftho
592 2478 734 2520 pugne
779 2461 1053 2519 adiutolribus
1098 2463 1303 2519 receptis,
1350 2461 1463 2505 LX.
1506 2462 1678 2503 nauium

233 2523 366 2565 classe
398 2523 579 2565 donatus
613 2522 732 2577 petiti
766 2521 939 2577 presidii
972 2535 1145 2577 compos
1176 2521 1390 2571 abscessit,
1435 2521 1678 2575 euenitque,

233 2585 280 2624 ut
331 2581 426 2638 plus
475 2581 562 2637 spei
611 2581 651 2622 in
696 2579 853 2621 auxilio
899 2579 1117 2621 Danorum
1160 2593 1283 2634 quam
1332 2582 1467 2620 metus
1510 2579 1552 2619 in
1603 2591 1680 2619 sua

1476 2646 1540 2683 21*

1717 1313 1858 1342 xcvn·

1739 1380 1765 1405 p.
1788 1371 1837 1398 477

1734 2476 1763 2502 p.
1781 2467 1832 2494 473
