1884 3126
101 889 133 917 10

84 1180 118 1207 15

19 2030 39 2069 ’ἵ
92 2050 130 2077 30

27 2567 64 2636 ἢ

32 2640 46 2658 Y

756 247 805 253 ——
867 224 912 267 ΙΙ
976 250 1024 255 --
1557 232 1610 272 49

165 352 325 408 hibeas,
356 365 519 409 nosque
553 366 710 408 egenos
742 351 818 394 tibi
850 366 974 408 quam
1005 353 1241 408 locupletes
1273 355 1454 398 militare
1478 355 1613 398 sacius

165 412 310 455 ducas.
359 411 472 459 Quid
503 411 582 452 hac
614 409 844 452 deformius
868 411 1122 452 uoluntate?
1175 411 1285 460 Quid
1311 412 1612 456 exhortacione

164 469 389 512 stolidius?
432 468 702 520 Domesticas
725 468 792 510 hic
814 483 940 523 gazas
964 469 1250 524 agnoscimus3
1273 472 1435 526 agnitas
1460 472 1610 513 tollere

164 527 485 570 dubitabimus?
553 526 679 575 Quod
725 527 852 568 armis
903 533 1098 582 repetere
1145 527 1452 583 pergebamus,
1499 529 1610 585 quod

162 587 368 641 sanguine
409 599 665 640 recuperare
708 585 1024 638 contendimus,
1070 585 1179 627 ultro
1212 585 1474 628 1·esti'⁵²tutum
1505 588 1610 629 uita-

162 643 332 686 bimus‘?
401 644 580 699 Propria
623 643 850 685 uendicare
895 643 1220 685 cunctabimur?
1281 643 1387 687 Vter
1429 645 1613 687 timidior

165 708 241 757 est,
275 702 345 760 qui
377 706 500 756 parta
530 700 682 753 fundit,
713 715 766 743 an
800 702 870 757 qui
902 701 996 743 fusa
1029 702 1171 756 legere
1205 702 1493 757 pertimescit?
1535 703 1612 756 En,

164 760 277 817 quod
309 759 540 803 necessitas
572 759 744 811 ademit,
779 773 900 801 casus
934 759 1131 802 reddidit.
1178 760 1275 802 Non
1310 760 1507 815 hostium,
1540 762 1611 803 sed

163 823 309 860 nostra
341 818 419 860 hec
449 817 586 874 spolia
618 822 737 871 sunt,
770 832 852 859 non
876 818 1019 859 attulit
1041 832 1191 859 aurum
1213 818 1428 861 Britannie
1450 818 1612 872 Danus,

164 877 238 918 sed
282 877 471 919 abstulit.
549 875 641 924 Que
685 876 850 918 subacti
902 876 1107 932 inuitique
1152 877 1437 932 perdidimus,
1484 877 1613 931 gratis

163 935 392 977 redeuncia
413 933 656 990 fugiemus?
702 933 834 976 Nefas
871 939 934 976 est
968 939 1132 975 tantum
1167 934 1335 976 fortune
1365 935 1612 977 beneficium

161 992 433 1047 indignanter
466 993 677 1048 excipere.
742 992 854 1040 Quid
888 993 998 1033 enim
1031 992 1248 1045 uesanius,
1281 1007 1405 1048 quam
1438 1007 1540 1048 opes
1572 993 1612 1034 in

162 1050 431 1107 <pro>patulo
488 1050 740 1092 constitutas
794 1050 1042 1104 despicere,
1095 1051 1314 1092 conclusas
1365 1065 1413 1092 ac
1460 1051 1612 1092 uetitas

162 1109 395 1151 affectare?
443 1108 559 1151 Ante
583 1108 729 1150 oculos
754 1109 963 1150 collocata
983 1108 1151 1151 fastidio
1177 1109 1380 1162 dabimus,
1402 1109 1612 1163 fugiencia

162 1166 406 1223 captaturi?
452 1167 501 1208 In
533 1166 672 1209 medio
697 1167 846 1222 positis
877 1167 1196 1219 abstinebimus,
1228 1167 1453 1223 longinqua
1485 1172 1611 1223 atque.

162 1233 309 1268 extera
351 1225 556 1280 petituri?
618 1225 799 1273 Quando
842 1225 1067 1281 peregrina
1109 1225 1404 1280 predabimur,
1448 1227 1480 1266 si
1519 1240 1612 1280 pro-

161 1284 283 1340 pria}
312 1283 582 1325 refutamus?
645 1282 886 1338 Numquam
932 1283 1033 1324 deos
1076 1287 1162 1324 tam
1198 1284 1371 1324 infestos
1404 1285 1610 1339 experiar,
1650 1300 1701 1327 »τ

161 1346 208 1383 ut
251 1343 387 1383 sinum
430 1346 607 1398 paterna
653 1341 854 1397 auitaque
897 1342 1077 1398 pecunia
1124 1340 1324 1382 refertum
1370 1345 1454 1382 tam
1500 1341 1608 1382 iusto

163 1414 290 1442 onere
340 1399 620 1442 uacuefacere
673 1400 919 1455 compellar.
1001 1399 1113 1441 Noui
1164 1399 1386 1440 Danorum
1437 1400 1609 1453 luxum3

51 1477 53 1479 ·
93 1490 107 1496 -
160 1472 390 1514 numquam
432 1459 558 1513 plena
595 1458 698 1498 meri
740 1471 845 1499 uasa
886 1457 1127 1512 liquissent,
1167 1458 1209 1498 ni
1249 1459 1373 1499 timor
1403 1457 1610 1512 aufugere

162 1516 448 1572 compulisset.
523 1515 709 1558 Facilius
753 1515 884 1557 uitam
930 1516 1237 1566 deseruissent,
1284 1529 1408 1570 quam
1450 1516 1608 1557 uinum.

163 1574 408 1616 Communis
441 1574 508 1620 hic
539 1574 661 1617 nobis
694 1573 870 1616 affeccio
899 1579 977 1628 est,
1011 1575 1089 1615 hac
1120 1573 1199 1615 illis
1231 1574 1413 1628 imagine
1437 1587 1609 1628 respon-

161 1633 321 1675 demus.
382 1631 501 1679 Esto,
533 1632 676 1687 fugam
711 1631 937 1681 finxerint3
971 1638 1069 1674 ante
1103 1637 1242 1674 tamen
1276 1632 1316 1672 in
1348 1632 1517 1673 Scottos
1549 1632 1609 1671 in-

163 1691 321 1742 cident,
364 1704 488 1746 quam
531 1690 699 1744 regredi
743 1696 914 1746 queant.
988 1690 1228 1746 Numquam
1269 1691 1403 1745 porcis
1445 1690 1610 1744 procul-

165 1749 347 1790 candum
395 1753 468 1790 aut
510 1748 642 1790 beluis
682 1747 763 1789 hoc
809 1762 958 1790 aurum
1006 1763 1102 1790 rure
1151 1748 1380 1803 squalebit,
1427 1747 1610 1789 humano

164 1808 314 1848 melius
345 1807 439 1848 usui
471 1807 740 1849 seruiturum.
788 1806 1005 1857 Preterea,
1038 1808 1071 1848 si
1097 1807 1317 1856 exercitus,
1352 1820 1375 1846 a
1404 1819 1486 1861 quo
1511 1804 1610 1846 uicti

162 1879 320 1918 sumus,
352 1865 487 1921 spolia
517 1865 716 1921 rapimus,
757 1865 971 1906 fortunam
1002 1865 1041 1905 in
1075 1868 1240 1906 nosmet
1272 1865 1444 1906 uictoris
1476 1867 1610 1904 trans-

162 1922 352 1966 ferimus,
426 1922 548 1971 Quod
596 1924 705 1964 enim
754 1924 915 1964 cercius
963 1923 1140 1964 uictoric
1187 1923 1430 1978 presagium
1478 1921 1608 1976 accipi

161 1986 328 2037 posset,
380 1995 506 2036 quam
548 1995 737 2037 pugnam
778 1982 910 2037 preda
953 1995 1232 2037 precurrere,
1278 1984 1498 2035 castraque
1556 1980 1607 2019 ab

162 2039 354 2081 hostibus
397 2039 564 2081 deserta
607 2044 705 2081 ante
747 2040 925 2095 prelium
973 2039 1153 2094 capere?
1213 2039 1359 2080 Sacius
1399 2043 1461 2080 est
1494 2041 1607 2078 metu

161 2098 316 2140 uicisse
349 2110 475 2152 quam
507 2097 630 2140 ferro.

299 2154 591 2198 Finierat-uix
624 2169 769 2211 eques,
801 2160 843 2198 et
876 2170 973 2198 ecce
998 2156 1182 2196 omnium
1209 2154 1340 2196 effuse
1373 2155 1411 2194 in
1435 2152 1606 2207 predam

162 2228 310 2256 manus
350 2212 482 2255 nitida
521 2214 675 2269 passim
719 2228 791 2255 era
834 2227 1040 2270 carpsere.
1112 2211 1364 2267 Mir<ar>eris
1412 2211 1493 2252 illic
1535 2210 1606 2251 ob-

162 2286 287 2315 scene
319 2271 531 2313 auiditatis
563 2271 803 2326 ingenium,
834 2272 1041 2329 speculari
1063 2274 1080 2323 Η
1102 2285 1249 2327 posses
1285 2269 1606 2311 immoderatum

98 2339 134 2366 35
165 2330 408 2386 cupiditatis
442 2330 700 2384 exemplum.
753 2329 930 2372 Videres
953 2343 1047 2371 cum
1069 2330 1257 2385 gramine
1280 2329 1436 2384 pariter
1459 2340 1607 2367 aurum

165 2388 369 2441 conuelli,
411 2388 660 2430 intestinum
693 2387 910 2430 dissidium
942 2402 1074 2438 nasci,
1115 2387 1380 2428 immemores
1422 2384 1605 2425 hostium

163 2447 277 2488 ciues
300 2446 411 2488 ferro
429 2445 668 2493 decernere,
690 2446 987 2488 familiaritatis
1008 2446 1112 2498 iura,
1135 2445 1348 2487 societatis
1370 2445 1605 2498 respectum

161 2505 334 2560 negligi,
366 2503 591 2545 auariciam
626 2517 784 2558 omnes,
817 2505 1027 2546 amicicias
1058 2503 1267 2544 neminem
1299 2501 1466 2542 intueri.

302 2562 470 2603 Interea
500 2561 660 2603 Frotho
693 2563 864 2616 siluam,
903 2576 984 2618 que
1019 2561 1224 2603 Scottiam
1258 2558 1605 2613 Britanniamque

46 2647 54 2674 ἑ
96 2629 133 2658 4ο
163 2620 358 2671 secernit,
388 2624 512 2661 uasto
536 2619 685 2662 itinere
707 2634 970 2677 permensus,
992 2633 1108 2662 arma
1129 2618 1282 2660 milites
1306 2631 1451 2668 capere
1473 2616 1604 2657 iubet.

232 2692 311 2720 Saxo
330 2693 562 2722 Grammaticus.
1446 2686 1467 2719 4

1643 591 1720 619 XVss
