<?xml version="1.0" encoding="UTF-8"?>
<!DOCTYPE html PUBLIC "-//W3C//DTD XHTML 1.0 Transitional//EN"
    "http://www.w3.org/TR/xhtml1/DTD/xhtml1-transitional.dtd">
<html xmlns="http://www.w3.org/1999/xhtml" xml:lang="en" lang="en">
 <head>
  <title>
</title>
<meta http-equiv="Content-Type" content="text/html;charset=utf-8" />
  <meta name='ocr-system' content='tesseract 3.04.00' />
  <meta name='ocr-capabilities' content='ocr_page ocr_carea ocr_par ocr_line ocrx_word'/>
</head>
<body>
  <div class='ocr_page' id='page_1' title='image "./saxonisgrammatic00saxouoft_0439.png"; bbox 0 0 1884 3126; ppageno 0'>
   <div class='ocr_carea' id='block_1_1' title="bbox 142 892 175 918">
    <p class='ocr_par' dir='ltr' id='par_1_1' title="bbox 142 892 175 918">
     <span class='ocr_line' id='line_1_1' title="bbox 142 892 175 918; baseline -0.03 0"><span class='ocrx_word' id='word_1_1' title='bbox 142 892 175 918; x_wconf 85' lang='lat'>10</span> 
     </span>
    </p>
   </div>
   <div class='ocr_carea' id='block_1_2' title="bbox 144 1182 176 1208">
    <p class='ocr_par' dir='ltr' id='par_1_2' title="bbox 144 1182 176 1208">
     <span class='ocr_line' id='line_1_2' title="bbox 144 1182 176 1208; baseline -0.031 0"><span class='ocrx_word' id='word_1_2' title='bbox 144 1182 176 1208; x_wconf 86' lang='lat'>15</span> 
     </span>
    </p>
   </div>
   <div class='ocr_carea' id='block_1_3' title="bbox 139 1473 175 1499">
    <p class='ocr_par' dir='ltr' id='par_1_3' title="bbox 139 1473 175 1499">
     <span class='ocr_line' id='line_1_3' title="bbox 139 1473 175 1499; baseline -0.056 0"><span class='ocrx_word' id='word_1_3' title='bbox 139 1473 175 1499; x_wconf 65' lang='lat'>‘20</span> 
     </span>
    </p>
   </div>
   <div class='ocr_carea' id='block_1_4' title="bbox 135 2054 171 2081">
    <p class='ocr_par' dir='ltr' id='par_1_4' title="bbox 135 2054 171 2081">
     <span class='ocr_line' id='line_1_4' title="bbox 135 2054 171 2081; baseline -0.056 0"><span class='ocrx_word' id='word_1_4' title='bbox 135 2054 171 2081; x_wconf 77' lang='lat'>30</span> 
     </span>
    </p>
   </div>
   <div class='ocr_carea' id='block_1_5' title="bbox 136 2345 171 2372">
    <p class='ocr_par' dir='ltr' id='par_1_5' title="bbox 136 2345 171 2372">
     <span class='ocr_line' id='line_1_5' title="bbox 136 2345 171 2372; baseline 0.029 -1"><span class='ocrx_word' id='word_1_5' title='bbox 136 2345 171 2372; x_wconf 84' lang='lat'>35</span> 
     </span>
    </p>
   </div>
   <div class='ocr_carea' id='block_1_6' title="bbox 134 2638 170 2665">
    <p class='ocr_par' dir='ltr' id='par_1_6' title="bbox 134 2638 170 2665">
     <span class='ocr_line' id='line_1_6' title="bbox 134 2638 170 2665; baseline 0 0"><span class='ocrx_word' id='word_1_6' title='bbox 134 2638 170 2665; x_wconf 75' lang='lat'>40</span> 
     </span>
    </p>
   </div>
   <div class='ocr_carea' id='block_1_7' title="bbox 800 225 1659 267">
    <p class='ocr_par' dir='ltr' id='par_1_7' title="bbox 800 225 1659 267">
     <span class='ocr_line' id='line_1_7' title="bbox 800 225 1659 267; baseline 0.013 -12"><span class='ocrx_word' id='word_1_7' title='bbox 800 226 1067 267; x_wconf 68' lang='lat' dir='ltr'>-X-</span> <span class='ocrx_word' id='word_1_8' title='bbox 1577 225 1659 266; x_wconf 88' lang='lat'>345</span> 
     </span>
    </p>
   </div>
   <div class='ocr_carea' id='block_1_8' title="bbox 206 352 1659 1752">
    <p class='ocr_par' dir='ltr' id='par_1_8' title="bbox 209 352 1658 457">
     <span class='ocr_line' id='line_1_8' title="bbox 209 352 1658 412; baseline -0.001 -14"><span class='ocrx_word' id='word_1_9' title='bbox 209 356 467 412; x_wconf 89' lang='lat' dir='ltr'>populorum</span> <span class='ocrx_word' id='word_1_10' title='bbox 546 355 817 399; x_wconf 75' lang='lat' dir='ltr'>concordiam</span> <span class='ocrx_word' id='word_1_11' title='bbox 899 354 1114 396; x_wconf 89' lang='lat' dir='ltr'>communi</span> <span class='ocrx_word' id='word_1_12' title='bbox 1193 352 1410 408; x_wconf 81' lang='lat' dir='ltr'>sanguinis</span> <span class='ocrx_word' id='word_1_13' title='bbox 1489 354 1658 396; x_wconf 91' lang='lat' dir='ltr'>uinculo</span> 
     </span>
     <span class='ocr_line' id='line_1_9' title="bbox 209 415 427 457; baseline -0.01 0"><span class='ocrx_word' id='word_1_14' title='bbox 209 415 427 457; x_wconf 87' lang='lat' dir='ltr'>stabiliuit.</span> 
     </span>
    </p>

    <p class='ocr_par' dir='ltr' id='par_1_9' title="bbox 206 469 1659 1752">
     <span class='ocr_line' id='line_1_10' title="bbox 349 469 1658 536; baseline -0.002 -22"><span class='ocrx_word' id='word_1_15' title='bbox 349 473 547 515; x_wconf 86' lang='lat' dir='ltr'>Ceterum</span> <span class='ocrx_word' id='word_1_16' title='bbox 570 487 654 529; x_wconf 92' lang='lat' dir='ltr'>quo</span> <span class='ocrx_word' id='word_1_17' title='bbox 677 471 919 527; x_wconf 86' lang='lat' dir='ltr'>prompcius</span> <span class='ocrx_word' id='word_1_18' title='bbox 951 470 1136 512; x_wconf 86' lang='lat' dir='ltr'>habilem</span> <span class='ocrx_word' id='word_1_19' title='bbox 1170 469 1500 536; x_wconf 78' lang='lat' dir='ltr'>expeditamque</span> <span class='ocrx_word' id='word_1_20' title='bbox 1534 470 1658 511; x_wconf 89' lang='lat' dir='ltr'>clien-</span> 
     </span>
     <span class='ocr_line' id='line_1_11' title="bbox 209 528 1658 586; baseline -0.002 -14"><span class='ocrx_word' id='word_1_21' title='bbox 209 531 336 572; x_wconf 91' lang='lat' dir='ltr'>telam</span> <span class='ocrx_word' id='word_1_22' title='bbox 385 532 682 585; x_wconf 18' lang='lat' dir='ltr'>contimaheret</span> <span class='ocrx_word' id='word_1_23' title='bbox 734 528 964 586; x_wconf 80' lang='lat' dir='ltr'>splendidis</span> <span class='ocrx_word' id='word_1_24' title='bbox 1017 528 1211 569; x_wconf 77' lang='lat' dir='ltr'>miliciam</span> <span class='ocrx_word' id='word_1_25' title='bbox 1259 528 1476 584; x_wconf 84' lang='lat' dir='ltr'>tyrociniis</span> <span class='ocrx_word' id='word_1_26' title='bbox 1523 529 1658 583; x_wconf 88' lang='lat' dir='ltr'>auxit,</span> 
     </span>
     <span class='ocr_line' id='line_1_12' title="bbox 207 586 1657 652; baseline -0.001 -22"><span class='ocrx_word' id='word_1_27' title='bbox 207 590 466 644; x_wconf 85' lang='lat' dir='ltr'>amplissima</span> <span class='ocrx_word' id='word_1_28' title='bbox 488 588 672 631; x_wconf 87' lang='lat' dir='ltr'>fortibus</span> <span class='ocrx_word' id='word_1_29' title='bbox 699 587 909 644; x_wconf 83' lang='lat' dir='ltr'>stipendia</span> <span class='ocrx_word' id='word_1_30' title='bbox 941 586 1236 652; x_wconf 49' lang='lat' dir='ltr'>proponendo:</span> <span class='ocrx_word' id='word_1_31' title='bbox 1266 601 1351 628; x_wconf 93' lang='lat' dir='ltr'>non</span> <span class='ocrx_word' id='word_1_32' title='bbox 1373 591 1459 628; x_wconf 90' lang='lat' dir='ltr'>tam</span> <span class='ocrx_word' id='word_1_33' title='bbox 1481 601 1657 629; x_wconf 90' lang='lat' dir='ltr'>numero</span> 
     </span>
     <span class='ocr_line' id='line_1_13' title="bbox 209 631 1658 703; baseline -0.001 -15"><span class='ocrx_word' id='word_1_34' title='bbox 209 662 338 703; x_wconf 90' lang='lat' dir='ltr'>quam</span> <span class='ocrx_word' id='word_1_35' title='bbox 369 648 523 689; x_wconf 77' lang='lat' dir='ltr'>robore</span> <span class='ocrx_word' id='word_1_36' title='bbox 555 648 736 689; x_wconf 90' lang='lat' dir='ltr'>militum</span> <span class='ocrx_word' id='word_1_37' title='bbox 758 631 1055 688; x_wconf 85' lang='lat' dir='ltr'>uenerabilius</span> <span class='ocrx_word' id='word_1_38' title='bbox 1087 645 1253 700; x_wconf 90' lang='lat' dir='ltr'>imperii</span> <span class='ocrx_word' id='word_1_39' title='bbox 1286 645 1350 686; x_wconf 89' lang='lat' dir='ltr'>sui</span> <span class='ocrx_word' id='word_1_40' title='bbox 1382 645 1512 687; x_wconf 88' lang='lat' dir='ltr'>decus</span> <span class='ocrx_word' id='word_1_41' title='bbox 1545 644 1658 687; x_wconf 87' lang='lat' dir='ltr'>futu-</span> 
     </span>
     <span class='ocr_line' id='line_1_14' title="bbox 208 703 1659 760; baseline -0.001 -14"><span class='ocrx_word' id='word_1_42' title='bbox 208 720 301 747; x_wconf 87' lang='lat' dir='ltr'>rum</span> <span class='ocrx_word' id='word_1_43' title='bbox 334 706 593 749; x_wconf 81' lang='lat' dir='ltr'>existimans.</span> <span class='ocrx_word' id='word_1_44' title='bbox 656 705 807 760; x_wconf 84' lang='lat' dir='ltr'>Itaque</span> <span class='ocrx_word' id='word_1_45' title='bbox 840 703 1029 745; x_wconf 88' lang='lat' dir='ltr'>militaris</span> <span class='ocrx_word' id='word_1_46' title='bbox 1062 703 1284 755; x_wconf 82' lang='lat' dir='ltr'>alacritas,</span> <span class='ocrx_word' id='word_1_47' title='bbox 1324 704 1442 744; x_wconf 85' lang='lat' dir='ltr'>cuius</span> <span class='ocrx_word' id='word_1_48' title='bbox 1474 704 1659 745; x_wconf 79' lang='lat' dir='ltr'>maxime</span> 
     </span>
     <span class='ocr_line' id='line_1_15' title="bbox 207 761 1659 820; baseline -0.001 -16"><span class='ocrx_word' id='word_1_49' title='bbox 207 765 378 820; x_wconf 77' lang='lat' dir='ltr'>premiis</span> <span class='ocrx_word' id='word_1_50' title='bbox 402 765 533 807; x_wconf 87' lang='lat' dir='ltr'>honos</span> <span class='ocrx_word' id='word_1_51' title='bbox 558 764 697 814; x_wconf 83' lang='lat' dir='ltr'>alitur,</span> <span class='ocrx_word' id='word_1_52' title='bbox 731 762 923 805; x_wconf 77' lang='lat' dir='ltr'>certatim</span> <span class='ocrx_word' id='word_1_53' title='bbox 955 762 997 803; x_wconf 94' lang='lat' dir='ltr'>in</span> <span class='ocrx_word' id='word_1_54' title='bbox 1030 761 1121 803; x_wconf 90' lang='lat' dir='ltr'>eius</span> <span class='ocrx_word' id='word_1_55' title='bbox 1154 761 1479 803; x_wconf 85' lang='lat' dir='ltr'>contubernium</span> <span class='ocrx_word' id='word_1_56' title='bbox 1502 762 1659 803; x_wconf 89' lang='lat' dir='ltr'>deflue-</span> 
     </span>
     <span class='ocr_line' id='line_1_16' title="bbox 211 819 1659 877; baseline -0.001 -15"><span class='ocrx_word' id='word_1_57' title='bbox 211 824 292 864; x_wconf 86' lang='lat' dir='ltr'>bat.</span> <span class='ocrx_word' id='word_1_58' title='bbox 343 821 472 863; x_wconf 84' lang='lat' dir='ltr'>Cuius</span> <span class='ocrx_word' id='word_1_59' title='bbox 495 822 786 864; x_wconf 77' lang='lat' dir='ltr'>munificencie</span> <span class='ocrx_word' id='word_1_60' title='bbox 810 820 955 877; x_wconf 69' lang='lat' dir='ltr'>gracia</span> <span class='ocrx_word' id='word_1_61' title='bbox 971 819 1186 861; x_wconf 85' lang='lat' dir='ltr'>Vluonem</span> <span class='ocrx_word' id='word_1_62' title='bbox 1211 819 1436 874; x_wconf 86' lang='lat' dir='ltr'>quendam,</span> <span class='ocrx_word' id='word_1_63' title='bbox 1469 834 1491 860; x_wconf 91' lang='lat' dir='ltr'>e</span> <span class='ocrx_word' id='word_1_64' title='bbox 1514 820 1659 861; x_wconf 80' lang='lat' dir='ltr'>Suetia</span> 
     </span>
     <span class='ocr_line' id='line_1_17' title="bbox 207 876 1658 947; baseline -0.001 -27"><span class='ocrx_word' id='word_1_65' title='bbox 207 880 470 932; x_wconf 83' lang='lat' dir='ltr'>accersitum,</span> <span class='ocrx_word' id='word_1_66' title='bbox 505 881 612 922; x_wconf 89' lang='lat' dir='ltr'>dolis</span> <span class='ocrx_word' id='word_1_67' title='bbox 634 881 768 947; x_wconf 80' lang='lat' dir='ltr'>magis</span> <span class='ocrx_word' id='word_1_68' title='bbox 792 894 917 935; x_wconf 89' lang='lat' dir='ltr'>quam</span> <span class='ocrx_word' id='word_1_69' title='bbox 942 876 1137 920; x_wconf 89' lang='lat' dir='ltr'>uiribus</span> <span class='ocrx_word' id='word_1_70' title='bbox 1128 878 1348 932; x_wconf 78' lang='lat' dir='ltr'>insignem,</span> <span class='ocrx_word' id='word_1_71' title='bbox 1370 878 1410 919; x_wconf 92' lang='lat' dir='ltr'>in</span> <span class='ocrx_word' id='word_1_72' title='bbox 1434 878 1658 920; x_wconf 84' lang='lat' dir='ltr'>militarem</span> 
     </span>
     <span class='ocr_line' id='line_1_18' title="bbox 208 936 1658 994; baseline -0.001 -14"><span class='ocrx_word' id='word_1_73' title='bbox 208 938 396 980; x_wconf 81' lang='lat' dir='ltr'>ordinem</span> <span class='ocrx_word' id='word_1_74' title='bbox 415 939 524 981; x_wconf 87' lang='lat' dir='ltr'>allici</span> <span class='ocrx_word' id='word_1_75' title='bbox 544 939 732 994; x_wconf 88' lang='lat' dir='ltr'>contigit.</span> <span class='ocrx_word' id='word_1_76' title='bbox 773 938 904 980; x_wconf 81' lang='lat' dir='ltr'>Cuius</span> <span class='ocrx_word' id='word_1_77' title='bbox 922 936 1119 992; x_wconf 84' lang='lat' dir='ltr'>quonia-m</span> <span class='ocrx_word' id='word_1_78' title='bbox 1140 937 1376 979; x_wconf 81' lang='lat' dir='ltr'>incidenter</span> <span class='ocrx_word' id='word_1_79' title='bbox 1393 937 1658 979; x_wconf 87' lang='lat' dir='ltr'>mencionem</span> 
     </span>
     <span class='ocr_line' id='line_1_19' title="bbox 209 994 1657 1050; baseline -0.001 -12"><span class='ocrx_word' id='word_1_80' title='bbox 209 997 290 1050; x_wconf 86' lang='lat' dir='ltr'>egi,</span> <span class='ocrx_word' id='word_1_81' title='bbox 322 1002 462 1038; x_wconf 88' lang='lat' dir='ltr'>ortum</span> <span class='ocrx_word' id='word_1_82' title='bbox 494 997 734 1039; x_wconf 86' lang='lat' dir='ltr'>summatim</span> <span class='ocrx_word' id='word_1_83' title='bbox 768 997 986 1038; x_wconf 87' lang='lat' dir='ltr'>disseram.</span> <span class='ocrx_word' id='word_1_84' title='bbox 1049 994 1279 1037; x_wconf 82' lang='lat' dir='ltr'>Cuiusdam</span> <span class='ocrx_word' id='word_1_85' title='bbox 1313 995 1444 1050; x_wconf 81' lang='lat' dir='ltr'>patris</span> <span class='ocrx_word' id='word_1_86' title='bbox 1474 995 1657 1037; x_wconf 87' lang='lat' dir='ltr'>familias</span> 
     </span>
     <span class='ocr_line' id='line_1_20' title="bbox 206 1053 1657 1110; baseline -0.001 -14"><span class='ocrx_word' id='word_1_87' title='bbox 206 1056 248 1096; x_wconf 92' lang='lat' dir='ltr'>in</span> <span class='ocrx_word' id='word_1_88' title='bbox 270 1069 372 1110; x_wconf 87' lang='lat' dir='ltr'>agro</span> <span class='ocrx_word' id='word_1_89' title='bbox 398 1056 570 1098; x_wconf 77' lang='lat' dir='ltr'>Snetico</span> <span class='ocrx_word' id='word_1_90' title='bbox 599 1056 728 1096; x_wconf 85' lang='lat' dir='ltr'>filiam</span> <span class='ocrx_word' id='word_1_91' title='bbox 760 1054 944 1096; x_wconf 86' lang='lat' dir='ltr'>liberalis</span> <span class='ocrx_word' id='word_1_92' title='bbox 977 1053 1122 1106; x_wconf 85' lang='lat' dir='ltr'>forme,</span> <span class='ocrx_word' id='word_1_93' title='bbox 1153 1067 1248 1094; x_wconf 90' lang='lat' dir='ltr'>cum</span> <span class='ocrx_word' id='word_1_94' title='bbox 1279 1053 1485 1095; x_wconf 87' lang='lat' dir='ltr'>ancillulis</span> <span class='ocrx_word' id='word_1_95' title='bbox 1518 1054 1657 1095; x_wconf 86' lang='lat' dir='ltr'>lusum</span> 
     </span>
     <span class='ocr_line' id='line_1_21' title="bbox 208 1111 1658 1169; baseline -0.001 -15"><span class='ocrx_word' id='word_1_96' title='bbox 208 1127 444 1168; x_wconf 85' lang='lat' dir='ltr'>egressam,</span> <span class='ocrx_word' id='word_1_97' title='bbox 487 1114 642 1156; x_wconf 86' lang='lat' dir='ltr'>eximie</span> <span class='ocrx_word' id='word_1_98' title='bbox 675 1113 927 1169; x_wconf 82' lang='lat' dir='ltr'>granditatis</span> <span class='ocrx_word' id='word_1_99' title='bbox 959 1126 1108 1167; x_wconf 89' lang='lat' dir='ltr'>ursus,</span> <span class='ocrx_word' id='word_1_100' title='bbox 1151 1111 1388 1154; x_wconf 87' lang='lat' dir='ltr'>deturbatis</span> <span class='ocrx_word' id='word_1_101' title='bbox 1421 1112 1658 1165; x_wconf 83' lang='lat' dir='ltr'>comitibus,</span> 
     </span>
     <span class='ocr_line' id='line_1_22' title="bbox 208 1170 1658 1227; baseline -0.002 -14"><span class='ocrx_word' id='word_1_102' title='bbox 208 1172 459 1227; x_wconf 78' lang='lat' dir='ltr'>complexus</span> <span class='ocrx_word' id='word_1_103' title='bbox 501 1173 665 1227; x_wconf 80' lang='lat' dir='ltr'>rapuit,</span> <span class='ocrx_word' id='word_1_104' title='bbox 709 1175 1018 1227; x_wconf 76' lang='lat' dir='ltr'>exceptamque</span> <span class='ocrx_word' id='word_1_105' title='bbox 1063 1170 1277 1225; x_wconf 89' lang='lat' dir='ltr'>unguibus</span> <span class='ocrx_word' id='word_1_106' title='bbox 1321 1184 1397 1225; x_wconf 88' lang='lat' dir='ltr'>pre</span> <span class='ocrx_word' id='word_1_107' title='bbox 1430 1185 1475 1212; x_wconf 86' lang='lat' dir='ltr'>se</span> <span class='ocrx_word' id='word_1_108' title='bbox 1505 1170 1658 1212; x_wconf 89' lang='lat' dir='ltr'>leniter</span> 
     </span>
     <span class='ocr_line' id='line_1_23' title="bbox 206 1228 1658 1285; baseline -0.001 -14"><span class='ocrx_word' id='word_1_109' title='bbox 206 1229 372 1282; x_wconf 87' lang='lat' dir='ltr'>ferens,</span> <span class='ocrx_word' id='word_1_110' title='bbox 421 1230 475 1272; x_wconf 90' lang='lat' dir='ltr'>ad</span> <span class='ocrx_word' id='word_1_111' title='bbox 522 1237 667 1272; x_wconf 89' lang='lat' dir='ltr'>notam</span> <span class='ocrx_word' id='word_1_112' title='bbox 718 1230 900 1272; x_wconf 88' lang='lat' dir='ltr'>nemoris</span> <span class='ocrx_word' id='word_1_113' title='bbox 952 1229 1157 1270; x_wconf 86' lang='lat' dir='ltr'>latebram</span> <span class='ocrx_word' id='word_1_114' title='bbox 1206 1229 1461 1285; x_wconf 88' lang='lat' dir='ltr'>deportauit.</span> <span class='ocrx_word' id='word_1_115' title='bbox 1527 1228 1658 1270; x_wconf 83' lang='lat' dir='ltr'>Cuius</span> 
     </span>
     <span class='ocr_line' id='line_1_24' title="bbox 208 1287 1657 1343; baseline -0.001 -13"><span class='ocrx_word' id='word_1_116' title='bbox 208 1289 406 1343; x_wconf 87' lang='lat' dir='ltr'>egregios</span> <span class='ocrx_word' id='word_1_117' title='bbox 440 1293 557 1330; x_wconf 86' lang='lat' dir='ltr'>artus</span> <span class='ocrx_word' id='word_1_118' title='bbox 590 1303 702 1330; x_wconf 89' lang='lat' dir='ltr'>nouo</span> <span class='ocrx_word' id='word_1_119' title='bbox 733 1302 890 1343; x_wconf 84' lang='lat' dir='ltr'>genere</span> <span class='ocrx_word' id='word_1_120' title='bbox 922 1287 1166 1343; x_wconf 84' lang='lat' dir='ltr'>cupiditatis</span> <span class='ocrx_word' id='word_1_121' title='bbox 1199 1295 1437 1342; x_wconf 82' lang='lat' dir='ltr'>aggressus,</span> <span class='ocrx_word' id='word_1_122' title='bbox 1474 1287 1657 1342; x_wconf 91' lang='lat' dir='ltr'>amplec-</span> 
     </span>
     <span class='ocr_line' id='line_1_25' title="bbox 207 1345 1657 1403; baseline 0 -16"><span class='ocrx_word' id='word_1_123' title='bbox 207 1346 324 1388; x_wconf 89' lang='lat' dir='ltr'>tendi</span> <span class='ocrx_word' id='word_1_124' title='bbox 365 1348 501 1401; x_wconf 85' lang='lat' dir='ltr'>magis</span> <span class='ocrx_word' id='word_1_125' title='bbox 545 1362 671 1403; x_wconf 86' lang='lat' dir='ltr'>quam</span> <span class='ocrx_word' id='word_1_126' title='bbox 713 1346 965 1389; x_wconf 85' lang='lat' dir='ltr'>absumendi</span> <span class='ocrx_word' id='word_1_127' title='bbox 1011 1345 1200 1388; x_wconf 86' lang='lat' dir='ltr'>studium</span> <span class='ocrx_word' id='word_1_128' title='bbox 1243 1346 1350 1400; x_wconf 86' lang='lat' dir='ltr'>egit,</span> <span class='ocrx_word' id='word_1_129' title='bbox 1396 1346 1657 1401; x_wconf 89' lang='lat' dir='ltr'>petitamque</span> 
     </span>
     <span class='ocr_line' id='line_1_26' title="bbox 206 1403 1656 1460; baseline -0.001 -14"><span class='ocrx_word' id='word_1_130' title='bbox 206 1405 382 1446; x_wconf 90' lang='lat' dir='ltr'>laniatui</span> <span class='ocrx_word' id='word_1_131' title='bbox 406 1405 581 1460; x_wconf 84' lang='lat' dir='ltr'>predam</span> <span class='ocrx_word' id='word_1_132' title='bbox 604 1406 644 1446; x_wconf 91' lang='lat' dir='ltr'>in</span> <span class='ocrx_word' id='word_1_133' title='bbox 679 1420 801 1446; x_wconf 86' lang='lat' dir='ltr'>usum</span> <span class='ocrx_word' id='word_1_134' title='bbox 834 1403 1015 1460; x_wconf 64' lang='lat' dir='ltr'>nelfarie&gt;</span> <span class='ocrx_word' id='word_1_135' title='bbox 1037 1404 1220 1446; x_wconf 85' lang='lat' dir='ltr'>libidinis</span> <span class='ocrx_word' id='word_1_136' title='bbox 1253 1404 1395 1447; x_wconf 86' lang='lat' dir='ltr'>uertit.</span> <span class='ocrx_word' id='word_1_137' title='bbox 1439 1403 1656 1446; x_wconf 80' lang='lat' dir='ltr'>Continuo</span> 
     </span>
     <span class='ocr_line' id='line_1_27' title="bbox 209 1462 1656 1519; baseline -0.002 -14"><span class='ocrx_word' id='word_1_138' title='bbox 209 1463 321 1505; x_wconf 90' lang='lat' dir='ltr'>enim</span> <span class='ocrx_word' id='word_1_139' title='bbox 354 1478 408 1504; x_wconf 81' lang='lat' dir='ltr'>ex</span> <span class='ocrx_word' id='word_1_140' title='bbox 441 1468 612 1519; x_wconf 86' lang='lat' dir='ltr'>raptore</span> <span class='ocrx_word' id='word_1_141' title='bbox 644 1469 804 1505; x_wconf 86' lang='lat' dir='ltr'>amator</span> <span class='ocrx_word' id='word_1_142' title='bbox 838 1464 1033 1515; x_wconf 87' lang='lat' dir='ltr'>effectus,</span> <span class='ocrx_word' id='word_1_143' title='bbox 1064 1463 1220 1505; x_wconf 85' lang='lat' dir='ltr'>famem</span> <span class='ocrx_word' id='word_1_144' title='bbox 1254 1462 1483 1504; x_wconf 86' lang='lat' dir='ltr'>concubitu</span> <span class='ocrx_word' id='word_1_145' title='bbox 1514 1462 1656 1507; x_wconf 81' lang='lat' dir='ltr'>soluit,</span> 
     </span>
     <span class='ocr_line' id='line_1_28' title="bbox 207 1520 1655 1578; baseline -0.001 -16"><span class='ocrx_word' id='word_1_146' title='bbox 207 1521 488 1578; x_wconf 86' lang='lat' dir='ltr'>ardoremque</span> <span class='ocrx_word' id='word_1_147' title='bbox 521 1522 618 1577; x_wconf 83' lang='lat' dir='ltr'>gule</span> <span class='ocrx_word' id='word_1_148' title='bbox 642 1521 823 1564; x_wconf 89' lang='lat' dir='ltr'>Veneris</span> <span class='ocrx_word' id='word_1_149' title='bbox 855 1522 1057 1564; x_wconf 82' lang='lat' dir='ltr'>sacietate</span> <span class='ocrx_word' id='word_1_150' title='bbox 1088 1521 1300 1575; x_wconf 88' lang='lat' dir='ltr'>pensauit.</span> <span class='ocrx_word' id='word_1_151' title='bbox 1349 1520 1530 1576; x_wconf 82' lang='lat' dir='ltr'>Quoque</span> <span class='ocrx_word' id='word_1_152' title='bbox 1564 1534 1655 1562; x_wconf 89' lang='lat' dir='ltr'>eam</span> 
     </span>
     <span class='ocr_line' id='line_1_29' title="bbox 206 1579 1656 1634; baseline -0.001 -14"><span class='ocrx_word' id='word_1_153' title='bbox 206 1579 504 1634; x_wconf 86' lang='lat' dir='ltr'>indulgencius</span> <span class='ocrx_word' id='word_1_154' title='bbox 536 1580 683 1633; x_wconf 90' lang='lat' dir='ltr'>aleret,</span> <span class='ocrx_word' id='word_1_155' title='bbox 717 1580 872 1622; x_wconf 90' lang='lat' dir='ltr'>crebris</span> <span class='ocrx_word' id='word_1_156' title='bbox 904 1580 1270 1621; x_wconf 82' lang='lat' dir='ltr'>incursacionibus</span> <span class='ocrx_word' id='word_1_157' title='bbox 1302 1579 1488 1620; x_wconf 88' lang='lat' dir='ltr'>uicinum</span> <span class='ocrx_word' id='word_1_158' title='bbox 1519 1579 1656 1620; x_wconf 88' lang='lat' dir='ltr'>acrius</span> 
     </span>
     <span class='ocr_line' id='line_1_30' title="bbox 206 1637 1656 1692; baseline 0 -15"><span class='ocrx_word' id='word_1_159' title='bbox 206 1637 739 1692; x_wconf 64' lang='lat' dir='ltr'>incessabatrarmentum,</span> <span class='ocrx_word' id='word_1_160' title='bbox 773 1652 851 1680; x_wconf 90' lang='lat' dir='ltr'>nec</span> <span class='ocrx_word' id='word_1_161' title='bbox 883 1638 964 1680; x_wconf 86' lang='lat' dir='ltr'>nisi</span> <span class='ocrx_word' id='word_1_162' title='bbox 995 1637 1253 1679; x_wconf 88' lang='lat' dir='ltr'>laucioribus</span> <span class='ocrx_word' id='word_1_163' title='bbox 1285 1642 1384 1678; x_wconf 88' lang='lat' dir='ltr'>ante</span> <span class='ocrx_word' id='word_1_164' title='bbox 1415 1637 1525 1679; x_wconf 90' lang='lat' dir='ltr'>uesci</span> <span class='ocrx_word' id='word_1_165' title='bbox 1558 1637 1656 1678; x_wconf 87' lang='lat' dir='ltr'>soli-</span> 
     </span>
     <span class='ocr_line' id='line_1_31' title="bbox 206 1695 1657 1752; baseline -0.001 -16"><span class='ocrx_word' id='word_1_166' title='bbox 206 1700 293 1736; x_wconf 86' lang='lat' dir='ltr'>tam</span> <span class='ocrx_word' id='word_1_167' title='bbox 326 1695 481 1751; x_wconf 88' lang='lat' dir='ltr'>sparsis</span> <span class='ocrx_word' id='word_1_168' title='bbox 513 1698 722 1751; x_wconf 79' lang='lat' dir='ltr'>sanguine</span> <span class='ocrx_word' id='word_1_169' title='bbox 756 1696 937 1752; x_wconf 88' lang='lat' dir='ltr'>dapibus</span> <span class='ocrx_word' id='word_1_170' title='bbox 970 1695 1208 1738; x_wconf 85' lang='lat' dir='ltr'>assuefecit.</span> <span class='ocrx_word' id='word_1_171' title='bbox 1260 1695 1384 1737; x_wconf 87' lang='lat' dir='ltr'>Adeo</span> <span class='ocrx_word' id='word_1_172' title='bbox 1418 1696 1526 1737; x_wconf 91' lang='lat' dir='ltr'>enim</span> <span class='ocrx_word' id='word_1_173' title='bbox 1561 1709 1657 1750; x_wconf 91' lang='lat' dir='ltr'>cap-</span> 
     </span>
    </p>
   </div>
   <div class='ocr_carea' id='block_1_9' title="bbox 136 1753 1654 1811">
    <p class='ocr_par' dir='ltr' id='par_1_10' title="bbox 136 1753 1654 1811">
     <span class='ocr_line' id='line_1_32' title="bbox 136 1753 1654 1811; baseline 0 -17"><span class='ocrx_word' id='word_1_174' title='bbox 136 1766 152 1790; x_wconf 72' lang='lat'><em>2</em></span> <span class='ocrx_word' id='word_1_175' title='bbox 204 1754 293 1796; x_wconf 91' lang='lat' dir='ltr'>tiue</span> <span class='ocrx_word' id='word_1_176' title='bbox 326 1754 488 1808; x_wconf 86' lang='lat' dir='ltr'>species</span> <span class='ocrx_word' id='word_1_177' title='bbox 522 1754 743 1796; x_wconf 80' lang='lat' dir='ltr'>efferatam</span> <span class='ocrx_word' id='word_1_178' title='bbox 777 1755 958 1811; x_wconf 84' lang='lat' dir='ltr'>raptoris</span> <span class='ocrx_word' id='word_1_179' title='bbox 991 1755 1192 1797; x_wconf 80' lang='lat' dir='ltr'>seniciam</span> <span class='ocrx_word' id='word_1_180' title='bbox 1225 1753 1374 1808; x_wconf 84' lang='lat' dir='ltr'>fregit,</span> <span class='ocrx_word' id='word_1_181' title='bbox 1417 1757 1489 1806; x_wconf 90' lang='lat' dir='ltr'>ut,</span> <span class='ocrx_word' id='word_1_182' title='bbox 1531 1767 1654 1808; x_wconf 90' lang='lat' dir='ltr'>quem</span> 
     </span>
    </p>
   </div>
   <div class='ocr_carea' id='block_1_10' title="bbox 201 1811 1655 2624">
    <p class='ocr_par' dir='ltr' id='par_1_11' title="bbox 201 1811 1655 2624">
     <span class='ocr_line' id='line_1_33' title="bbox 206 1811 1655 1868; baseline -0.001 -15"><span class='ocrx_word' id='word_1_183' title='bbox 206 1812 422 1866; x_wconf 84' lang='lat' dir='ltr'>sanguinis</span> <span class='ocrx_word' id='word_1_184' title='bbox 455 1814 519 1854; x_wconf 91' lang='lat' dir='ltr'>sui</span> <span class='ocrx_word' id='word_1_185' title='bbox 563 1813 759 1868; x_wconf 88' lang='lat' dir='ltr'>cupidum</span> <span class='ocrx_word' id='word_1_186' title='bbox 806 1812 1131 1867; x_wconf 77' lang='lat' dir='ltr'>extimescebat,</span> <span class='ocrx_word' id='word_1_187' title='bbox 1177 1813 1334 1855; x_wconf 87' lang='lat' dir='ltr'>amoris</span> <span class='ocrx_word' id='word_1_188' title='bbox 1376 1811 1551 1853; x_wconf 86' lang='lat' dir='ltr'>auidum</span> <span class='ocrx_word' id='word_1_189' title='bbox 1583 1826 1655 1852; x_wconf 81' lang='lat' dir='ltr'>ex-</span> 
     </span>
     <span class='ocr_line' id='line_1_34' title="bbox 205 1868 1655 1927; baseline -0.001 -16"><span class='ocrx_word' id='word_1_190' title='bbox 205 1870 428 1925; x_wconf 85' lang='lat' dir='ltr'>periretur,</span> <span class='ocrx_word' id='word_1_191' title='bbox 452 1874 704 1926; x_wconf 84' lang='lat' dir='ltr'>pastumque</span> <span class='ocrx_word' id='word_1_192' title='bbox 728 1871 781 1912; x_wconf 90' lang='lat' dir='ltr'>ab</span> <span class='ocrx_word' id='word_1_193' title='bbox 805 1885 854 1913; x_wconf 93' lang='lat' dir='ltr'>eo</span> <span class='ocrx_word' id='word_1_194' title='bbox 877 1871 1129 1927; x_wconf 86' lang='lat' dir='ltr'>perciperet,</span> <span class='ocrx_word' id='word_1_195' title='bbox 1153 1871 1218 1913; x_wconf 87' lang='lat' dir='ltr'>cui</span> <span class='ocrx_word' id='word_1_196' title='bbox 1239 1868 1328 1925; x_wconf 71' lang='lat' dir='ltr'>(se)</span> <span class='ocrx_word' id='word_1_197' title='bbox 1349 1869 1439 1911; x_wconf 90' lang='lat' dir='ltr'>fore</span> <span class='ocrx_word' id='word_1_198' title='bbox 1461 1870 1655 1925; x_wconf 88' lang='lat' dir='ltr'>protinus</span> 
     </span>
     <span class='ocr_line' id='line_1_35' title="bbox 205 1927 1654 1984; baseline -0.001 -15"><span class='ocrx_word' id='word_1_199' title='bbox 205 1927 398 1969; x_wconf 81' lang='lat' dir='ltr'>alimonie</span> <span class='ocrx_word' id='word_1_200' title='bbox 432 1929 664 1972; x_wconf 87' lang='lat' dir='ltr'>metuebat.</span> <span class='ocrx_word' id='word_1_201' title='bbox 727 1929 821 1978; x_wconf 81' lang='lat' dir='ltr'>Quo</span> <span class='ocrx_word' id='word_1_202' title='bbox 854 1944 947 1970; x_wconf 84' lang='lat' dir='ltr'>non.</span> <span class='ocrx_word' id='word_1_203' title='bbox 972 1934 1190 1984; x_wconf 85' lang='lat' dir='ltr'>penetrat,</span> <span class='ocrx_word' id='word_1_204' title='bbox 1224 1933 1297 1970; x_wconf 91' lang='lat' dir='ltr'>aut</span> <span class='ocrx_word' id='word_1_205' title='bbox 1329 1928 1428 1983; x_wconf 90' lang='lat' dir='ltr'>quid</span> <span class='ocrx_word' id='word_1_206' title='bbox 1461 1941 1546 1968; x_wconf 91' lang='lat' dir='ltr'>non</span> <span class='ocrx_word' id='word_1_207' title='bbox 1581 1942 1654 1969; x_wconf 83' lang='lat' dir='ltr'>ex-</span> 
     </span>
     <span class='ocr_line' id='line_1_36' title="bbox 205 1985 1655 2053; baseline 0 -27"><span class='ocrx_word' id='word_1_208' title='bbox 205 1987 360 2040; x_wconf 70' lang='lat' dir='ltr'>coyitat</span> <span class='ocrx_word' id='word_1_209' title='bbox 382 2001 522 2028; x_wconf 87' lang='lat' dir='ltr'>amor</span> <span class='ocrx_word' id='word_1_210' title='bbox 513 1988 532 2017; x_wconf 69' lang='lat'><strong>9</strong></span> <span class='ocrx_word' id='word_1_211' title='bbox 565 1987 683 2029; x_wconf 89' lang='lat' dir='ltr'>cuius</span> <span class='ocrx_word' id='word_1_212' title='bbox 706 1986 868 2029; x_wconf 66' lang='lat' dir='ltr'>ductuss</span> <span class='ocrx_word' id='word_1_213' title='bbox 891 1988 1022 2029; x_wconf 89' lang='lat' dir='ltr'>eciam</span> <span class='ocrx_word' id='word_1_214' title='bbox 1048 1987 1162 2053; x_wconf 83' lang='lat' dir='ltr'>apud</span> <span class='ocrx_word' id='word_1_215' title='bbox 1189 1987 1409 2030; x_wconf 85' lang='lat' dir='ltr'>efferatam</span> <span class='ocrx_word' id='word_1_216' title='bbox 1432 1985 1655 2027; x_wconf 90' lang='lat' dir='ltr'>beluarum</span> 
     </span>
     <span class='ocr_line' id='line_1_37' title="bbox 203 2043 1654 2113; baseline 0 -29"><span class='ocrx_word' id='word_1_217' title='bbox 203 2043 362 2085; x_wconf 88' lang='lat' dir='ltr'>rabiem</span> <span class='ocrx_word' id='word_1_218' title='bbox 395 2044 493 2098; x_wconf 87' lang='lat' dir='ltr'>gule</span> <span class='ocrx_word' id='word_1_219' title='bbox 527 2045 840 2087; x_wconf 88' lang='lat' dir='ltr'>irritamentum</span> <span class='ocrx_word' id='word_1_220' title='bbox 874 2044 1057 2087; x_wconf 88' lang='lat' dir='ltr'>libidinis</span> <span class='ocrx_word' id='word_1_221' title='bbox 1085 2046 1265 2113; x_wconf 79' lang='lat' dir='ltr'>imperio</span> <span class='ocrx_word' id='word_1_222' title='bbox 1300 2044 1424 2087; x_wconf 88' lang='lat' dir='ltr'>cedit.</span> <span class='ocrx_word' id='word_1_223' title='bbox 1461 2043 1654 2085; x_wconf 84' lang='lat' dir='ltr'>Tandem</span> 
     </span>
     <span class='ocr_line' id='line_1_38' title="bbox 207 2102 1653 2160; baseline 0.001 -17"><span class='ocrx_word' id='word_1_224' title='bbox 207 2103 349 2157; x_wconf 88' lang='lat' dir='ltr'>gregis</span> <span class='ocrx_word' id='word_1_225' title='bbox 381 2116 627 2158; x_wconf 87' lang='lat' dir='ltr'>possessor,</span> <span class='ocrx_word' id='word_1_226' title='bbox 660 2104 856 2146; x_wconf 82' lang='lat' dir='ltr'>exhausti</span> <span class='ocrx_word' id='word_1_227' title='bbox 888 2105 1051 2160; x_wconf 72' lang='lat' dir='ltr'>pecoris</span> <span class='ocrx_word' id='word_1_228' title='bbox 1082 2105 1223 2160; x_wconf 90' lang='lat' dir='ltr'>inopia</span> <span class='ocrx_word' id='word_1_229' title='bbox 1256 2109 1538 2159; x_wconf 79' lang='lat' dir='ltr'>prouocatus,</span> <span class='ocrx_word' id='word_1_230' title='bbox 1581 2102 1653 2144; x_wconf 89' lang='lat' dir='ltr'>ob-</span> 
     </span>
     <span class='ocr_line' id='line_1_39' title="bbox 206 2160 1652 2211; baseline 0.001 -11"><span class='ocrx_word' id='word_1_231' title='bbox 206 2160 454 2202; x_wconf 85' lang='lat' dir='ltr'>seruacione</span> <span class='ocrx_word' id='word_1_232' title='bbox 496 2160 707 2211; x_wconf 84' lang='lat' dir='ltr'>adhibita,</span> <span class='ocrx_word' id='word_1_233' title='bbox 750 2162 1065 2204; x_wconf 75' lang='lat' dir='ltr'>circumuentam</span> <span class='ocrx_word' id='word_1_234' title='bbox 1106 2163 1280 2205; x_wconf 83' lang='lat' dir='ltr'>canibus</span> <span class='ocrx_word' id='word_1_235' title='bbox 1326 2162 1495 2204; x_wconf 88' lang='lat' dir='ltr'>beluam</span> <span class='ocrx_word' id='word_1_236' title='bbox 1528 2175 1652 2203; x_wconf 88' lang='lat' dir='ltr'>cursu</span> 
     </span>
     <span class='ocr_line' id='line_1_40' title="bbox 205 2219 1655 2286; baseline 0.001 -27"><span class='ocrx_word' id='word_1_237' title='bbox 205 2231 254 2259; x_wconf 85' lang='lat' dir='ltr'>ac</span> <span class='ocrx_word' id='word_1_238' title='bbox 287 2219 471 2260; x_wconf 88' lang='lat' dir='ltr'>clamore</span> <span class='ocrx_word' id='word_1_239' title='bbox 493 2219 808 2262; x_wconf 87' lang='lat' dir='ltr'>uehemencius</span> <span class='ocrx_word' id='word_1_240' title='bbox 840 2234 994 2274; x_wconf 82' lang='lat' dir='ltr'>uigere</span> <span class='ocrx_word' id='word_1_241' title='bbox 1025 2222 1222 2277; x_wconf 84' lang='lat' dir='ltr'>perstitit,</span> <span class='ocrx_word' id='word_1_242' title='bbox 1253 2220 1534 2286; x_wconf 81' lang='lat' dir='ltr'>fugacemque</span> <span class='ocrx_word' id='word_1_243' title='bbox 1566 2234 1655 2262; x_wconf 86' lang='lat' dir='ltr'>sec-</span> 
     </span>
     <span class='ocr_line' id='line_1_41' title="bbox 206 2277 1652 2345; baseline 0.002 -29"><span class='ocrx_word' id='word_1_244' title='bbox 206 2280 332 2331; x_wconf 85' lang='lat' dir='ltr'>tatus,</span> <span class='ocrx_word' id='word_1_245' title='bbox 357 2291 404 2319; x_wconf 91' lang='lat' dir='ltr'>eo</span> <span class='ocrx_word' id='word_1_246' title='bbox 425 2277 535 2318; x_wconf 90' lang='lat' dir='ltr'>forte</span> <span class='ocrx_word' id='word_1_247' title='bbox 566 2278 660 2331; x_wconf 88' lang='lat' dir='ltr'>loci,</span> <span class='ocrx_word' id='word_1_248' title='bbox 693 2293 789 2345; x_wconf 44' lang='lat' dir='ltr'>quo·</span> <span class='ocrx_word' id='word_1_249' title='bbox 808 2279 953 2345; x_wconf 83' lang='lat' dir='ltr'>puella</span> <span class='ocrx_word' id='word_1_250' title='bbox 985 2279 1252 2325; x_wconf 85' lang='lat' dir='ltr'>seruabatur</span> <span class='ocrx_word' id='word_1_251' title='bbox 1283 2279 1472 2320; x_wconf 88' lang='lat' dir='ltr'>accessit.</span> <span class='ocrx_word' id='word_1_252' title='bbox 1516 2278 1652 2334; x_wconf 82' lang='lat' dir='ltr'>Siqui-</span> 
     </span>
     <span class='ocr_line' id='line_1_42' title="bbox 205 2334 1654 2391; baseline 0 -15"><span class='ocrx_word' id='word_1_253' title='bbox 205 2334 302 2376; x_wconf 88' lang='lat' dir='ltr'>dem</span> <span class='ocrx_word' id='word_1_254' title='bbox 347 2334 605 2376; x_wconf 88' lang='lat' dir='ltr'>domicilium</span> <span class='ocrx_word' id='word_1_255' title='bbox 650 2337 738 2378; x_wconf 85' lang='lat' dir='ltr'>eius</span> <span class='ocrx_word' id='word_1_256' title='bbox 778 2337 904 2378; x_wconf 86' lang='lat' dir='ltr'>inuiis</span> <span class='ocrx_word' id='word_1_257' title='bbox 947 2337 1176 2391; x_wconf 83' lang='lat' dir='ltr'>paludibus</span> <span class='ocrx_word' id='word_1_258' title='bbox 1217 2337 1405 2379; x_wconf 86' lang='lat' dir='ltr'>clausum</span> <span class='ocrx_word' id='word_1_259' title='bbox 1448 2337 1654 2391; x_wconf 81' lang='lat' dir='ltr'>peiplexa</span> 
     </span>
     <span class='ocr_line' id='line_1_43' title="bbox 203 2393 1652 2437; baseline 0.001 -5"><span class='ocrx_word' id='word_1_260' title='bbox 203 2407 416 2435; x_wconf 76' lang='lat' dir='ltr'>lamorum</span> <span class='ocrx_word' id='word_1_261' title='bbox 464 2393 594 2435; x_wconf 85' lang='lat' dir='ltr'>series</span> <span class='ocrx_word' id='word_1_262' title='bbox 641 2395 872 2436; x_wconf 85' lang='lat' dir='ltr'>continenti</span> <span class='ocrx_word' id='word_1_263' title='bbox 921 2394 1134 2437; x_wconf 89' lang='lat' dir='ltr'>frondium</span> <span class='ocrx_word' id='word_1_264' title='bbox 1182 2394 1429 2436; x_wconf 86' lang='lat' dir='ltr'>umbraculo</span> <span class='ocrx_word' id='word_1_265' title='bbox 1471 2398 1652 2436; x_wconf 82' lang='lat' dir='ltr'>texerat.</span> 
     </span>
     <span class='ocr_line' id='line_1_44' title="bbox 205 2450 1653 2495; baseline 0.002 -5"><span class='ocrx_word' id='word_1_266' title='bbox 205 2450 290 2492; x_wconf 87' lang='lat' dir='ltr'>Vbi</span> <span class='ocrx_word' id='word_1_267' title='bbox 322 2465 424 2492; x_wconf 86' lang='lat' dir='ltr'>mox</span> <span class='ocrx_word' id='word_1_268' title='bbox 456 2451 546 2492; x_wconf 85' lang='lat' dir='ltr'>fera</span> <span class='ocrx_word' id='word_1_269' title='bbox 578 2466 602 2493; x_wconf 93' lang='lat' dir='ltr'>a</span> <span class='ocrx_word' id='word_1_270' title='bbox 634 2452 820 2494; x_wconf 86' lang='lat' dir='ltr'>reciariis</span> <span class='ocrx_word' id='word_1_271' title='bbox 865 2453 1140 2495; x_wconf 83' lang='lat' dir='ltr'>circunuenta</span> <span class='ocrx_word' id='word_1_272' title='bbox 1179 2467 1231 2495; x_wconf 90' lang='lat' dir='ltr'>ac</span> <span class='ocrx_word' id='word_1_273' title='bbox 1279 2452 1498 2493; x_wconf 90' lang='lat' dir='ltr'>uenabulis</span> <span class='ocrx_word' id='word_1_274' title='bbox 1531 2466 1653 2493; x_wconf 90' lang='lat' dir='ltr'>occu-</span> 
     </span>
     <span class='ocr_line' id='line_1_45' title="bbox 201 2509 1650 2565; baseline 0 -15"><span class='ocrx_word' id='word_1_275' title='bbox 201 2513 303 2564; x_wconf 88' lang='lat' dir='ltr'>pata</span> <span class='ocrx_word' id='word_1_276' title='bbox 334 2509 586 2550; x_wconf 88' lang='lat' dir='ltr'>confoditur.</span> <span class='ocrx_word' id='word_1_277' title='bbox 630 2509 690 2550; x_wconf 82' lang='lat' dir='ltr'>Vt</span> <span class='ocrx_word' id='word_1_278' title='bbox 721 2524 820 2564; x_wconf 86' lang='lat' dir='ltr'>ergo</span> <span class='ocrx_word' id='word_1_279' title='bbox 855 2510 1034 2565; x_wconf 86' lang='lat' dir='ltr'>duplicis</span> <span class='ocrx_word' id='word_1_280' title='bbox 1068 2512 1248 2554; x_wconf 89' lang='lat' dir='ltr'>materie</span> <span class='ocrx_word' id='word_1_281' title='bbox 1278 2510 1465 2565; x_wconf 91' lang='lat' dir='ltr'>benigna</span> <span class='ocrx_word' id='word_1_282' title='bbox 1495 2509 1650 2551; x_wconf 84' lang='lat' dir='ltr'>artifex</span> 
     </span>
     <span class='ocr_line' id='line_1_46' title="bbox 203 2567 1652 2624; baseline 0.002 -18"><span class='ocrx_word' id='word_1_283' title='bbox 203 2570 358 2607; x_wconf 85' lang='lat' dir='ltr'>natura</span> <span class='ocrx_word' id='word_1_284' title='bbox 380 2567 627 2622; x_wconf 86' lang='lat' dir='ltr'>nupciarum</span> <span class='ocrx_word' id='word_1_285' title='bbox 652 2567 967 2609; x_wconf 86' lang='lat' dir='ltr'>deformitatem</span> <span class='ocrx_word' id='word_1_286' title='bbox 989 2570 1157 2611; x_wconf 90' lang='lat' dir='ltr'>seminis</span> <span class='ocrx_word' id='word_1_287' title='bbox 1176 2567 1414 2624; x_wconf 86' lang='lat' dir='ltr'>aptitudine</span> <span class='ocrx_word' id='word_1_288' title='bbox 1432 2568 1652 2619; x_wconf 82' lang='lat' dir='ltr'>coloraret,</span> 
     </span>
    </p>
   </div>
   <div class='ocr_carea' id='block_1_11' title="bbox 203 2625 1654 2683">
    <p class='ocr_par' dir='ltr' id='par_1_12' title="bbox 203 2625 1654 2683">
     <span class='ocr_line' id='line_1_47' title="bbox 203 2625 1654 2683; baseline 0.001 -16"><span class='ocrx_word' id='word_1_289' title='bbox 203 2625 499 2680; x_wconf 87' lang='lat' dir='ltr'>generacionis</span> <span class='ocrx_word' id='word_1_290' title='bbox 539 2630 777 2667; x_wconf 87' lang='lat' dir='ltr'>monstrum</span> <span class='ocrx_word' id='word_1_291' title='bbox 822 2626 977 2668; x_wconf 85' lang='lat' dir='ltr'>usitato</span> <span class='ocrx_word' id='word_1_292' title='bbox 1011 2633 1138 2683; x_wconf 88' lang='lat' dir='ltr'>partu</span> <span class='ocrx_word' id='word_1_293' title='bbox 1170 2627 1300 2670; x_wconf 87' lang='lat' dir='ltr'>edidit</span> <span class='ocrx_word' id='word_1_294' title='bbox 1331 2626 1654 2683; x_wconf 83' lang='lat' dir='ltr'>siluestremque</span> 
     </span>
    </p>
   </div>
   <div class='ocr_carea' id='block_1_12' title="bbox 1715 1417 1812 1450">
    <p class='ocr_par' dir='ltr' id='par_1_13' title="bbox 1715 1417 1812 1450">
     <span class='ocr_line' id='line_1_48' title="bbox 1715 1417 1812 1450; baseline -0.01 -6"><span class='ocrx_word' id='word_1_295' title='bbox 1715 1426 1739 1450; x_wconf 83' lang='lat' dir='ltr'>p.</span> <span class='ocrx_word' id='word_1_296' title='bbox 1761 1417 1812 1444; x_wconf 75' lang='lat'>513</span> 
     </span>
    </p>
   </div>
   <div class='ocr_carea' id='block_1_13' title="bbox 1710 1996 1804 2025">
    <p class='ocr_par' dir='ltr' id='par_1_14' title="bbox 1710 1996 1804 2025">
     <span class='ocr_line' id='line_1_49' title="bbox 1710 1996 1804 2025; baseline 0.011 -1"><span class='ocrx_word' id='word_1_297' title='bbox 1710 1996 1804 2025; x_wconf 78' lang='lat' dir='ltr'>Clllh</span> 
     </span>
    </p>
   </div>
  </div>
 </body>
</html>
