1884 3126
116 866 146 893 lss

109 1450 147 1477 *20

111 1741 148 1767 ‘25

114 2147 150 2173 30

116 2437 153 2463 35

769 202 1042 245 ——II—
1574 206 1627 246 65

290 331 388 373 Non
418 331 482 373 illi
513 332 734 373 hamatum
764 335 934 387 poterat
965 332 1163 387 prodesse
1196 332 1428 386 metallum,

292 389 390 432 Non
422 391 545 444 ensis,
578 404 660 432 non
692 390 820 432 umbo
852 394 984 442 teres3
1017 395 1105 432 tam
1136 390 1282 432 uiuida
1313 390 1412 433 ferri
1652 409 1678 434 p·
1702 400 1746 426 ¹0⁴

290 447 367 490 Vis
399 453 505 502 erat,
536 448 710 491 obiectis
742 447 901 489 tardari
931 449 1072 490 nescia
1103 449 1242 491 rebus.

290 506 408 561 Ergo
442 507 569 549 duces
600 506 673 548 ubi
703 511 801 548 sunt
833 506 1100 561 Gotthorum,
1133 507 1368 563 milicieque

291 565 545 607 Hiartuari?
591 564 792 618 Veniant,
826 569 868 606 et
900 566 1012 607 uires
1044 565 1250 620 sanguine
1280 568 1471 620 pensent.

294 623 377 672 Qui
406 624 578 676 iaciunt,
607 623 684 679 *qui
715 623 801 664 tela
831 627 985 675 rotant,
1019 623 1099 665 nisi
1130 623 1301 678 regibus
1333 623 1444 665 orti?

293 681 440 737 Surgit
471 682 525 723 ab
556 682 752 736 ingenuis
784 681 967 736 bellum3
1001 682 1231 723 clarissima
1263 681 1444 723 Martem

294 740 529 781 Stemmata
561 740 811 793 conficiunt3
845 754 923 781 nec
954 740 1067 781 enim
1098 740 1347 795 uulgaribus
1378 739 1489 781 ausis

294 798 381 840 Res
413 799 566 854 agitur,
599 812 726 854 quam
758 799 846 840 sola
878 798 1030 840 ducum
1063 798 1302 840 discrimina
1333 801 1510 840 tentant.

292 856 486 898 Illustres
518 856 680 898 obeunt
712 870 922 911 proceres.
970 857 1050 909 En,
1084 857 1268 898 maxime
1300 856 1451 907 Roluo,

293 914 518 970 Magnates
551 915 740 956 cecidere
772 916 847 968 tui,
880 916 950 970 pia
977 919 1204 957 stemmata
1235 919 1411 956 cessant.

295 973 395 1015 Non
427 973 587 1015 humile
619 973 898 1015 obscurumne
929 987 1077 1028 genus,
1110 987 1191 1014 non
1223 973 1373 1014 funera
1403 971 1538 1028 plebis

294 1032 422 1073 Pluto
454 1032 566 1087 rapit
596 1032 786 1087 uilesque
819 1032 995 1084 animas,
1028 1031 1101 1074 sed
1134 1031 1223 1073 fata
1254 1035 1472 1086 potentum

295 1090 506 1146 Implicat,
539 1094 581 1131 et
613 1090 736 1131 claris
768 1090 951 1146 complet
982 1089 1295 1144 Phlegethonta
1326 1089 1483 1143 figuris.

293 1148 391 1190 Non
422 1149 596 1190 memini
628 1144 840 1190 certamen
873 1149 956 1203 agi,
990 1162 1070 1203 quo
1103 1148 1341 1204 prompcius
1372 1151 1480 1188 esset
1649 1144 1746 1188 5³·..195

295 1207 523 1248 Alternare
556 1220 688 1257 enses,
720 1207 953 1262 partirique
986 1207 1136 1248 ictibus
1166 1206 1286 1248 ictus.

295 1264 412 1306 Dans
442 1279 574 1306 unum
605 1269 692 1306 tres
724 1265 903 1320 accipio3
938 1265 995 1306 sic
1027 1268 1174 1306 mutua
1206 1264 1358 1306 Gotthi

293 1322 486 1364 Vulnera
517 1327 808 1378 compensant,
842 1323 900 1364 sic
933 1323 1084 1365 dextra
1115 1323 1337 1378 potencior
1369 1321 1501 1362 hostis

294 1380 496 1423 Vindicat
528 1385 745 1437 acceptam
776 1381 988 1423 cumulato
1019 1381 1164 1422 fenore
1195 1394 1364 1436 penam.

293 1439 544 1495 Quanquam
575 1439 682 1481 adeo
716 1440 827 1482 solus
861 1440 1088 1481 multorum
1122 1439 1269 1480 funere
1301 1439 1384 1480 leto

294 1497 479 1553 Corpora
512 1497 760 1539 tradiderim
792 1512 1000 1553 pugnans,
1032 1501 1079 1538 ut
1111 1497 1294 1552 imagine
1327 1496 1443 1538 collis

294 1555 444 1598 Editus
469 1570 499 1597 -e
531 1557 689 1598 truncis
721 1560 986 1598 excresceret
1017 1556 1190 1597 artubus
1221 1569 1366 1610 agger,

293 1613 350 1655 Et
381 1615 565 1670 speciem
596 1615 748 1656 tumuli
779 1619 979 1669 congesta
1011 1613 1221 1655 cadauera
1252 1613 1427 1655 ferrent.

294 1672 350 1714 Et
382 1672 480 1733 quid
514 1673 616 1727 agit,
648 1673 719 1728 qui
752 1687 818 1714 me
850 1687 986 1729 nuper
1016 1672 1187 1727 prodire
1219 1671 1402 1723 iubebat,

295 1730 467 1773 Eximia
498 1745 542 1773 se
571 1731 698 1773 laude
729 1732 926 1786 probans,
959 1731 1145 1785 aliosque
1177 1729 1359 1784 superba

296 1788 411 1830 Voce
443 1794 595 1840 terens,
628 1794 670 1831 et
702 1803 848 1830 amara
879 1803 1022 1830 serens
1053 1788 1293 1844 opprobria,
1326 1791 1526 1843 tanquam

297 1846 393 1889 Vno
425 1847 612 1889 bissenas
644 1848 890 1903 complexus
921 1861 1093 1903 corpore
1125 1846 1264 1887 uitas?

596 1974 667 2017 Ad
699 1976 777 2018 hec
808 1976 979 2018 Hialto:

299 2079 552 2136 Quanquam
583 2081 770 2123 subsidio
803 2082 920 2123 tenui
952 2082 1080 2134 fruor,
1112 2080 1225 2122 haud
1256 2080 1400 2135 procul
1431 2080 1603 2132 absum3

300 2138 393 2180 Hac
410 2152 592 2194 quoque,
610 2153 692 2195 qua
709 2144 881 2185 stamus,
900 2154 1003 2194 opus
1020 2144 1082 2180 est
1100 2153 1191 2195 ope,
1210 2153 1287 2180 nec
1305 2138 1438 2193 magis
1456 2151 1630 2193 usquam

298 2195 375 2238 Vis
406 2201 479 2238 aut
511 2197 620 2238 lecta
651 2211 799 2239 manus
832 2202 1121 2252 promptorum
1154 2198 1195 2238 in
1227 2197 1339 2238 bella
1370 2197 1554 2238 uirorum

298 2253 512 2309 Exigitur.
555 2254 649 2296 Iam
680 2255 784 2297 dure
816 2257 940 2310 acies,
974 2260 1015 2297 et
1046 2256 1209 2310 spicula
1239 2259 1404 2296 scutum

299 2311 530 2354 Frustatim
562 2326 732 2355 secuere
764 2328 918 2367 meum,
951 2318 1176 2369 partesque
1208 2312 1400 2354 minutim

299 2370 485 2412 Auulsas
516 2370 751 2425 absumpsit
782 2371 893 2413 edax
925 2385 1000 2427 per
1030 2372 1164 2427 prelia
1195 2371 1365 2412 ferrum.
1649 2388 1676 2413 i).
1698 2380 1747 2405 1¹²⁶

299 2428 445 2469 Prima
476 2429 555 2470 sibi
586 2430 705 2470 testis
736 2443 802 2471 res
834 2434 908 2480 est,
940 2444 1069 2485 seque
1101 2430 1192 2485 ipsa
1222 2428 1392 2469 fatetur.

300 2486 433 2529 Fama
466 2487 588 2528 oculo
620 2487 743 2541 cedit,
776 2488 975 2543 uisusque
1005 2488 1173 2529 fidelior
1204 2500 1306 2528 aure
1340 2489 1415 2527 est.

300 2544 434 2601 Rupti
466 2545 621 2586 etenim
655 2545 796 2601 clypei
826 2546 1061 2588 retinacula
1091 2546 1179 2587 sola
1209 2547 1446 2602 supersunt,

299 2603 447 2644 Sectus
479 2607 521 2644 et
552 2603 594 2644 in
626 2604 717 2657 giro
749 2608 941 2646 remanet
973 2604 1099 2645 michi
1131 2600 1370 2659 perui[d]us
1400 2601 1543 2642 umbo.
1651 2609 1754 2639 xx!-

254 2675 334 2702 Saxo
354 2676 588 2704 Grammaticus.
1473 2669 1496 2706 5
