1884 3126
764 262 810 267 --
878 237 916 279 v
1542 246 1620 286 147

168 365 202 409 si
232 366 466 422 legacionis
508 365 673 408 fructus
707 367 748 408 in
781 380 905 408 suum
938 368 1155 410 recidisset
1196 369 1387 413 latorem.
1451 369 1620 412 Ericum

167 425 298 479 igitur
337 424 415 466 sibi
445 438 650 478 generum
681 426 958 480 complacere,
991 425 1090 467 dum
1111 427 1238 468 modo
1271 442 1345 483 per
1373 427 1617 470 Gunuaram

167 483 396 524 Frothonis
439 482 693 524 affinitatem
738 483 964 539 impetrare
1007 485 1231 539 potuisset.
1294 485 1466 538 Ericus,
1509 488 1619 541 regis

167 541 503 582 beniuolenciam
549 541 846 595 exosculatus,
891 543 1147 584 sentenciam
1194 544 1358 598 probat,
1401 544 1509 585 ultro
1543 546 1620 586 sibi

165 599 305 640 offerri
337 613 554 651 asserens,
597 613 681 655 quo
720 600 857 641 maius
899 614 923 640 a
957 600 1032 641 diis
1066 601 1372 643 immortalibus
1415 611 1650 658 exoptare·

166 672 251 699 non
283 662 440 713 posset.
487 657 558 699 Ab
590 657 680 712 ipso
704 662 846 699 tamen
872 656 1078 699 Gunuare
1108 665 1295 700 mentem
1319 660 1621 716 arbitriumque

166 716 363 772 prenosci
394 715 564 758 debere.
612 715 692 757 Illa
724 716 969 758 adulantem
1002 731 1046 758 se
1069 730 1213 772 regem
1246 719 1440 759 simulato
1474 719 1620 760 fauore

169 775 349 830 excepit,
383 775 633 829 petentique
666 779 911 830 promptum
944 774 1108 816 deferre
1139 774 1368 817 uidebatur
1393 790 1623 828 assensum,

168 832 410 883 obsecrans,
443 836 490 873 ut
512 832 625 873 Erici
657 834 820 887 nupciis
853 847 951 874 suas
984 834 1175 888 precurri
1207 838 1437 889 pateretur,
1470 835 1621 889 quibus

105 901 136 928 ¹0
165 891 349 947 primum
387 890 603 943 admissis,
647 891 791 946 apcior
831 891 1049 945 regalibus
1093 897 1337 947 suppeteret
1381 893 1524 946 100113,
1568 893 1621 933 011

100 1190 134 1218 15

96 1770 133 1797 25

98 2061 134 2087 30

170 952 250 991 hoc
280 947 692 1004 quidem-maxime,
736 963 788 990 ne
821 949 961 990 denuo
1014 956 1199 1004 nuptura
1230 964 1391 990 nouum
1425 950 1621 991 connubii

165 1011 338 1063 pactum
372 1007 547 1048 reducta
579 1008 739 1049 ueteris
775 1008 980 1048 memoria
1011 1007 1230 1048 fastidiret.
1293 1008 1494 1049 l'reterea
1535 1022 1620 1049 non

169 1066 371 1120 expedire
419 1064 631 1119 firmabat,
678 1065 798 1107 binos
831 1070 1008 1120 paratus
1061 1080 1144 1106 una
1189 1065 1478 1107 celebracione
1522 1080 1620 1107 con-

167 1123 299 1165 fundi.
347 1123 456 1175 Rex,
488 1123 703 1178 responsis
738 1125 918 1175 euictus,
951 1123 1108 1164 affatim
1142 1124 1358 1178 postulata
1391 1123 1619 1165 collaudat.

167 1182 249 1230 Qui
284 1195 377 1222 cum
412 1196 462 1223 ex
488 1181 644 1222 crebris
666 1181 778 1223 Erici
804 1182 1026 1236 colloquiis
1056 1182 1289 1223 clarissima
1310 1181 1620 1223 sentenciarum

166 1240 399 1292 schemata,
434 1240 585 1294 quibus
611 1240 749 1281 animo
772 1239 976 1282 delectari
1002 1254 1051 1281 ac
1073 1236 1198 1294 relfici
1221 1240 1366 1294 possit,
1388 1240 1621 1288 hausisset,

166 1312 250 1339 non
284 1303 512 1339 content-us
545 1297 582 1338 ei
604 1298 731 1338 filiam
765 1299 805 1338 in
831 1298 1141 1339 matrimonium
1176 1297 1356 1350 dedisse,
1389 1297 1621 1338 Litharful—

166 1356 207 1396 ki
241 1369 407 1410 quoque
449 1356 715 1411 prouinciam
757 1355 907 1408 tradit,
950 1356 1199 1397 beneficium
1235 1355 1428 1397 affinitati
1466 1356 1619 1409 imper-

166 1414 361 1456 ciendum
394 1414 653 1455 existimans.
723 1412 858 1455 Oraca
889 1428 1013 1466 uero,
1058 1427 1139 1468 que
1171 1413 1293 1455 Erico
1338 1413 1392 1454 ob
1435 1413 1619 1454 incanta-

96 1480 112 1508 ‘2
166 1473 335 1514 cionum
373 1472 594 1514 solerciam
636 1472 797 1513 itineris
838 1486 975 1514 comcs
1017 1471 1155 1512 adcita
1198 1471 1357 1519 fuerat,
1399 1471 1618 1512 aduersam

167 1531 387 1572 oculorum
441 1530 721 1572 ualitudinem
767 1531 994 1584 simulans,
1058 1531 1115 1571 ita
1170 1529 1322 1571 faciem
1367 1530 1503 1585 peplo,
1547 1529 1619 1570 ob-

167 1589 411 1639 strinxerat,
445 1593 491 1630 ut
523 1603 574 1630 ne
605 1588 699 1630 'sola
731 1588 900 1643 quidem
925 1587 1209 1643 cognoscendi
1232 1587 1380 1642 capitis
1411 1586 1619 1642 particula

166 1648 436 1702 promineret.
497 1647 690 1702 Rogata,
735 1661 916 1702 quenam
950 1650 1074 1698 esset,
1118 1645 1320 1686 Gunuarc
1352 1659 1396 1686 se
1431 1659 1619 1686 sororem

166 1705 388 1761 perhibuit,
424 1705 568 1747 eadem
604 1710 752 1757 matre,
785 1705 957 1746 diuerso
992 1719 1094 1746 uero
1126 1711 1248 1758 patre
1279 1703 1560 1759 progenitam.

303 1765 362 1805 At
393 1763 466 1804 ubi
501 1764 541 1804 in
565 1763 711 1805 Gotari
734 1769 909 1818 penates
932 1766 1197 1818 peruentum,
1230 1763 1423 1802 tedarum
1447 1759 1619 1801 Aluilde

166 1821 228 1871 (id
241 1822 325 1864 filie
341 1822 428 1863 eius
446 1835 603 1863 nomen
616 1819 728 1875 erat)
744 1822 988 1864 conuiuium
1002 1820 1241 1862 exhibetur.
1264 1818 1455 1860 Diuersis
1468 1818 1616 1860 Ericus

166 1893 214 1920 ac
245 1894 321 1922 rex
355 1879 503 1923 edibus
526 1879 845 1930 accumbebant,
879 1893 1055 1934 quarum
1091 1883 1203 1920 tecta
1225 1877 1360 1933 paries
1384 1876 1616 1917 communis

168 1943 409 1994 exceperat.
457 1937 619 1980 Eedem
654 1937 823 1979 deintus
857 1937 1132 1991 pcnsibilibus
1169 1950 1243 1991 per
1265 1939 1401 1976 totum
1434 1933 1615 1975 obducte

165 1997 298 2038 auleis
331 2001 462 2038 erant.
515 1996 687 2038 Assedit
720 1996 879 2037 Gotaro
915 1996 1132 2047 Gunuara,
1164 1993 1237 2036 sed
1270 1992 1440 2034 Ericum
1471 1992 1615 2033 altrin—

163 2068 284 2096 secus
319 2054 454 2096 Craca
493 2068 584 2095 cum
618 2053 791 2095 Aluilda
831 2052 1071 2108 stipabat*
1115 2052 1197 2100 Qui
1239 2052 1347 2092 inter
1378 2049 1613 2097 iocandum,

166 2111 375 2154 subducto
409 2113 565 2154 sensim
600 2126 622 2153 e
652 2112 815 2167 pariete
846 2126 1005 2164 assere,
1041 2114 1245 2166 quantum
1277 2108 1357 2150 loci
1389 2109 1615 2149 humanum

168 2184 320 2225 corpus
363 2171 649 2215 transmittere
697 2173 863 2225 posset,
904 2169 1091 2225 aperuit,
1134 2167 1375 2223 ignarisque
1423 2165 1615 2207 conuiuis

166 2229 355 2284 spacium
387 2229 547 2270 meatui
579 2228 773 2283 peruium
805 2228 914 2268 fecit.
975 2226 1140 2268 Deinde
1173 2239 1393 2280 sponsam,
1426 2237 1477 2264 an
1511 2222 1615 2263 Fro-

166 2286 284 2327 thoni
330 2300 382 2327 an
428 2286 507 2327 sibi
556 2286 714 2328 nubere
758 2286 926 2337 mallet,
974 2284 1178 2326 curiosius
1226 2282 1464 2338 percontari
1509 2281 1615 2321 inter

99 2350 113 2363 ⁰
167 2345 313 2400 epulas
347 2344 471 2398 cepit,
505 2344 688 2386 maxime
723 2358 830 2396 cum,
864 2343 1088 2385 obseruato
1123 2340 1371 2396 copularum
1404 2343 1611 2393 respectu,

165 2402 283 2457 regia
314 2402 456 2457 proles
490 2406 772 2444 consentanee
804 2401 1028 2444 nobilitatis
1059 2398 1272 2454 amplexui
1303 2396 1528 2446 debeatur,
1560 2409 1612 2435 ne

166 2462 290 2501 unius
343 2460 568 2515 coniugum
631 2459 813 2514 dignitas
865 2459 1038 2500 alterius
1098 2456 1352 2515 indignitate
1400 2454 1611 2508 depereat.

168 2518 262 2566 Qua
294 2532 338 2560 se
370 2517 626 2559 inconcessis
657 2532 677 2559 a
713 2523 837 2573 patre
880 2516 1041 2571 nupciis
1084 2528 1252 2556 usuram
1286 2511 1506 2566 nelggante,
1551 2525 1611 2551 rc-

167 2577 308 2630 ginam
340 2591 433 2618 eam
465 2575 567 2629 fore,
600 2581 847 2630 ceterasque
871 2575 1022 2630 opibus
1056 2584 1324 2615 excessuram
1347 2569 1611 2625 promittens,

97 2646 137 2675 40
167 2648 221 2675 ex
252 2637 519 2690 repugnante
553 2633 861 2689 obsequentem
895 2632 1056 2685 effecit,
1097 2645 1178 2672 non
1211 2628 1347 2670 minus
1379 2640 1506 2681 opum
1538 2639 1612 2681 spe

1407 2693 1471 2730 10*

1666 2057 1769 2085 Xlava

1694 2528 1762 2558 (83)
