1884 3126
38 894 71 921 10

38 1187 71 1214 15

34 1475 73 1503 20

35 1766 72 1793 25

35 2056 71 2083 30

35 2347 72 2375 35

9 2639 71 2668 ,40

645 258 698 263 -
759 233 898 277 XIIII
959 260 1011 266 -—
1469 233 1553 275 463

105 359 218 401 enim
261 357 573 401 Kanuticorum
618 359 783 401 animos
829 374 895 402 res
942 360 1121 403 aduerse
1162 362 1463 416 corruperant,
1506 361 1554 400 ut

104 418 267 460 maiore
289 417 549 459 fortitudinis
570 424 689 473 parte
713 417 879 468 defecti,
902 425 1224 473 perseueranter
1252 418 1419 460 hostem
1442 417 1553 459 ferre

103 476 343 531 nequirent,
376 476 590 531 nimioque
623 476 787 518 timoris
820 482 947 532 captu
969 477 1179 518 hebetatis
1212 477 1376 528 animis,
1407 475 1554 517 faciles

104 546 269 589 semper
300 533 341 574 in
374 533 518 588 fugam
550 534 796 576 existerent.
830 534 1025 576 Saxones
1048 549 1166 587 uer0,
1197 535 1351 590 quibus
1373 533 1552 589 agitacio

102 592 293 633 militaris
326 592 574 634 familiarior
597 597 700 644 erat,
735 593 920 648 equestri
948 593 1262 635 exercitacione
1294 594 1372 645 usi,
1405 591 1552 633 crebro

105 664 307 705 equorum
336 650 500 692 reiectu
530 650 764 692 uictoribus
807 650 1090 703 insultabant,
1131 651 1190 692 ita
1234 650 1376 705 fugam
1411 649 1554 691 mode-

103 714 261 760 rantes,
293 713 340 749 ut
373 721 464 749 eam
496 722 582 750 non
613 709 701 750 sine
735 708 883 750 ordine
916 713 957 750 et
987 709 1193 763 regimine
1225 709 1405 763 dirigere
1436 707 1553 750 uide-

103 771 263 807 rentur.
334 766 683 822 Promptissimus
726 767 878 808 horum
918 766 1128 808 Folradus
1170 781 1218 808 eo
1262 768 1394 822 prelio
1427 766 1552 819 cadit,

104 838 246 880 neque
277 828 494 880 captorem
525 825 715 880 reperire
749 825 894 881 quiuit,
928 839 1172 880 quanquam
1197 825 1372 867 obrutus
1404 824 1554 880 prendi

102 895 148 923 se
178 883 406 937 plurimum
440 888 699 938 precaretur.
770 883 912 925 Ceteri
952 882 1135 925 interdiu
1175 885 1284 924 male
1326 882 1552 938 fugientes,

105 940 261 996 oppido
294 944 419 982 nocte
458 945 726 995 manserunt,
758 942 831 982 ubi
862 955 886 982 a
917 941 1018 996 fuge
1049 941 1394 997 persecutoribus
1426 941 1554 982 inter-

104 999 226 1054 cepti,
259 999 448 1054 hospicio
473 1003 688 1041 necantur.
733 998 1027 1042 Condixerant
1050 999 1158 1041 enirn
1193 1000 1376 1041 uictores
1398 999 1553 1040 nemini

101 1071 278 1112 parcere
312 1056 586 1109 deuictorum,
618 1061 708 1099 tum
732 1058 950 1099 Saxonum
979 1057 1089 1108 odio,
1121 1061 1212 1098 tum
1233 1058 1333 1113 quia
1355 1058 1551 1113 proximo

106 1115 214 1157 bello
256 1119 404 1170 captos
446 1119 487 1156 et
518 1130 542 1157 a
573 1130 617 1157 se
661 1115 894 1157 redimendi
934 1120 1150 1171 potestate
1194 1115 1371 1158 donatos
1410 1115 1550 1156 denuo

102 1173 246 1215 hostes
279 1173 445 1229 experti
478 1173 671 1216 fuissent.
719 1173 893 1215 Kanuto
927 1175 1113 1216 Saxonia
1144 1172 1310 1229 refugio
1343 1173 1436 1214 fuit.
1484 1173 1550 1215 De

104 1231 224 1273 cuius
245 1231 347 1286 fuga
368 1231 590 1287 Ripenses,
617 1232 677 1273 uti
699 1232 791 1274 acta.
815 1238 917 1285 erat,
940 1232 993 1273 ab
1014 1232 1363 1274 intermeantibus
1383 1228 1549 1296 edocti,{

103 1303 187 1344 quo
220 1290 314 1344 plus
348 1290 499 1331 uictori
539 1291 775 1346 placerent,
820 1291 1045 1332 confestim
1076 1290 1346 1331 Biunonem
1367 1290 1550 1344 capiunt,

103 1347 339 1401 Suenonis,
376 1348 418 1388 in
463 1347 602 1402 breui,
634 1348 788 1390 iudicio
828 1348 1172 1404 presentandum.
1237 1348 1374 1396 Quem
1407 1347 1549 1389 Sucno

104 1406 296 1447 oblatum
327 1406 574 1461 aliquandiu
605 1406 853 1448 familiarius
886 1407 1047 1459 habuit,
1081 1420 1181 1447 mox
1209 1407 1292 1448 don
1297 1411 1412 1447 itum
1435 1406 1550 1447 abire

102 1464 320 1519 permittit.
362 1464 456 1512 Que
488 1478 553 1506 res
586 1465 623 1506 ei
645 1465 759 1520 apud
782 1468 1083 1507 conterraneos
1105 1464 1331 1520 suspicioni
1357 1464 1551 1519 primum,

102 1536 201 1564 mox
244 1521 354 1563 cladi
394 1526 523 1577 atque
562 1523 699 1564 exicio
741 1523 831 1565 fuit.
894 1523 1032 1565 Fuere
1075 1523 1187 1564 enim
1229 1522 1549 1564 interfectorum

101 1579 346 1635 propinqui,
394 1582 465 1635 qui
511 1581 755 1634 crederent,
804 1595 919 1634 eum,
964 1582 1144 1636 pecunia
1176 1596 1199 1622 a
1232 1581 1426 1622 Suenone
1461 1594 1550 1622 cor-

102 1642 288 1693 ruptum,
322 1639 530 1680 sociorum
564 1639 746 1681 salutem
775 1639 1036 1695 iniquissimo
1070 1639 1327 1680 subuertisse
1361 1639 1548 1692 consilio,

103 1695 301 1738 declinati
337 1696 436 1737 belli
458 1701 708 1752 argumento
741 1697 826 1738 doli
850 1699 1135 1739 coniecturam
1158 1698 1390 1750 trahentes,
1411 1711 1551 1752 neque

104 1753 216 1795 aliud
251 1754 578 1796 beneficenciam
609 1756 732 1811 regis,
764 1770 891 1811 quam
922 1755 1081 1797 fraudis
1116 1756 1320 1810 premium
1361 1756 1550 1796 extitisse

104 1816 319 1867 putantes.
367 1812 444 1854 Cui
477 1827 573 1855 cum
606 1814 658 1855 de
689 1814 868 1869 pertidia
899 1813 1010 1855 diem
1045 1814 1263 1866 dixissent,
1297 1827 1550 1868 omnemque

103 1871 391 1912 accusacionis
434 1885 509 1912 sue
550 1871 636 1912 uim
679 1872 939 1914 ualidissima
972 1873 1062 1914 eius
1106 1871 1354 1913 defensione
1388 1871 1550 1913 elusam

105 1928 314 1981 uiderent,
346 1929 547 1970 inuictum
580 1930 671 1971 foro
704 1930 862 1972 insidiis
896 1935 1118 1986 occupant.

242 1987 406 2039 Sueno,
450 1988 625 2043 perinde
666 2003 715 2030 ac
756 1989 931 2043 priuatis
970 1989 1054 2030 iam
1095 1989 1292 2043 periculis
1324 1987 1452 2042 liber,
1494 1987 1549 2029 ad

103 2045 270 2099 publica
302 2046 592 2100 propulsanda
613 2046 798 2087 animum
819 2046 1000 2089 induxit.
1043 2047 1168 2088 Locis
1191 2046 1363 2088 marinis
1395 2051 1548 2087 natura

103 2104 274 2144 munitis
307 2104 523 2159 complura
553 2104 783 2159 agrestium
805 2104 988 2159 presidia
1020 2105 1220 2147 condidit.
1267 2104 1375 2145 Bina
1398 2108 1547 2156 castra,

103 2161 284 2202 alterum
324 2162 365 2202 in
397 2161 572 2214 Eionia,
616 2162 657 2204 in
690 2162 906 2204 Sialandia
945 2164 1152 2216 alterum,
1184 2168 1358 2218 propter
1390 2163 1546 2203 fretum

104 2219 294 2271 molitur,
337 2232 417 2274 que
446 2220 595 2275 piratis
627 2221 792 2273 timori,
831 2221 975 2263 incolis
1019 2234 1125 2262 uero
1166 2221 1353 2275 receptui
1394 2221 1546 2262 forent.

105 2276 188 2317 Sed
222 2292 246 2319 a
280 2277 444 2319 Sclauis
478 2283 688 2333 utrunque
720 2279 971 2320 conuulsum
1005 2279 1210 2334 proditur.
1253 2278 1420 2319 Bellum
1454 2292 1546 2319 cum

102 2334 202 2390 ipsis
234 2349 389 2390 magna
420 2335 533 2390 apud
555 2336 748 2377 Fioniam
780 2336 940 2378 uirtute
972 2338 1117 2392 gessit.
1180 2336 1371 2384 Quorum
1403 2337 1546 2391 copias

102 2393 161 2434 ita
202 2394 374 2444 cecidit,
414 2400 481 2445 ut,
526 2394 740 2450 plerisque
783 2395 963 2436 milit-um
1006 2396 1167 2451 palmas
1207 2395 1317 2435 ferro
1350 2408 1546 2449 prerosas

103 2450 371 2504 habentibus,
402 2450 539 2492 media
571 2451 797 2518 digitorum
833 2466 925 2495 caro
957 2453 1239 2495 crudesceret.

241 2509 306 2551 Eo
339 2514 530 2564 tempore
562 2514 734 2565 propter
764 2510 969 2565 incursus,
1003 2512 1076 2566 qui
1108 2526 1131 2551 a
1162 2510 1379 2551 maritimis
1412 2509 1547 2552 crebri

103 2567 362 2622 predonibus
415 2567 668 2619 edebantur,
721 2568 835 2623 apud
884 2569 1176 2621 Roskildia'm‚
1230 2568 1544 2610 IVethemanno

102 2630 289 2679 auctore,
320 2626 496 2681 piratica
516 2626 647 2682 cepit,
680 2627 796 2668 cuius
828 2626 909 2670 hec
930 2627 1162 2682 disciplina,
1186 2627 1230 2668 hi
1252 2640 1392 2668 mores
1412 2626 1544 2669 fuere.

1606 1311 1633 1335 p.
1654 1301 1705 1328 687
