1884 3126
271 626 287 652 5

252 910 287 937 10

251 1198 286 1225 15

248 1485 285 1512 20

248 1773 285 1800 25

248 2061 285 2088 30

248 2349 285 2377 35

324 256 405 297 588
856 271 911 279 -—
969 246 1109 288 XIIII
1169 271 1223 277 —

323 379 609 435 conspexerit,
655 376 857 430 reliquos,
908 375 940 416 si
984 375 1157 430 propius
1205 375 1506 426 accessissent,
1553 374 1757 416 similibus

325 439 441 493 equis
483 450 574 478 esse
616 433 848 475 donandos.
913 432 1007 481 Quo
1053 432 1163 474 dicto
1207 447 1290 474 non
1324 433 1461 474 solum
1493 433 1756 474 insectatoris

322 494 603 551 petulanciam
636 490 850 535 contudit,
884 505 1032 532 uerum
1068 491 1197 532 eciam
1231 490 1538 545 oppidanorum
1571 491 1757 532 omnium

322 551 592 594 insolenciam
623 548 901 604 proculcauit.
967 548 1071 590 lnde
1103 548 1156 589 ad
1188 549 1369 589 insulam
1402 547 1629 591 Crisztoam
1663 563 1757 602 per-

319 614 505 651 uentum.
554 607 680 647 Cuius
703 606 898 648 incendio
922 605 1124 647 abstineri
1155 621 1243 659 rex,
1279 612 1323 646 ut
1347 619 1517 647 annone
1548 619 1758 661 equorum

320 665 524 707 alimentis
557 664 791 705 necessarie
825 669 1042 718 parceret,
1075 663 1219 704 edixit.
1282 663 1487 704 Proxime
1519 662 1573 704 ad
1605 663 1758 705 urbem

322 723 554 775 Caminum,
577 726 794 776 permeato
818 735 951 774 amne,
974 721 1230 776 proceditur.
1279 720 1408 767 Cuius
1439 721 1757 776 septentrionali

318 780 533 836 prouincia
565 780 692 820 armis
715 778 994 833 incendioque
1016 784 1198 830 uastata,
1230 778 1409 832 prelium
1441 779 1532 819 eius
1563 778 1604 819 in
1626 787 1758 833 ponte

320 838 565 879 conseritur.
629 837 716 877 Sub
749 850 872 890 quem
907 836 1044 877 Sclaui
1089 850 1161 890 per
1194 836 1360 877 occulta
1402 835 1516 877 uada
1547 841 1756 891 repentes,

318 895 472 936 lanceis
504 896 612 936 inter
643 895 769 935 rimas
801 894 1018 948 porrectis,
1050 893 1191 934 furtim
1214 899 1383 934 nostros
1406 894 1652 935 uulneribus
1685 908 1756 949 ap-

318 952 532 1007 petebant.
615 951 743 993 Cuius
795 951 1047 992 incommodi
1097 950 1291 992 fraudem
1343 951 1603 993 Danicarum
1644 952 1754 992 illico

318 1010 570 1064 scapharum
610 1010 851 1065 frequencia
894 1009 1078 1061 dispulit.
1150 1008 1300 1049 Pontis
1332 1023 1503 1064 quoque
1541 1009 1759 1062 fragilitas.

319 1068 528 1108 excidium
559 1067 563 1120 Ι
592 1068 808 1120 minitans,
841 1067 1021 1121 amplius
1053 1080 1180 1120 quam
1212 1066 1345 1107 hostis
1378 1067 1533 1108 seuicia
1570 1068 1610 1107 in
1643 1071 1760 1109 metu

317 1126 618 1180 reponebatur.
664 1125 800 1179 Igitur
825 1126 977 1166 omissa
1000 1125 1114 1165 urbis
1138 1125 1477 1179 oppugnacione‚
1511 1124 1760 1180 Crysztoam

320 1183 492 1225 reditur.
552 1182 638 1223 Vbi
669 1182 909 1223 reducende
951 1182 1258 1235 expedicionis,
1301 1197 1465 1223 summa
1498 1197 1591 1222 cum
1624 1183 1759 1224 tocius

321 1241 531 1282 exercitus
564 1241 833 1292 hesitacione,
867 1240 1085 1280 consilium
1119 1239 1353 1294 agitantes,
1385 1252 1468 1293 qua
1498 1247 1620 1295 parte
1656 1255 1759 1296 pon-

318 1302 406 1339 tum
454 1303 716 1353 repeterent,
762 1298 1047 1351 ambigebant.
1122 1297 1228 1337 Nam
1283 1312 1375 1339 cum
1427 1298 1757 1339 Pomeranorum

319 1355 435 1397 lacus
480 1356 613 1397 tribus
655 1356 770 1396 ostiis
813 1356 853 1396 in
897 1354 1050 1396 fretum
1094 1355 1308 1408 decurrat,
1353 1355 1537 1405 duobus,
1577 1356 1758 1398 Penensi

320 1413 518 1454 uidelicet
550 1419 591 1454 et
613 1412 905 1468 Swy[z]nensi,
938 1413 1258 1467 longinquitatis
1290 1413 1403 1454 tedio
1426 1413 1636 1465 fastiditis,
1669 1428 1760 1468 pro-

317 1471 519 1526 pinquam
542 1471 803 1512 Caminensis
828 1471 964 1512 exitus
989 1471 1241 1512 breuitatem
1273 1471 1388 1512 adire
1411 1470 1581 1525 placuit.
1624 1471 1757 1520 Quem

319 1528 430 1569 Gero
455 1529 638 1583 quidam,
671 1529 853 1582 regionis
876 1530 964 1570 eius
987 1528 1178 1570 locorum
1202 1528 1377 1583 peritus,
1409 1527 1516 1570 adeo
1553 1528 1759 1571 uadosum

317 1587 561 1641 incertoque
606 1586 904 1641 profunditatis
933 1587 1138 1632 asseruit,
1181 1590 1226 1627 ut
1267 1600 1362 1627 eum
1404 1591 1519 1627 estus
1551 1586 1760 1628 duntaxat

318 1657 512 1697 regressu
545 1659 620 1686 suo
660 1644 882 1686 meabilem
926 1644 1065 1686 faciat.
1129 1643 1256 1685 Cuius
1299 1644 1581 1698 cognoscendi
1622 1645 1762 1699 gracia

317 1701 508 1743 Absalon
540 1716 632 1743 cum
668 1702 800 1743 tribus
824 1702 1004 1756 nauigiis
1037 1701 1198 1751 missus,
1231 1702 1421 1756 contigui
1442 1702 1568 1742 maris
1601 1703 1760 1744 senicia

315 1759 631 1815 interpellante,
675 1759 976 1814 profunditatis
1027 1759 1213 1801 habitum
1265 1773 1441 1801 excusse
1487 1760 1627 1800 rimari
1675 1774 1760 1801 non

317 1818 467 1871 potuit.
528 1816 611 1858 Hic
641 1818 820 1869 fluuius,
853 1817 924 1858 ubi
957 1817 1051 1858 lacu
1086 1822 1277 1869 emanat,
1321 1818 1604 1858 contracciore
1636 1818 1759 1859 alueo

317 1879 512 1929 stagnat3
559 1889 788 1929 progressu
831 1889 932 1916 uero
967 1890 1045 1916 suo
1079 1890 1206 1930 supra
1239 1876 1372 1916 amnis
1405 1875 1574 1915 modum
1620 1875 1761 1916 latitu-

318 1933 424 1973 dinis
456 1933 713 1974 incrementa
736 1934 980 1988 suscipienS‚
1013 1933 1211 1974 eximiam
1234 1932 1430 1987 paludem
1453 1938 1528 1973 aut
1557 1931 1658 1974 facit
1686 1938 1761 1974 aut

317 1991 491 2031 inuenit.
553 1990 735 2031 Rursum
767 1991 836 2031 ubi
868 1991 1020 2044 pelago
1054 1991 1211 2036 influit,
1244 1991 1420 2045 pristine
1451 1991 1760 2032 contraccionis

315 2061 552 2089 mensuram
597 2049 783 2090 resumit.
847 2048 1098 2102 Quanquam
1143 2062 1244 2090 uero
1287 2048 1432 2090 classis
1477 2049 1593 2101 regia
1624 2048 1761 2089 Absa-

317 2106 425 2147 lonis
457 2106 638 2146 reditum
671 2107 853 2160 opperiri
878 2106 1064 2157 deberet,
1084 2106 1374 2160 nauigacionis
1395 2105 1544 2146 ardore
1569 2106 1759 2160 precepti

318 2163 469 2211 oblita,
516 2164 690 2218 imperio
737 2163 1004 2205 festinacioni
1053 2164 1317 2218 posthabito,
1371 2164 1421 2203 ad
1470 2163 1580 2204 idem
1627 2164 1761 2204 amnis

317 2221 614 2262 diuerticulum
645 2223 866 2275 procurrit,
899 2235 947 2261 ac
980 2235 1025 2262 se
1047 2223 1182 2275 ipsam
1205 2220 1219 2273 ΙΙ
1243 2222 1412 2276 proprio
1437 2220 1565 2261 ductu
1597 2220 1757 2261 diffieil-

316 2279 424 2320 limis
456 2278 577 2319 aluei‘
599 2279 701 2320 locis
732 2279 920 2320 inseruit.
986 2278 1117 2320 Cuius
1150 2293 1243 2320 cum
1278 2278 1610 2333 Christophorus
1641 2283 1760 2332 terga

319 2335 505 2377 custodis
536 2350 654 2377 more
679 2340 917 2390 postremus
941 2340 1166 2390 tutaretur,
1189 2336 1487 2378 insultantibus
1511 2336 1759 2377 Sclauorum

319 2394 513 2448 nauigiis,
545 2393 657 2434 haud
698 2393 864 2435 facilem
894 2394 1009 2434 fluuii
1044 2394 1280 2448 ingressum
1314 2394 1472 2435 habuit.
1535 2393 1658 2441 Quod
1702 2398 1761 2434 at-

319 2452 570 2492 tentacionis
611 2465 744 2505 genus
788 2453 939 2506 partim
988 2452 1147 2492 uiribus
1193 2452 1300 2501 suis,
1352 2452 1501 2506 partim
1551 2451 1760 2492 sociorum

320 2509 486 2549 auxiliis
541 2509 823 2564 propulsauit.
897 2509 1073 2564 Cunque
1114 2522 1192 2550 rex
1234 2509 1385 2550 eodem
1428 2508 1495 2549 die
1536 2509 1760 2550 Inlinensis

322 2567 535 2618 prouincie
576 2567 717 2608 denuo
762 2566 1002 2609 inuadende
1049 2566 1267 2608 consilium
1310 2567 1535 2620 agitasset,
1569 2566 1758 2607 Absalon

256 2636 293 2662 40
325 2624 527 2665 concubia
572 2631 696 2666 nocte
743 2630 984 2680 opportuna
1034 2625 1224 2666 ascensui
1268 2625 1364 2666 loca
1409 2627 1642 2676 scrutatus,
1690 2623 1760 2664 ubi

1834 1074 1884 1101 ,85
