1884 3126
54 887 86 914 10

55 1176 87 1202 15

20 1464 86 1491 J‘ZO

48 1752 84 1779 25

15 2056 17 2058 ·
48 2041 84 2069 30

48 2330 85 2358 35

49 2620 84 2647 40

685 251 731 256 —
794 225 878 269 XV
944 252 989 257 -
1467 231 1545 273 641

115 349 350 405 tranquillis
388 351 713 394 auscultacionis
758 354 893 395 modis
937 356 1140 398 exaudire
1185 357 1392 399 sustinuit.
1468 357 1550 405 Qui

118 423 210 450 cum
246 408 555 451 multitudinem
589 411 789 464 imperitis
832 413 1024 455 clamoris
1056 415 1195 468 iurgiis
1236 416 1550 469 obstrepentem

117 465 432 520 salubriumque
465 467 719 508 monitorum
754 469 1032 523 inpacientem
1065 472 1328 523 aduerteret,
1361 471 1550 513 diuiden-

117 524 212 564 dam
235 534 364 574 ratus,
388 526 700 577 prouinciarum
723 527 906 567 conciliis
928 529 1169 582 triphariam
1194 530 1384 571 distribui
1414 530 1549 583 iussis,

116 588 288 622 cunctas
320 596 365 622 se
397 582 629 637 principum
664 583 809 638 culpas
842 586 1159 627 emendaturum
1192 588 1334 629 edixit.
1396 587 1432 628 A
1466 601 1548 642 quo

117 639 301 688 Thordo,
335 639 443 694 quod
478 655 574 681 eum
606 640 658 680 ad
686 641 889 683 tumultus
921 643 991 683 uix
1016 644 1224 686 sedabiles
1254 659 1401 700 parum
1434 659 1550 685 uera-

117 698 232 738 cibus
266 696 473 738 mandatis
515 704 755 749 euocasset,
787 699 1038 754 increpitus,
1070 702 1275 743 concitate
1317 702 1448 757 plebis
1480 702 1550 743 de-

117 756 320 796 menciam
353 769 373 794 a
409 755 660 796 temulencia
691 763 876 797 coortam
906 757 1100 810 affirmat,
1133 760 1304 814 eiusque
1336 760 1397 800 rei
1429 773 1550 814 quos-

117 814 214 853 dam
245 813 284 853 in
319 813 521 854 concione
554 818 781 855 stertentes
812 814 939 856 fidem
979 816 1141 857 fecisse.
1202 817 1336 864 Quam
1378 818 1432 857 ob
1464 831 1548 857 rem

116 885 199 912 non
231 871 270 911 in
295 870 411 920 urbe,
442 870 516 912 sed
539 885 689 925 eampo
716 871 720 923 Ι
751 872 1086 913 concionandum
1106 873 1208 923 fore,
1238 889 1289 915 ne
1312 875 1549 916 hominibus

117 928 304 984 pocionis
350 928 487 969 auidis
533 929 728 970 uiolande
775 930 1015 970 sobrietatis
1058 945 1248 972 accessus
1292 938 1550 987 suppeteret.

118 987 320 1027 Proxima
352 986 551 1028 Absaloni
575 1000 670 1027 cum
702 987 955 1028 australibus
979 988 1123 1030 concio
1147 989 1237 1031 fuit.
1280 990 1369 1030 Illic
1390 991 1550 1043 regium

116 1050 328 1099 satrapam
361 1044 535 1084 Petrum
569 1044 718 1097 (Euari
751 1045 817 1085 hic
858 1045 966 1086 filius
1014 1046 1124 1098 erat)
1169 1046 1367 1101 profectis
1409 1047 1460 1087 ab
1492 1047 1549 1088 in-

117 1101 231 1143 uidia
262 1102 607 1143 accusacionibus
641 1102 831 1157 asperius
863 1117 985 1157 quum
1017 1104 1158 1144 uerius
1190 1105 1439 1151 laceratum,
1471 1119 1550 1159 quo

117 1160 319 1201 tuciorem
353 1160 407 1200 ab
439 1161 518 1200 hoc
551 1160 757 1200 calumnie
789 1174 942 1214 genere
973 1166 1202 1215 prestaret,
1244 1162 1434 1216 proximo
1472 1162 1548 1202 sibi

118 1217 291 1258 sedendi
324 1218 417 1258 loco
450 1217 577 1272 recipi
600 1218 731 1269 iussit,
766 1219 1077 1273 uenerabilique
1099 1218 1323 1260 uicinitatis
1356 1234 1430 1260 sue
1462 1234 1551 1274 pre-

118 1275 244 1328 sidio,
284 1274 439 1330 nequid
483 1275 525 1316 in
568 1276 747 1316 amicum
796 1276 981 1317 atrocius
1013 1276 1323 1323 consuleretur,
1355 1277 1551 1330 prouidit.

118 1333 300 1375 Postera
320 1333 414 1374 luce
445 1347 521 1388 per
543 1346 748 1373 summam
772 1333 909 1374 licium
934 1334 1220 1387 cognicionem
1246 1340 1405 1382 exacta,
1427 1335 1550 1389 pleno

119 1391 311 1446 equitatis
350 1390 502 1432 iudicio
545 1396 716 1431 cunctas
761 1391 1023 1444 querelarum
1065 1397 1205 1445 partes
1231 1392 1422 1444 absoluit,
1456 1405 1550 1431 cau-

117 1450 258 1504 sisque
292 1449 477 1504 legitima
511 1447 766 1490 diffinicione
799 1449 1021 1503 explicitis,
1054 1449 1302 1490 delectatam
1348 1449 1548 1490 beneficio

120 1507 286 1562 plebem
331 1507 382 1547 ad
429 1511 570 1561 grates
618 1507 695 1547 sibi
736 1506 1026 1561 rependendas
1067 1506 1254 1547 adduxit.
1314 1506 1418 1547 Inde
1457 1520 1551 1561 pro-

120 1579 304 1619 gressus,
337 1564 536 1619 indigene
571 1564 711 1605 militis
746 1564 896 1605 indicio
931 1566 1158 1618 cognoscit,
1188 1564 1392 1605 sedicioso
1425 1564 1551 1605 edicti

121 1637 278 1678 genere
310 1622 563 1663 concitatum
586 1622 816 1677 populum,
849 1621 958 1676 apud
997 1622 1135 1662 album
1169 1621 1329 1663 fontem
1361 1622 1548 1662 concioni

123 1680 347 1736 quatriduo
379 1688 640 1721 uacaturum.
702 1679 838 1734 Igitur
869 1679 1036 1720 tametsi
1066 1679 1294 1719 Scanorum
1327 1679 1549 1734 potissimis

115 1739 364 1794 stiparetur,
411 1738 463 1779 ad
511 1737 794 1792 supplendum
839 1742 982 1779 tamen
1029 1737 1277 1777 arbitrorum
1329 1750 1547 1777 numerum

117 1798 249 1838 eciam
281 1796 556 1837 Thordonem
587 1796 739 1836 nuncio
775 1800 991 1845 uocatum,
1024 1794 1121 1849 quid
1154 1794 1229 1835 sibi
1262 1807 1386 1849 super
1417 1807 1549 1848 popu-

115 1855 265 1895 larium
310 1859 425 1896 motu
467 1867 613 1895 recens
653 1853 766 1894 fama
798 1852 1051 1907 prodiderit,
1084 1852 1243 1894 edocet.
1305 1851 1381 1892 l'lle
1412 1850 1549 1892 uerbis

115 1913 396 1967 suspicionem
422 1911 688 1953 dementibus
711 1911 888 1952 rumoris
920 1910 1044 1951 fidem
1068 1911 1227 1963 leuare,
1259 1908 1441 1963 nihilque
1465 1908 1549 1948 tale

118 1969 390 2011 metuendum
433 1973 642 2022 astruere,
684 1969 830 2010 ceteris
861 1967 1083 2009 aduersum
1125 1968 1210 2008 uim
1242 1966 1454 2021 publicam
1484 1979 1549 2007 res

116 2028 284 2069 caucius
315 2026 522 2082 gerendas
544 2026 825 2068 monentibus.
876 2025 942 2066 Ita
965 2025 1177 2066 sentencia
1198 2023 1387 2065 uariante
1410 2037 1548 2063 rerum

116 2085 278 2137 dubiis,
323 2085 560 2126 indubitato
603 2083 849 2139 Sygaftham
897 2083 1075 2125 insulam
1120 2080 1367 2136 explorandi
1408 2080 1548 2135 gracia

116 2143 232 2185 adire
265 2143 464 2185 collibuit.
526 2142 617 2183 Illic
644 2143 649 2194 Ι
676 2142 891 2193 Absalon,
934 2146 1029 2182 ante
1060 2144 1232 2194 accepta
1262 2138 1446 2179 cerciore
1477 2151 1548 2178 ex-

116 2206 261 2257 pertus
294 2201 460 2254 nuncio,
480 2205 808 2242 'consternatam
851 2199 1036 2240 amencia
1066 2198 1255 2253 plebem,
1295 2195 1403 2250 quod
1437 2195 1473 2235 ei
1505 2207 1549 2235 se

117 2264 210 2301 tuto
244 2258 485 2300 obiecturus
517 2272 601 2299 non
625 2257 639 2306 ll
662 2257 889 2309 uideretur,
921 2256 1175 2311 procuratis,
1208 2253 1277 2308 qui
1308 2252 1547 2294 concionem

115 2316 389 2369 accederent,
432 2330 508 2371 per
554 2328 760 2356 summam
792 2315 987 2369 equitatis
1027 2311 1344 2368 promissionem
1377 2309 1548 2350 delinire

117 2374 348 2423 constituit.
398 2374 481 2422 Qui
514 2387 606 2414 cum
640 2372 778 2414 onmia
811 2371 1068 2413 atrocissimo
1101 2368 1376 2410 multitudinis
1408 2366 1548 2408 furore

116 2432 306 2483 misceri,
353 2431 593 2486 ipsamque,
641 2445 747 2471 ausu
791 2429 1079 2484 petulanciore
1119 2427 1372 2474 instinctam,
1416 2423 1549 2464 effusa

115 2491 343 2531 uerborum
384 2489 558 2531 licencia
598 2487 810 2529 nobilitati
848 2487 1049 2527 insultare
1091 2485 1414 2538 cognoscerent,
1456 2484 1548 2522 acto

117 2547 412 2589 mandatorum
433 2547 619 2599 silencio,
650 2545 878 2586 maximum
901 2541 1445 2585 sedicioni'incitamentum
1478 2538 1549 2579 de-

114 2605 226 2656 dere,
256 2605 351 2659 plus
385 2605 521 2646 aliene
552 2603 769 2646 demencie
802 2615 925 2657 quam
949 2600 1117 2655 proprie
1147 2597 1375 2651 legacionis
1408 2595 1547 2637 officio

185 2681 261 2719 §axo
282 2678 511 2706 Granunaficus.
1365 2666 1408 2699 41

1606 884 1703 918 p.933

1602 2147 1697 2180 p.934

1602 2260 1698 2294 (365)
