1884 3126
190 604 207 630 5

171 891 208 919 10

241 228 323 272 27ss
663 204 665 206 ’
797 250 851 258 —
911 224 1021 272 vin
1080 252 1134 260 -

241 358 391 400 ciabat.
453 356 575 398 Adeo
609 356 805 399 demendi
834 357 1001 400 ruboris
1032 358 1221 400 studium
1250 358 1392 400 lucem
1425 358 1463 400 ei
1498 357 1680 400 inuisam

242 416 450 457 effecerat.
511 415 648 470 Igitur
679 417 930 470 comparatis
962 430 1101 472 pugne
1135 417 1279 471 copiis,
1313 416 1473 458 Simoni
1499 415 1678 468 cuidam,

240 474 318 514 sub
350 473 506 514 Gotaro
539 473 733 514 Scaniam
764 474 1016 528 procuranti,
1054 474 1211 515 bellum
1250 478 1398 529 aperte
1439 475 1677 516 denunciat.

241 531 364 578 Quod
389 531 610 572 obstinatis
632 532 879 572 temeritatis
901 532 1060 573 uiribus
1083 536 1299 585 executus,
1330 533 1467 574 occiso
1493 531 1678 584 Simone,

237 603 313 644 per
345 602 552 630 summam
584 588 764 630 hostium
786 593 969 644 stragem
1001 591 1131 631 uitam
1163 589 1312 632 finiuit.
1371 590 1517 631 Patria
1539 595 1679 630 tamen

240 645 469 701 prestande
499 647 711 701 pensionis
743 661 868 689 onere
899 647 1066 689 liberari
1098 647 1299 702 nequiuit.

379 704 548 746 Interea
578 704 829 745 Iarmericus
865 703 978 760 apud
1017 719 1159 760 regem
1192 705 1438 746 Sclauorum
1470 705 1680 746 Ismarum

242 775 335 802 cum
369 775 501 803 coeuo
544 762 624 803 sibi
671 763 960 818 collacteoque
1001 763 1210 804 Gunnone
1255 763 1467 804 coniectus
1508 763 1550 803 in
1593 776 1679 803 car-

242 833 378 861 cerem
413 821 605 875 captiuus
637 819 833 875 degebat.
897 821 990 868 Quo
1023 821 1194 862 demum
1226 826 1370 862 erutus
1402 825 1529 876 atque
1560 834 1680 862 exer-

240 878 361 919 cendi
404 879 508 919 ruris
550 879 713 919 culture
755 878 1010 933 applicatus,
1050 879 1251 920 rusticum
1296 892 1401 933 opus
1441 879 1678 933 exequitur.

241 936 308 977 Ob
354 936 471 977 cuius
517 936 871 990 promptissimam
914 936 1324 978 administracionem
1372 936 1423 976 ad
1477 935 1679 991 regalium

241 994 539 1059 mancipiorum
587 994 874 1047 magisterium
919 993 1185 1036 transfertur.
1263 994 1325 1035 Eo
1372 1008 1541 1049 quoque
1583 1008 1679 1049 syn-

241 1052 452 1092 cerissime
482 1054 616 1105 gesto,
648 1052 688 1091 in
722 1053 1062 1092 necessariorum
1095 1052 1206 1106 regis
1238 1066 1409 1107 gregem
1441 1052 1679 1093 assumitur.

201 1144 206 1153 .
240 1109 325 1150 Vbi
359 1123 450 1149 cum
482 1124 525 1149 se
558 1109 677 1149 iuxta
717 1109 945 1150 aulicorum
979 1110 1101 1150 ritum
1146 1110 1318 1164 egregia
1363 1123 1524 1150 morum
1568 1123 1681 1150 ame-

171 1180 208 1207 15

172 1467 210 1494 20

173 1756 210 1784 25

175 2045 213 2072 30

178 2333 214 2361 35

240 1167 371 1208 nitate
403 1168 621 1221 gessisset
660 1166 778 1207 breui
817 1167 859 1207 in
892 1168 1119 1208 amicorum
1150 1181 1371 1209 numerum
1410 1168 1640 1208 translatus
1674 1163 1678 1222 Ι

241 1226 420 1290 primum
454 1224 749 1265 familiaritatis
780 1225 920 1266 locum
952 1225 1149 1278 obtinuit
1182 1239 1230 1266 ac
1262 1225 1393 1266 ueluti
1430 1225 1680 1279 quibusdam

242 1283 485 1324 meritorum
518 1282 717 1336 gradibus
756 1282 888 1323 fretus
928 1283 981 1323 ab
1012 1282 1154 1323 infima
1196 1288 1309 1324 sorte
1350 1283 1403 1323 ad
1444 1286 1679 1337 spectatum

242 1341 411 1381 honoris
453 1340 667 1393 fastigium
706 1341 924 1382 concessit.
985 1340 1040 1381 Et
1086 1354 1138 1381 ne
1183 1354 1355 1394 segnem
1399 1353 1681 1395 eneruemque

241 1399 458 1439 iuuentam
491 1403 649 1452 ageret,
689 1398 940 1439 militaribus
972 1413 1017 1439 se
1054 1398 1202 1438 studiis
1243 1397 1493 1449 assuefecit,
1531 1402 1680 1439 nature

242 1456 362 1497 dotes
393 1455 600 1497 industria
621 1457 851 1497 cumulans.
895 1456 1027 1497 Grata
1059 1456 1252 1497 omnibus
1274 1456 1488 1497 Iarmerici
1520 1455 1680 1496 indoles

244 1520 356 1565 erat,
400 1514 478 1554 soli
520 1514 665 1568 regine
711 1517 955 1568 suspectum
1005 1513 1285 1555 adolescentis
1332 1514 1547 1568 ingenium
1589 1513 1680 1555 fuit.

243 1571 434 1612 Fratrem
480 1585 650 1626 quoque
702 1572 812 1626 regis
866 1571 954 1612 fato
1002 1571 1192 1612 functum
1242 1572 1490 1626 repentinus
1540 1585 1682 1612 rumor

243 1629 424 1670 edocuit.
476 1629 604 1670 Cuius
637 1643 787 1684 corpus
809 1629 993 1670 Ismarus
1028 1629 1284 1695 amplissimo
1307 1629 1458 1671 funere
1483 1630 1681 1683 elaturus,

243 1701 324 1752 quo
356 1687 489 1727 maior
521 1688 794 1742 exequiarum
827 1701 981 1742 pompa
1012 1687 1153 1734 fieret-
1186 1688 1300 1741 regia
1347 1688 1544 1728 comitate
1584 1700 1682 1728 con-

242 1745 400 1786 uiuium
441 1745 619 1786 instruit
690 1746 746 1786 At
790 1745 1062 1796 Iarmericus,
1105 1737 1207 1786 alias
1250 1759 1343 1786 eum
1384 1746 1531 1799 regina
1562 1744 1682 1785 fami-

244 1803 355 1843 liaris
376 1801 480 1857 (rei)
502 1816 643 1843 curam
665 1803 851 1855 sortitus,
875 1803 925 1843 ad
948 1803 1105 1857 fugam,
1124 1803 1240 1844 cuius
1262 1802 1504 1844 facultatem
1528 1802 1682 1857 regalis

244 1860 440 1902 absencia
470 1861 720 1915 promittere
762 1860 1007 1913 uidebatur,
1050 1860 1449 1915 circunspiciendam
1490 1860 1680 1902 accessit.

246 1918 624 1960 Animaduertebat
657 1919 781 1971 enim,
812 1933 856 1960 se
890 1919 1020 1960 eciam
1052 1918 1160 1959 inter
1202 1932 1304 1973 opes
1336 1920 1520 1973 positum
1562 1917 1681 1960 mise-

245 1976 375 2017 rabile
406 1976 516 2030 regis
548 1977 802 2030 mancipium
834 1977 924 2017 fore
957 1981 1000 2018 et
1031 1976 1150 2031 quasi
1186 1977 1323 2017 alieno
1358 1976 1558 2018 beneficio
1590 1990 1682 2031 pre-

245 2034 404 2075 carium
444 2034 634 2088 spiritum
681 2034 912 2089 possidere.
992 2034 1217 2085 Preterea,
1259 2048 1499 2089 quanquam
1539 2034 1681 2088 primis

246 2091 360 2147 apud
390 2105 535 2146 regem
575 2091 804 2133 honoribus
847 2096 1054 2142 uteretur,
1079 2090 1094 2142 [1
1116 2091 1352 2133 libertatem
1392 2092 1549 2132 deliciis
1587 2105 1680 2146 pre-

247 2149 467 2191 ferendam
499 2150 769 2203 existimans,
810 2149 984 2191 uisende
1018 2149 1154 2204 patrie
1193 2148 1477 2204 noscendique
1517 2148 1681 2204 generis

247 2207 401 2248 eximia
435 2207 663 2262 cupiditate
694 2207 908 2261 flagrabat.
981 2207 1123 2248 Sciens
1155 2212 1321 2258 autem,
1371 2207 1483 2262 quod
1523 2207 1680 2259 regina,

247 2265 394 2319 nequis
426 2266 688 2320 captiuorum
722 2265 830 2307 elabi
861 2269 1019 2319 posset,
1056 2265 1389 2318 competentibus
1430 2264 1682 2319 prouidisset

247 2322 449 2375 excubiis,
483 2337 565 2377 quo
588 2323 747 2363 uiribus
769 2324 992 2377 peruenire
1013 2322 1230 2377 nequibat,
1263 2328 1351 2363 arte
1374 2321 1681 2376 assurgendum

247 2384 460 2436 procurat.
522 2380 742 2422 Fiscellam
775 2381 916 2435 itaque
948 2379 1073 2434 byblo
1105 2393 1153 2421 ac
1190 2380 1346 2421 uimine
1382 2385 1558 2432 textam,
1599 2393 1682 2434 qua

248 2443 436 2492 agrestes
468 2437 600 2479 instar
620 2438 799 2479 hominis
830 2437 1011 2478 formata
1041 2451 1141 2478 aues
1171 2438 1307 2478 aristis
1339 2437 1562 2478 deturbare
1584 2451 1682 2478 con-

248 2501 489 2546 sueuerant,
521 2496 620 2537 uiuo
654 2509 757 2537 cane
780 2496 1032 2550 compleuit3
1065 2508 1189 2549 quam
1221 2496 1351 2536 eciam
1383 2495 1572 2536 detracto
1605 2495 1681 2536 sibi

250 2554 388 2605 cultu,
435 2565 517 2609 quo
562 2553 828 2595 uerisimilius
874 2553 1044 2594 humani
1090 2557 1399 2607 representaret
1442 2553 1680 2606 imaginem,

178 2623 216 2652 40
246 2612 366 2653 texit.
426 2611 593 2654 Deinde
625 2611 838 2667 priuatum
869 2611 982 2666 regis
1015 2611 1193 2653 erarium
1221 2609 1461 2664 demolitus,
1493 2614 1681 2665 egestam

1734 1241 1761 1266 p.
1784 1231 1835 1259 409
