1884 3126
306 879 337 905 10

304 1166 337 1192 15

300 1455 335 1480 *20

299 1741 335 1768 25

299 2031 335 2057 30

372 226 454 268 596
924 245 978 251 -
1039 218 1178 262 XIIII
1238 244 1291 251 ·-

373 348 725 413 peregrinacionis
767 351 917 389 testem
957 348 1148 401 gerebat.
1219 347 1355 401 Igitur
1387 346 1598 400 Absalon,
1642 346 1807 402 siunl}

377 409 479 449 clam
513 411 629 448 tanto
671 406 761 446 uiro
803 405 1089 459 experiretur,
1132 405 1239 446 uicio
1272 404 1349 445 sibi
1382 405 1634 446 uertendum
1666 405 1808 447 existi-
1863 418 1884 450 (ε

374 478 505 515 mans,
538 477 612 517 per
643 461 880 503 Esbeinum
913 462 963 514 ei,
997 438 1095 517 quid
1129 463 1281 517 cupiat,
1315 461 1484 503 indicat.
1546 462 1636 515 Ille,
1669 462 1806 505 studio

374 521 599 563 Absalonis
646 519 875 573 impensius
921 519 1117 572 laudato,
1164 529 1266 572 orat,
1303 519 1460 560 socium
1506 534 1550 561 se
1601 520 1807 586 propositi

375 579 551 628 habeat,
598 574 894 632 canilciemque
939 591 1057 617 suam
1097 552 1293 619 iuuenilia
1339 576 1591 632 quandoque
1626 578 1807 632 experiri
1862 598 1884 621 p.

371 634 599 689 permittat.
651 633 740 675 Nec
761 635 945 689 segniter
966 634 1285 699 promptissimis
1308 634 1596 676 Scaniensium
1619 635 1806 688 delectis,

372 692 632 733 Absalonem
664 697 858 743 secutus,
900 693 1111 734 communi
1144 692 1420 746 nauigacione
1461 692 1623 747 appulit
1654 692 1806 734 Lalan-

371 750 495 791 diam.
559 749 651 790 Illic
682 750 833 790 nostris
867 749 991 791 obuie
1023 753 1183 805 septem
1207 749 1500 803 Rugianorum
1534 755 1644 791 rates
1674 749 1805 791 fuere.

369 807 493 848 Vnde
527 821 619 847 cum
652 811 777 848 noctu
811 808 1051 860 soluissent,
1085 807 1235 848 erroris
1266 813 1383 848 metu
1414 808 1594 862 peritum
1634 807 1806 862 nauiga-

368 864 497 905 cionis
530 879 583 905 ex
606 864 821 905 Absalone
853 865 1056 918 deposcit.
1104 865 1196 912 Quo
1229 869 1415 919 recepto,
1447 879 1647 920 prospero
1680 879 1806 907 cursu

371 922 566 963 destinati
610 927 755 976 portus
796 922 1091 977 compendium
1140 927 1358 963 assecutus
1402 928 1479 964 est.
1546 923 1805 964 Absalonem

370 994 473 1020 uero
506 982 639 1021 noctis
673 980 858 1034 opacitas
892 979 1116 1035 aliquantis
1148 980 1434 1034 nauigacionis
1467 981 1712 1023 excessibus
1744 994 1805 1022 er-

369 1037 604 1078 rabundum
648 1037 797 1079 effecit.
869 1037 954 1079 Sed
995 1051 1071 1078 nec
1112 1037 1407 1079 Sialandenses
1449 1039 1601 1079 erroris
1633 1052 1805 1094 prorsus

370 1101 568 1149 expertes
601 1095 781 1150 reliquit.
829 1095 912 1135 Par
942 1095 1187 1148 ignorancia
1213 1095 1407 1150 Rugiana
1438 1109 1604 1151 quoquc
1636 1096 1807 1151 nauigia

367 1152 540 1206 fefellit,
583 1157 625 1193 ct
669 1152 779 1193 forte
820 1153 860 1193 in
903 1166 999 1193 eum
1038 1153 1178 1194 locum
1219 1153 1470 1206 inciderant,
1509 1167 1639 1208 prope
1681 1167 1805 1209 quem

368 1186 729 1251 Bramniesiorum
762 1210 902 1251 classis
933 1210 1165 1265 pyraticam
1200 1214 1344 1251 actura
1377 1185 1548 1253 coie⁷1·.at
1594 1211 1723 1252 Cuius
1746 1212 1805 1252 rei

369 1269 483 1309 inscii
516 1268 713 1322 Rugiani,
747 1282 841 1308 cum
863 1268 1043 1322 plimum
1075 1268 1150 1308 lux
1173 1268 1306 1318 affuit,
1338 1272 1578 1310 nostrorum
1610 1283 1654 1310 se
1676 1269 1805 1324 copiis

369 1327 571 1378 inserunt,
604 1339 834 1381 paremque
866 1339 958 1366 cum
990 1325 1088 1380 ipsis
1124 1326 1315 1367 miliciam
1345 1327 1629 1381 auspicantur,
1659 1327 1803 1392 paucis

369 1384 420 1424 ad
452 1384 626 1425 nauium
653 1384 839 1438 presidia
880 1384 1050 1425 relictis.
1114 1383 1228 1431 Quas
1279 1384 1527 1425 Brammesii
1561 1386 1804 1439 conspectui

368 1441 590 1495 subiectas,
623 1442 792 1495 dilapsis
817 1445 933 1481 metu
965 1440 1219 1492 custodibus,
1249 1443 1519 1495 populantur.
1564 1441 1654 1483 Nec
1676 1442 1806 1497 preda

368 1498 597 1554 spoliisque
631 1499 830 1552 contenti,
863 1498 958 1539 bina
981 1512 1035 1538 ex
1055 1498 1104 1539 iis
1128 1499 1308 1552 nauigia,
1332 1500 1627 1553 prestancioris
1649 1499 1805 1541 fabrice

368 1558 472 1609 uisa,
505 1571 649 1597 secum
681 1556 909 1597 abducunt.
959 1555 1052 1604 Que
1076 1570 1186 1610 cum,
1219 1557 1543 1611 prohibentibus
1566 1557 1805 1600 Sialandice

369 1615 509 1655 classis
558 1614 825 1663 custodibus,
866 1614 1042 1654 ulterius
1084 1628 1285 1656 amouere
1326 1629 1410 1655 non
1456 1623 1648 1670 possent,
1693 1614 1802 1656 ferro

368 1676 541 1727 pertusa
573 1677 822 1713 merserunt.
870 1671 1049 1714 Vnicam
1084 1672 1160 1713 hec
1192 1672 1411 1727 prouincia
1431 1673 1576 1714 urbem
1610 1673 1805 1726 habebat,

367 1743 447 1784 que
478 1744 502 1770 a
535 1729 665 1771 Danis
697 1729 822 1771 iebus
854 1743 987 1770 uacua
1018 1733 1189 1783 reperta
1212 1734 1286 1783 est,
1318 1730 1460 1771 incolis
1493 1730 1629 1772 eidem
1661 1730 1805 1773 defen-

368 1789 532 1828 sionem
575 1801 694 1828 suam
737 1787 907 1828 credere
953 1801 1036 1827 non
1075 1787 1342 1829 audentibus.
1403 1787 1531 1829 Cuius
1572 1788 1804 1829 desercioni

367 1845 518 1900 partim
565 1844 878 1896 de²²,fensorum
920 1844 1069 1899 partim
1115 1845 1214 1885 ualli
1245 1845 1388 1900 inopia
1425 1859 1593 1886 causam
1625 1846 1803 1901 prebuit.
1824 1851 1884 1880 cn:

369 1903 598 1957 Antiquam
641 1902 776 1943 incole
820 1901 1077 1944 uocitabant.
1153 1903 1235 1950 Qui
1282 1903 1464 1943 menium
1495 1917 1668 1945 suorum
1701 1903 1805 1944 diffi-

369 1960 516 2001 dencia
538 1974 633 2001 cum
655 1961 905 2014 coniugibus
937 1973 985 2000 ac
1016 1959 1156 2001 liberis
1183 1960 1235 2001 ad
1260 1961 1479 2002 ecclesiam
1504 1966 1622 2003 extra
1645 1962 1802 2003 uallum

366 2018 487 2059 sitam
520 2018 708 2059 certatim
752 2032 795 2058 sc
828 2018 1114 2069 contulerant,
1155 2017 1369 2072 religionis
1411 2033 1534 2074 quam
1583 2019 1681 2060 belli
1710 2034 1803 2074 pre-

368 2076 471 2117 sidio
504 2077 684 2117 tucior-es
717 2075 861 2126 futuri,
896 2076 1093 2129 pacisque
1126 2075 1335 2116 domicilio
1358 2076 1591 2130 periculum
1618 2077 1801 2117 nitaturi.

368 2133 451 2174 Sed
483 2148 561 2174 nec
592 2134 810 2189 quisquam
845 2147 866 2173 e
899 2133 1054 2174 nostris
1100 2133 1152 2174 ad
1196 2147 1339 2174 eorum
1373 2133 1483 2175 bona
1516 2148 1665 2175 manus
1706 2148 1801 2189 por-

368 2191 502 2245 rigere
526 2205 652 2233 ausus
682 2197 758 2244 est,
791 2205 845 2232 ne
868 2190 1073 2245 predandi
1096 2190 1224 2232 libido
1261 2191 1482 2246 sacrilegio
1506 2191 1802 2247 implicaretur,

367 2263 609 2304 quanquam
641 2249 683 2289 in
714 2262 831 2290 sacra
863 2247 942 2289 ede
973 2248 1137 2303 iniquas
1177 2262 1278 2303 opes
1309 2253 1518 2290 attentare
1558 2249 1678 2290 nefas
1719 2264 1802 2291 non

321 2319 335 2343 3
368 2312 493 2348 esset.
555 2306 703 2361 Neque
738 2307 851 2347 enim
882 2305 1096 2360 religionis
1128 2307 1358 2347 auctoritas
1381 2307 1470 2347 eius
1493 2307 1800 2349 detractoribus

366 2364 525 2406 auxilio
559 2364 837 2419 obtentuique
869 2362 962 2404 fore
994 2363 1211 2405 debuerat.
1271 2363 1447 2418 Iamque
1477 2364 1681 2405 militante
1712 2364 1800 2406 Ab-

366 2422 526 2474 salone,
558 2422 756 2475 Eskillus,
789 2420 942 2475 nequid
978 2425 1182 2462 consuete
1209 2422 1424 2475 religionis
1457 2422 1686 2475 omitteret,
1717 2424 1799 2477 pri-

365 2494 475 2521 mam
499 2481 627 2521 sacris
651 2478 1084 2535 operamxexhibebat.
1125 2478 1253 2520 Cuius
1275 2480 1414 2520 animo
1439 2483 1579 2520 tantus
1605 2480 1795 2534 hostiumg

367 2542 630 2592 contemptus
661 2538 899 2588 incesserat,
929 2536 1039 2577 utin
1072 2538 1260 2578 exercitu
1286 2543 1401 2591 toga,
1435 2550 1518 2578 non
1551 2537 1677 2578 armis
1710 2543 1799 2580 ute·
1855 2554 1884 2581 ra

296 2607 333 2635 40
362 2600 490 2647 retur.
528 2595 695 2636 Interea
718 2594 867 2636 Hurna
882 2593 1052 2649 quidam
1074 2597 1113 2634 et
1128 2593 1448 2648 Marcra[r]dus,
1463 2608 1587 2650 quem
1603 2594 1798 2649 Adulfus,
