1884 3126
315 581 331 606 5

296 869 330 896 10

299 1157 330 1185 15

294 1446 331 1473 20

292 1736 329 1764 25

293 2027 330 2055 30

292 2316 329 2344 35

363 211 417 251 92
943 235 986 241 -
1050 210 1120 252 ΙΙΙ
1181 232 1234 237 -

363 335 511 391 prioris
555 337 694 379 mariti
739 338 986 380 memoriam
1036 338 1276 381 exoleuisse
1323 340 1501 380 constat.
1572 336 1666 391 Ego
1708 351 1808 380 uero

363 408 448 436 non
469 394 521 435 ab
544 408 587 435 re
606 394 747 437 stolidi
764 396 945 451 speciem
964 410 1081 451 gero,
1099 410 1194 438 cum
1213 395 1316 437 haut
1336 396 1539 448 dubitem,
1559 395 1657 450 quin
1672 395 1718 449 is,
1738 396 1809 451 qui

363 453 538 494 fratrem
563 453 830 508 oppresserit,
851 454 893 495 in
918 454 1063 496 affines
1082 461 1261 509 quoque·
1278 453 1368 509 pari
1385 453 1636 495 crudelitate
1658 452 1809 494 debac-

280 510 565 567 &baturus
579 511 644 553 sit.
667 510 793 552 Vnde
808 512 1048 553 stoliditatis
1058 526 1184 567 quam
1195 511 1402 553 industrie
1416 510 1604 552 habitum
1613 511 1810 566 amplecti

362 571 536 622 prestat,
555 573 597 610 et
608 569 905 611 incolumitatis
922 569 1148 625 presidium
1162 570 1216 611 ab
1231 574 1424 611 extrema
1434 568 1809 611 deliramentorum

363 626 502 680 specie
520 627 717 669 mutuari.
741 627 792 668 In
810 628 947 670 animo
966 631 1104 669 tamen
1121 631 1300 682 paterne
1318 627 1496 668 ulcionis
1514 626 1699 667 studium
1715 640 1809 682 per-

362 688 545 736 seuerat,
575 684 648 726 sed
692 699 833 726 rerum
877 685 1119 727 occasiones
1151 698 1354 740 aucupor,
1386 688 1625 740 temporum
1658 698 1809 740 oppor—

362 716 564 783 tunitate⁷s
612 743 822 797 opperior.
893 742 994 785 Non
1035 743 1147 784 idem
1190 741 1384 784 omnibus
1430 742 1549 783 locus
1593 742 1808 808 competit

364 798 522 840 Contra
550 800 774 842 obscurum
816 801 1104 857 immitemque
1144 802 1331 842 animum
1381 800 1606 842 alcioribus
1651 799 1810 854 ingenii

360 857 496 899 modis
529 858 592 898 uti
635 859 845 900 conuenit.
907 858 1002 900 Tibi
1045 873 1147 901 uero
1181 856 1535 924 superuac(u>um
1578 858 1631 899 sit
1674 871 1809 899 meam

362 915 585 956 lamentari
617 915 937 970 desipienciam,
983 931 1064 973 que
1096 921 1212 957 tuam
1242 915 1392 958 iustius
1434 915 1706 981 ignominiam
1739 915 1810 957 de-

363 973 531 1028 plorare
543 972 763 1015 debueras.
795 973 946 1029 Itaque
959 988 1043 1016 non
1056 974 1204 1028 aliene,
1224 974 1296 1016 sed
1311 973 1476 1028 proprie
1491 973 1643 1014 mentis
1656 973 1810 1014 uicium

362 1030 519 1072 defleas
551 1045 726 1073 necesse
750 1035 824 1074 est.
876 1031 1027 1074 Cetera
1050 1032 1175 1074 silere
1201 1032 1451 1073 memineris.
1499 1030 1591 1072 Tali
1616 1031 1807 1072 conuicio

361 1089 589 1130 laceratam
611 1093 788 1131 matrem
803 1090 854 1131 ad
875 1089 1155 1132 excolendum
1171 1089 1341 1131 uirtutis
1364 1088 1556 1130 habitum
1574 1089 1808 1142 reuocauit,

361 1147 676 1202 preteritosque
706 1147 826 1202 ignes
858 1147 1126 1202 presentibus
1158 1147 1366 1189 illecebris
1388 1146 1576 1201 preferre
1609 1145 1765 1188 docuit.

502 1204 722 1247 Reuersus
769 1205 913 1260 Fengo
973 1206 1172 1247 insidiose
1227 1204 1538 1259 exploracionis
1592 1208 1809 1246 auctorem

363 1276 572 1317 nusquam
604 1266 818 1316 repertum
873 1263 1034 1305 diutine
1076 1262 1363 1319 inquisicionis
1405 1261 1545 1304 studio
1579 1276 1807 1317 proseque-

362 1320 513 1373 batur,
557 1321 722 1363 nemine
755 1335 799 1363 se
832 1335 926 1363 eum
972 1322 1135 1387 uspiam
1168 1320 1438 1386 conspexisse
1469 1320 1645 1362 dicente.
1706 1322 1808 1361 Am-

362 1377 502 1420 lethus
544 1392 735 1434 quoque,
778 1393 830 1420 an
872 1379 1006 1420 ullum
1046 1380 1178 1434 ipsius
1210 1378 1435 1433 uestigium
1466 1377 1806 1433 deprehenderit,

362 1449 437 1492 per
468 1437 605 1477 iocum
639 1441 828 1491 rogatus,
860 1437 901 1478 in
935 1438 1122 1479 cloacam
1152 1437 1271 1478 illum
1301 1436 1428 1478 iuisse
1460 1436 1618 1490 retulit,
1648 1449 1807 1491 perque

363 1494 453 1537 eius
485 1495 567 1535 ima
599 1495 831 1549 collapsum
865 1508 913 1536 ac
936 1495 950 1547 Η
973 1495 1100 1536 nimia
1131 1495 1224 1536 ceni
1254 1494 1366 1535 mole
1398 1493 1617 1544 obiutum,
1655 1507 1678 1534 a
1711 1494 1807 1535 sub-

364 1552 562 1594 euntibus
601 1553 757 1618 passim
788 1553 974 1608 porcis
968 1551 1083 1595 esse
1116 1556 1424 1607 consumptum.
1486 1551 1610 1600 Quod
1652 1550 1807 1593 dictum

363 1610 531 1652 tametsi
553 1611 643 1651 ueri
667 1609 974 1653 confessionem
1006 1611 1275 1666 exprimeret,
1311 1610 1408 1666 quia
1439 1610 1580 1665 specie
1606 1609 1809 1651 stolidum

363 1668 604 1722 uidebatur,
636 1668 899 1710 auditoribus
928 1668 1112 1711 ludibrio
1144 1668 1238 1710 fuit.

500 1701 690 1781 Cunique
720 1726 865 1781 Fengo
898 1726 1138 1782 priuignum
1168 1724 1406 1767 indubitate
1436 1722 1637 1779 fraudi<s>
1664 1739 1808 1780 suspe-

363 1787 476 1825 ctum
508 1783 658 1826 tollere
679 1784 824 1835 uellet,
858 1784 931 1827 sed
966 1784 1008 1826 id
1040 1789 1130 1826 tum
1157 1784 1211 1826 ob
1234 1783 1303 1824 aui
1336 1783 1424 1824 eius
1445 1781 1601 1834 Rorici,
1634 1787 1722 1824 tum
1754 1783 1806 1824 ob

364 1842 552 1897 coniugis
585 1841 787 1883 offensam
821 1843 977 1898 exequi
1007 1856 1091 1884 non
1124 1841 1326 1891 auderet,
1359 1840 1576 1881 Britannie
1603 1841 1715 1895 regis
1748 1840 1808 1882 of-

363 1900 456 1941 ficio
516 1900 753 1941 necandum
804 1898 968 1955 dulxit,
1029 1899 1274 1942 innocencie
1320 1897 1635 1940 simulacionem
1667 1899 1806 1941 alieno

361 1957 594 1999 ministerio
635 1958 891 2013 quesiturus.
955 1957 1021 1999 Ita
1052 1958 1152 1999 dum
1185 1957 1397 1999 occultare
1442 1956 1643 1997 seuiciam
1675 1956 1804 2012 cupit,

361 2015 543 2057 amicum
574 2015 808 2071 inquinare,
841 2030 968 2071 quam
999 2015 1077 2057 sibi
1108 2014 1319 2056 infamiam
1350 2014 1610 2055 consciscere
1642 2014 1803 2056 maluit.

359 2073 595 2115 Discedens
626 2074 854 2116 Amlethus
898 2075 1021 2115 matri
1067 2073 1195 2115 tacite
1225 2072 1364 2124 iubet,
1405 2071 1624 2114 textilibus
1665 2072 1805 2113 aulam

359 2131 483 2173 nodis
514 2132 715 2183 instruat,
748 2145 930 2187 suasque
960 2135 1058 2187 post
1088 2145 1247 2173 annum
1278 2128 1448 2171 inferias
1479 2129 1585 2171 falso
1617 2133 1805 2185 peragat,

362 2203 499 2244 eoque
529 2192 722 2245 tempore
753 2190 935 2231 reditum
966 2190 1201 2245 pollicetur.
1262 2187 1595 2230 Proficiscuntur
1627 2203 1722 2230 eum
1754 2202 1804 2230 eo

360 2247 447 2289 bini
478 2247 690 2303 Fengonis
734 2248 959 2301 satellites,
1002 2248 1144 2289 literas
1186 2246 1301 2302 ligno
1345 2245 1575 2301 insculptas
1618 2246 1733 2298 (nam
1764 2245 1805 2287 id

361 2305 527 2348 celebre
560 2305 774 2361 quondam
804 2320 939 2361 genus
972 2305 1214 2348 chartarum
1246 2302 1358 2355 erat)
1390 2317 1534 2345 secum
1575 2308 1804 2358 gestantes,

362 2363 512 2418 quibus
553 2363 856 2405 Britannorum
900 2364 990 2418 regi
1036 2362 1267 2404 transmissi
1314 2360 1392 2403 sibi
1438 2361 1606 2404 iuuenis
1653 2361 1804 2403 occisio

362 2420 657 2464 mandabatur.
721 2421 913 2470 Quorum
943 2421 1169 2462 Amlethus
1213 2419 1395 2475 quietem
1440 2419 1702 2474 capiencium
1743 2420 1804 2461 lo-

363 2478 481 2520 culos
513 2482 815 2534 perscrutatus,
847 2479 992 2520 literas
1023 2476 1317 2533 deprehendit.
1379 2475 1568 2524 Quarum
1609 2477 1804 2531 perlectis

363 2536 584 2588 mandatis,
609 2535 806 2592 quicquid
829 2536 983 2578 chartis
1004 2536 1158 2578 illitum
1180 2539 1283 2588 erat,
1306 2534 1470 2576 curauit
1487 2533 1644 2587 abradi,
1665 2534 1806 2576 nouis-

295 2607 337 2634 40
368 2608 449 2651 que
481 2595 709 2652 figurarum
742 2594 930 2651 apicibus
961 2593 1218 2648 substitutis,
1257 2568 1578 2635 damnacionem
1613 2606 1732 2635 suam
1762 2592 1804 2634 in

1874 1499 1884 1531 (

1845 1562 1884 1591 X]
