1884 3126
229 889 266 917 10

228 1468 266 1495 20

229 1755 265 1782 ‘25

229 2045 267 2072 30

230 2334 266 2361 35

229 2622 266 2649 40

299 226 354 268 84
875 252 928 258 —
992 225 1061 269 ΙΙΙ
1120 253 1175 261 --

298 354 433 405 uenis,
474 366 624 409 parum
664 352 834 395 fortune
877 357 1027 405 certus,
1069 354 1115 405 si,
1153 353 1301 409 inquit,
1332 354 1499 406 Rorice,
1531 367 1620 395 rem
1650 366 1746 408 pro-

299 425 422 467 spere
464 425 649 464 gessero,
692 415 766 453 tua
797 411 1003 454 uincentis
1035 412 1273 454 mercedem
1306 412 1534 454 liberalitas
1567 411 1745 465 estimet,

299 474 345 510 tu
388 470 571 525 palmam
611 469 767 511 arbiter
798 470 1016 523 meciaris3
1049 471 1112 511 sin
1144 470 1409 535 propositum
1441 469 1565 510 michi
1596 483 1745 524 parum

300 541 354 569 ex
394 527 612 569 sentencia
655 527 840 579 cesserit,
875 527 985 593 'quid
1009 528 1124 569 uicto
1146 528 1293 582 premii
1325 527 1468 581 debes,
1516 541 1639 582 quem
1671 531 1745 569 aut

298 600 401 627 seua
432 599 545 627 mors
578 588 650 625 aut
680 585 912 640 ignominia
933 585 1076 640 grauis
1111 586 1332 627 inuoluet‘?
1366 585 1456 626 Has
1479 585 1743 626 imbecillitas

299 643 456 685 habere
490 643 664 684 comites
697 644 927 694 consueuit,
955 643 1032 685 hec
1063 649 1358 698 superatorum
1391 642 1603 697 stipendia
1634 648 1744 695 sunt,

300 715 407 757 quos
432 700 530 756 quid
554 700 631 742 nisi
657 706 890 743 extremum
915 700 1099 743 dedecus
1117 699 1295 743 manet?
1329 701 1520 749 Quonam
1539 700 1745 742 soluenda

299 772 484 812 merces,
532 772 613 813 que
659 759 801 813 gracia
846 758 1091 812 referenda,
1140 759 1205 801 cui
1251 759 1508 800 fortitudinis
1555 759 1743 814 precium

300 817 446 858 abest?
508 816 612 864 Quis
643 816 922 872 impotentem
953 817 1100 858 Martis
1132 817 1290 858 hedera
1313 817 1541 871 redimiuit,
1572 817 1744 872 premiis

298 874 541 917 uictricibus
574 874 821 916 decorauit?
853 874 1027 928 Virtuti,
1061 889 1144 916 non
1167 875 1337 928 ignauie
1359 875 1500 929 palma
1529 875 1742 916 tribuitur.

302 932 447 974 Gloria
492 931 713 973 infelicitas
762 936 887 974 caret.
965 932 1087 973 Illam
1125 934 1280 987 quippe
1325 933 1560 987 triumphus
1591 932 1741 985 laudis,

300 991 409 1032 hanc
450 994 523 1031 aut
566 990 659 1030 finis
700 992 809 1032 iners
853 995 926 1031 aut
968 990 1055 1031 uita
1095 989 1295 1032 deformis
1340 990 1587 1045 insequitur.
1648 989 1740 1044 Ego

299 1062 416 1100 uero,
448 1048 529 1102 qui,
562 1061 761 1102 quorsum
785 1048 913 1089 duelli
934 1047 1105 1089 fortuna
1126 1053 1290 1102 uergat,
1322 1048 1503 1102 ambigo,
1536 1047 1742 1103 premium

278 1105 504 1147 >audacter
547 1110 748 1160 expetere
790 1121 872 1148 non
913 1119 1124 1160 presumo,
1167 1106 1279 1160 quod
1311 1120 1364 1146 an
1395 1106 1484 1148 iure
1516 1105 1641 1146 michi
1672 1105 1742 1146 de-

250 1188 265 1205 .›
296 1164 467 1217 beatur,
510 1164 672 1217 ignoro.
735 1163 885 1219 Neque
921 1164 1033 1206 enim
1063 1163 1222 1205 incerto
1256 1163 1433 1204 uictorie
1466 1168 1624 1205 certum
1657 1163 1743 1204 uic-

298 1221 400 1263 toris
441 1222 651 1276 premium
694 1235 902 1276 occupare
943 1221 1196 1263 conceditur.
1268 1221 1536 1276 Supersedeo
1579 1221 1745 1276 trophei

299 1279 453 1320 dubius
510 1292 664 1320 corone
715 1279 978 1321 con*stanter
1030 1280 1228 1320 meritum
1278 1280 1485 1334 flagitare.
1564 1279 1734 1321 Reouso

297 1337 474 1390 lucrum,
516 1336 630 1391 quod
672 1337 795 1378 michi
827 1338 972 1378 mortis
1007 1351 1116 1392 eque
1156 1350 1205 1378 ac
1237 1337 1323 1378 uite
1359 1337 1739 1403 stipendiurnesse

297 1395 470 1451 poterit.
533 1393 784 1436 Stoliditatis
830 1400 893 1436 est
931 1395 1154 1435 immaturo
1188 1395 1342 1436 fructui
1373 1409 1522 1436 manus
1554 1395 1740 1447 iniicere,

298 1466 476 1508 eumque
519 1453 746 1507 decerpere
778 1453 912 1504 uelle,
953 1466 1078 1507 quem
1109 1452 1290 1493 necdum
1324 1453 1414 1508 quis
1438 1453 1537 1494 satis
1561 1452 1638 1494 sibi
1671 1452 1741 1493 de-

296 1511 430 1552 bitum
470 1511 650 1551 noueiit.
720 1510 816 1552 Hec
853 1524 1001 1552 manus
1031 1514 1106 1551 aut
1136 1507 1332 1566 pallmam
1372 1511 1495 1552 michi
1536 1509 1739 1565 prestabit

297 1573 371 1610 aut
416 1568 554 1609 finem.
631 1567 725 1609 Hec
768 1568 895 1621 fatus,
941 1567 1081 1622 gladio
1133 1569 1360 1610 barbarum
1412 1568 1524 1622 ferit,
1571 1567 1741 1609 fortuna

297 1627 446 1679 minus,
490 1640 614 1681 quam
656 1626 824 1680 ingenio
865 1629 1095 1681 promptus.
1167 1627 1236 1667 Ab
1280 1641 1329 1668 eo
1362 1626 1569 1681 siquidem
1600 1639 1739 1681 reper-

299 1699 460 1737 cussus,
492 1684 612 1739 primi
645 1684 751 1725 ictus
773 1683 1062 1738 magnitudine
1087 1686 1353 1725 exanimatus
1376 1688 1452 1725 est.
1501 1684 1595 1732 Quo
1619 1684 1738 1725 triste

296 1742 432 1784 Danis
475 1742 764 1798 spectaculum
807 1742 947 1793 dante,
979 1742 1182 1784 uictorem
1215 1742 1375 1783 socium
1408 1742 1548 1784 Sclaui
1579 1741 1740 1796 ingenti

299 1799 502 1841 donatum
546 1813 705 1855 pompa
736 1800 967 1855 magnificis
1001 1813 1209 1855 excepere
1250 1799 1455 1855 tripudiis.
1522 1799 1640 1840 Idem
1672 1799 1740 1840 die

298 1862 481 1913 postera,
513 1858 605 1900 siue
638 1858 818 1900 recentis
850 1858 1027 1899 uictorie
1048 1871 1243 1899 successu
1266 1858 1414 1911 elatus,
1446 1857 1535 1899 siue
1568 1857 1739 1898 alterius

299 1915 569 1971 adipiscende
610 1915 805 1971 cupidine
857 1930 1085 1967 accensus,
1132 1915 1276 1957 hostes
1322 1916 1557 1957 comminus
1602 1915 1739 1956 aditos

298 1973 473 2029 pristine
500 1973 822 2029 prouocacionis
844 1974 984 2015 uerbis
1015 1974 1223 2015 lacessere
1249 1973 1412 2015 institit.
1444 1973 1739 2014 Fortissimum

298 2045 482 2087 namque
512 2032 730 2073 Danorum
762 2046 786 2073 a
818 2045 862 2073 se
893 2035 1153 2086 prostratum
1192 2036 1333 2084 ratus,
1379 2031 1534 2072 nemini
1573 2031 1740 2072 illorum

299 2103 439 2130 secum
481 2090 656 2130 ulterius
698 2090 1008 2144 prouocacione
1040 2089 1262 2130 dimicandi
1293 2089 1483 2143 spiritum
1515 2102 1738 2143 superesse

298 2147 511 2189 credebat.
581 2146 715 2188 Vnius
756 2161 924 2202 quoque
966 2146 1119 2202 pugilis
1158 2160 1309 2188 occasu
1350 2147 1486 2187 tocius
1524 2160 1569 2188 se
1620 2160 1739 2187 exer-

300 2205 407 2247 citus
440 2205 551 2246 uires
582 2204 864 2247 labefactasse
896 2205 1092 2258 confisus,
1123 2204 1239 2258 nihil,
1274 2203 1326 2245 ad
1354 2217 1458 2258 quos
1480 2204 1739 2258 posteriores

298 2263 363 2304 sui
404 2268 579 2305 conatus
618 2262 900 2316 intenderent,
944 2262 1202 2304 execucione
1242 2261 1409 2303 difficile
1441 2262 1737 2303 arbitrabatur.

298 2319 412 2361 Nihil
455 2321 563 2361 enim
606 2334 806 2362 successu
844 2320 978 2375 magis
1012 2320 1282 2362 insolenciam
1313 2320 1456 2372 nutrit,
1496 2334 1575 2361 nec
1606 2319 1736 2360 ullum

298 2379 581 2433 prosperitate
615 2378 826 2420 efficacius
858 2377 1054 2432 superbie
1086 2377 1406 2420 incitamentum
1441 2381 1516 2419 est.

437 2435 625 2478 Dolebat
654 2437 798 2491 itaque
841 2436 1033 2489 Roricus,
1066 2436 1190 2477 unius
1221 2434 1300 2476 uiri
1330 2434 1567 2490 petulancia
1603 2434 1736 2490 publi-

299 2506 389 2534 cam
421 2493 669 2538 labefactari
700 2495 915 2544 uirtutem,
947 2493 1215 2548 illustresque
1247 2493 1432 2535 uictoriis
1466 2492 1614 2534 Danos
1653 2506 1737 2534 non

297 2550 424 2592 modo
466 2565 491 2605 a
531 2550 744 2606 quondam
786 2551 907 2605 uictis
947 2551 1177 2592 insolenter
1220 2551 1370 2605 excipi,
1414 2564 1561 2592 uerum
1603 2551 1734 2591 eciam

296 2609 575 2663 ignominiose
608 2607 844 2662 contemnit,
874 2613 1069 2664 preterea
1094 2608 1301 2650 neminem
1333 2609 1392 2650 ita
1422 2608 1558 2649 animo
1594 2621 1734 2663 prom-

1772 1284 1882 1313 XXVI
