1884 3126
348 229 402 273 46
931 231 1087 279 -II
1152 255 1198 260 -

347 361 530 412 intuens,
563 374 637 402 sue
663 361 815 416 'pocius
845 360 969 412 fame,
1000 374 1125 416 quam
1155 360 1266 402 illius
1298 360 1489 416 nequicie
1528 359 1786 402 consulebat.

349 417 442 466 Que
474 418 669 460 fraternis
699 418 857 460 meritis
899 418 1000 459 nihil
1045 432 1098 460 ex
1130 418 1317 460 consueti
1350 418 1433 459 odii
1463 418 1694 473 pertinacia
1724 431 1788 459 re-

346 475 529 526 mittens,
561 477 662 517 noui
694 476 829 518 mariti
858 476 1042 517 animum
1075 475 1289 516 occidendi
1321 476 1543 518 Frothonis
1580 489 1788 530 occupan-

349 533 475 588 dique
505 533 728 575 Danorum
773 534 936 588 imperii
969 534 1143 575 consilio
1174 533 1396 588 fatigabat.
1448 533 1641 588 Segniter
1673 534 1783 576 enim

298 605 314 630 5
347 591 542 633 deserere
583 592 690 633 solet
730 593 906 643 animus,
928 590 1146 647 quicquid
1172 592 1307 633 solido
1339 591 1468 633 fuerit
1500 605 1642 634 amore
1674 605 1785 633 com-

347 650 521 704 plexus,
566 664 703 705 neque
736 650 875 691 fluidis
906 650 1025 691 annis
1056 648 1245 690 molitum
1281 650 1478 690 continuo
1513 650 1669 691 crimen
1704 649 1786 690 ela-

350 708 472 749 bitur.
508 707 750 749 Primeuam
768 706 771 763 l
789 708 944 763 quippe
963 711 1149 749 mentem
1165 708 1374 762 posterior
1389 707 1575 748 imitatur
1592 707 1785 749 affeccio:
1814 723 1841 748 p.
1862 717 1884 740 τ’

347 779 427 807 nec
449 765 530 806 cito
554 766 762 807 uiciorum
782 766 964 820 uestigia
995 770 1188 820 pereunt,
1220 779 1301 820 que
1323 771 1468 807 tenera
1489 765 1676 806 moribus
1699 769 1786 806 etas

346 823 617 878 impresserit.
680 823 785 865 Cum
827 837 984 864 uacuas
1024 822 1161 864 mariti
1186 837 1309 865 aures
1339 823 1528 877 haberet,
1561 823 1731 865 insidias
1763 837 1788 863 a

281 894 315 921 10
346 880 477 922 fratre
508 881 549 922 in
581 882 716 922 uirum
750 881 973 934 conuertit,
1005 880 1200 923 mercede
1230 881 1461 933 conductis,
1493 881 1562 936 qui
1592 881 1784 935 iugulum

346 938 590 980 dormientis
623 939 910 981 confoderent.
942 939 1038 987 Qua
1059 938 1110 980 de
1133 953 1179 980 re
1203 938 1373 981 Scottus
1394 953 1470 994 per
1489 938 1786 994 pedissequam

346 997 496 1037 certior
510 996 659 1050 factus,
681 1001 817 1049 nocte,
849 1010 933 1052 qua
954 997 1066 1038 cedis
1089 997 1363 1038 ministerium
1388 997 1495 1038 circa
1516 1011 1560 1038 se
1582 1010 1786 1051 peragen-

345 1054 444 1095 dum
468 1053 482 1108 Η
506 1059 742 1109 acceperat,
759 1055 869 1097 lecto
888 1055 1089 1096 loricatus
1105 1054 1289 1096 incessit.
1320 1054 1514 1108 Rogatus
1532 1054 1583 1095 ab
1599 1053 1783 1106 Vluilda,
1823 1060 1876 1093 (25

346 1112 445 1166 quid
477 1113 535 1153 ita
566 1117 737 1154 assuete
768 1113 918 1168 quietis
959 1126 1082 1154 usum
1123 1112 1259 1154 ferreo
1302 1113 1418 1154 cultu
1459 1116 1686 1162 mutasset,
1728 1112 1786 1153 sic

285 1183 314 1208 15
346 1167 399 1210 ad
442 1183 615 1224 presens
656 1170 735 1211 sibi
777 1170 1008 1212 collibitum
1053 1170 1210 1212 retulit.
1273 1170 1379 1211 Cum
1421 1183 1568 1211 somno
1612 1169 1784 1211 obfusus

345 1231 578 1282 putaretur,
619 1227 897 1283 irrumpentes
922 1227 1167 1269 insidiarum
1199 1227 1411 1270 ministros
1443 1228 1553 1270 lecto
1587 1228 1785 1282 delapsus

345 1287 582 1327 obtruncat.
645 1285 739 1333 Quo
773 1287 926 1340 euenit,
958 1290 1006 1326 ut
1037 1285 1251 1327 Vluildam
1276 1286 1437 1327 insidiis
1467 1285 1584 1327 fratri
1616 1291 1785 1327 necten-

345 1343 406 1384 dis
440 1342 727 1396 abstraheret,
771 1350 812 1386 et
851 1344 940 1385 aliis
984 1358 1165 1385 uxorum
1196 1343 1417 1398 perfidiam
1449 1343 1626 1386 cauendi
1658 1343 1784 1384 docu-

344 1406 534 1443 mentum
567 1401 774 1455 preberet.

275 1471 312 1498 20
483 1458 577 1506 Que
609 1459 707 1500 dum
739 1467 957 1514 geruntur,
995 1459 1223 1500 adoriende
1256 1459 1367 1500 bello
1399 1458 1544 1500 Fresie
1578 1458 1783 1501 Frothoni

344 1517 562 1558 consilium
594 1517 765 1570 indicit,
806 1518 1038 1559 claritatem
1080 1517 1264 1559 Orientis
1305 1516 1540 1558 diuiccione
1581 1517 1784 1571 quesitam

346 1575 590 1616 Occidentis
625 1575 756 1616 oculis
789 1575 1009 1617 infundere
1042 1575 1182 1617 auido.
1226 1575 1446 1617 Oceanum
1469 1575 1628 1629 petenti
1651 1576 1785 1629 prima

343 1633 568 1674 aduersum
600 1631 846 1674 Vitthonem
875 1633 1101 1674 Fresorum
1142 1633 1319 1688 piratam
1347 1633 1585 1687 congressio
1617 1632 1710 1684 fuit,
1742 1632 1783 1673 in

344 1704 425 1746 qua
456 1691 578 1732 sociis
609 1691 764 1746 primos
797 1691 977 1732 hostium
1010 1692 1192 1746 impetus
1223 1690 1311 1732 solo
1343 1690 1583 1745 clypeorum
1618 1691 1783 1731 obiectu

274 1761 311 1787 ‘25
343 1749 555 1804 pacienter
578 1749 774 1804 excipere
796 1749 931 1796 iussis,
964 1763 1046 1790 non
1078 1754 1176 1791 ante
1207 1748 1431 1790 missilibus
1462 1748 1664 1789 utendum
1697 1748 1783 1789 edi-

342 1807 416 1849 xit.
450 1820 572 1861 quam
605 1808 772 1862 penitus
797 1806 1049 1861 hosti<li>um
1075 1807 1309 1848 iaculorum
1329 1806 1504 1848 imbrem
1528 1806 1782 1848 exhaustum

344 1865 626 1906 aduerterent.
680 1864 771 1912 Que
803 1869 922 1906 tanto
954 1880 978 1905 a
1009 1865 1151 1906 Fresis
1185 1863 1350 1905 auidius
1385 1864 1549 1913 emissa,
1583 1867 1740 1918 quanto
1760 1877 1783 1904 a

344 1922 474 1964 Danis
507 1923 768 1964 tolerabilius
800 1927 998 1977 excepta,
1031 1922 1235 1963 Vitthone
1266 1921 1494 1963 Frothonis
1524 1922 1781 1976 pacienciam

345 1994 370 2021 a
410 1981 524 2035 pacis
565 1980 797 2035 cupiditate
837 1980 1069 2036 profectam
1111 1980 1392 2021 existimante.
1454 1979 1596 2021 Oritur
1636 1979 1781 2033 ingens

276 2050 312 2077 30
343 2038 575 2091 classicum,
609 2043 651 2079 et
678 2039 882 2080 immenso
904 2038 990 2093 pila
1011 2037 1190 2079 stridore
1212 2037 1447 2079 dissultant.
1492 2036 1598 2079 Cum
1620 2038 1780 2078 nullum

343 2096 522 2136 incautis
553 2096 735 2137 iaculum
769 2100 1018 2150 superesset,
1061 2096 1279 2137 Danorum
1312 2096 1408 2136 telis
1441 2095 1576 2136 obfusi
1610 2095 1781 2136 uincun-

342 2159 421 2196 tur.
461 2153 585 2208 Fuga
616 2154 734 2194 littus
765 2154 964 2209 amplexi,
996 2154 1105 2195 inter
1135 2154 1349 2194 flexuosos
1371 2153 1576 2194 fossarum
1600 2153 1780 2194 ambitus

344 2212 662 2253 obtruncantur.
721 2211 920 2253 Rhenum
964 2210 1115 2253 deinde
1162 2212 1294 2252 classe
1340 2211 1538 2264 rimatus,
1585 2210 1781 2253 extremis

344 2269 569 2311 Germanie
603 2270 791 2324 partibus
824 2283 972 2311 manus
1005 2269 1154 2310 iniecit.
1217 2268 1415 2323 Repetito
1450 2269 1643 2320 Oceano,
1682 2268 1781 2309 Fre-

275 2338 311 2365 35
342 2340 485 2368 sorum
516 2327 690 2368 classem
721 2327 891 2368 uadosis
933 2327 1133 2368 inflictam
1174 2326 1403 2369 uerticibus
1444 2326 1637 2377 adortus,
1679 2325 1780 2367 cede

340 2384 608 2438 naufragium
641 2385 883 2427 cumulauit.
925 2383 1016 2425 Nec
1047 2389 1185 2425 tantas
1217 2384 1404 2426 hostium
1427 2384 1538 2425 acies
1561 2383 1781 2424 obtriuisse

343 2446 580 2494 contentus,
613 2442 871 2484 Britanniam
914 2446 1062 2484 tentat.
1125 2438 1265 2496 Oulius
1297 2455 1396 2495 rege
1441 2441 1633 2493 deuicto,
1676 2441 1779 2482 Mel·
1810 2454 1884 2487 pse

342 2500 501 2541 bricum
534 2499 717 2542 Scottice
755 2501 940 2554 regionis
983 2499 1216 2555 prefectum
1257 2499 1512 2554 aggreditur.
1575 2498 1652 2540 Cui
1684 2512 1775 2539 cum

343 2558 499 2614 bellum
530 2558 718 2599 illaturus
750 2558 1048 2599 Britannorum
1084 2571 1227 2611 regem
1257 2557 1472 2598 imminere
1504 2571 1556 2598 ex
1587 2557 1778 2611 specula—

261 2628 299 2657 40
341 2620 435 2658 tore
457 2620 694 2670 cognosset,
718 2620 922 2671 tergoque
942 2615 1064 2656 simul
1087 2629 1136 2656 ac
1152 2615 1311 2670 pectori
1333 2615 1552 2657 consulere
1573 2614 1777 2670 nequiret,
