1884 3126
741 230 791 238 -
854 207 920 251 IX
981 234 1033 240 —-
1524 212 1606 254 303

161 335 448 379 frustrabatur
494 337 702 389 assultus,
748 336 946 392 solusque
992 336 1169 380 duarum
1215 339 1364 380 rictum
1404 339 1608 394 pertinaci

161 395 308 451 spiritu
342 395 458 436 uirus
490 394 529 436 in
562 410 607 437 se
638 394 989 449 profundencium
1026 395 1278 452 infatigabili
1311 397 1607 452 congressione

160 452 368 495 sustinuit.
433 452 603 508 Quippe
635 467 802 495 morsus
835 454 1008 509 clypeo,
1041 468 1249 496 uenenum
1282 459 1400 496 ueste
1432 456 1605 510 respuit.

160 511 230 553 Ad
261 510 455 551 ultimum
488 525 714 553 excussum
747 525 873 552 manu
905 511 1037 553 telum
1069 518 1269 555 strennue
1300 513 1605 555 incessencium

115 581 131 608 5
160 584 205 610 se
239 569 457 610 beluarum
491 569 738 625 corporibus
771 569 923 624 adigit,
967 583 1104 624 eoque
1137 571 1355 626 utriusque
1387 572 1608 626 precordia

159 627 370 678 lacerans,
413 626 578 668 felicem
620 641 763 683 pugne
807 633 1008 669 euentum
1054 628 1213 670 habuit.
1276 629 1404 670 Cuius
1450 630 1606 671 cultum

159 700 237 727 rex
269 685 472 726 curiosius
518 685 851 740 contemplatus,
894 700 988 727 cum
1029 686 1185 727 hirtum
1227 692 1356 742 atque
1401 687 1607 742 hispidum

161 743 553 798 animaduertisset,
596 744 796 798 precipue
838 749 981 785 tamen
1012 745 1184 786 occidue
1217 745 1346 785 uestis
1379 745 1608 799 horrorem,

160 802 431 857 maximeque
462 802 719 856 incomptam
756 802 1029 843 braccharum
1052 803 1233 857 speciem
1262 803 1448 855 eludens,
1479 803 1609 845 Loth-

98 873 130 900 10
161 860 267 915 brog
299 873 395 900 eum
426 873 504 915 per
535 859 765 901 ludibrium
796 861 1103 915 agnominauit.
1149 860 1285 909 Quem
1311 861 1455 911 eciam,
1488 866 1533 903 ut
1555 877 1608 903 ex

162 917 378 959 laboribus
411 924 635 970 recrearet,
667 933 759 960 cum
794 919 936 959 amicis
969 918 1239 973 epulaturum
1284 919 1469 960 accersit.
1530 919 1609 960 Ille

161 977 276 1031 prius
323 976 575 1018 reuisendos
623 977 723 1029 sibi,
774 991 879 1032 quos
932 977 1184 1031 reliquerat,
1231 976 1411 1018 arbitros
1457 977 1608 1019 aiebat.

161 1034 474 1089 Profectusque
526 1035 696 1076 eosdem
749 1033 891 1076 future
945 1034 1206 1089 epulacionis
1252 1035 1394 1089 gracia
1440 1035 1609 1077 nitidius

162 1093 298 1134 cultos
345 1092 530 1135 adducit.
611 1093 672 1135 Ac
719 1093 887 1145 demum
935 1098 1106 1147 peracto
1158 1093 1353 1134 conuiuio
1400 1093 1609 1148 prefixum

95 1162 129 1190 15
160 1150 337 1193 uictorie
375 1150 526 1206 pignus
569 1152 745 1206 accepit.
809 1151 873 1192 Ex
908 1164 991 1205 qua
1023 1151 1334 1192 Rathbarthum
1367 1150 1611 1205 Dunwa[r]-

159 1208 445 1264 t[hn]umque‚
457 1209 625 1263 egregie
640 1209 791 1250 indolis
802 1210 991 1264 pignora,
1002 1208 1254 1264 procreauit.
1268 1208 1443 1249 His'dem
1457 1209 1608 1264 Synar-

162 1267 252 1320 dus,
271 1267 467 1318 Biornus,
486 1267 698 1322 Agnerus,
722 1267 960 1322 Iuarusque
982 1273 1132 1308 natura
1153 1267 1303 1307 fratres
1326 1266 1474 1307 adiecti
1498 1271 1607 1309 sunt.

299 1325 468 1367 Interea
500 1325 587 1367 Iuti
630 1339 678 1366 ac
711 1326 857 1376 Scani,
901 1325 1112 1380 insopibili
1145 1324 1364 1366 sedicionis
1396 1324 1486 1365 face
1518 1339 1609 1366 suc-

163 1383 298 1434 censi,
347 1383 551 1438 abrogato
593 1383 784 1438 Regneri
830 1384 977 1435 titulo,
1026 1382 1215 1424 Haraldo
1261 1382 1423 1423 cuidam
1470 1397 1608 1424 rerum

91 1454 129 1481 20
163 1441 435 1482 contribuunt
478 1456 699 1483 summam.
760 1441 1002 1483 Aduersum
1036 1455 1140 1496 quos
1171 1440 1415 1494 Regnerus,
1457 1440 1608 1495 legatis

160 1498 422 1554 Noruagiam
462 1500 622 1552 missis,
665 1514 759 1541 cum
801 1499 937 1541 amica
974 1504 1218 1555 precaretur
1260 1498 1438 1549 auxilia,
1480 1499 1609 1540 Lath-

161 1557 333 1612 gertha,
381 1558 546 1612 pristini
573 1559 748 1599 amoris
793 1558 1076 1613 pertinaciore
1112 1558 1117 1607 Ι
1155 1556 1309 1597 haustu
1356 1556 1607 1608 exuberans,

161 1628 254 1656 curn
277 1615 380 1657 vuiro
405 1629 454 1657 ac
477 1616 562 1657 filio
596 1616 918 1670 nauigacionem
953 1616 1140 1670 arripuit.
1185 1614 1365 1656 Centum
1389 1628 1436 1654 ac
1459 1615 1607 1668 uiginti

161 1673 333 1714 nauium
366 1674 543 1715 classem
575 1673 636 1725 ei,
669 1688 692 1714 a
724 1688 807 1729 quo
842 1674 939 1716 olim
972 1673 1152 1729 repudio
1186 1678 1278 1713 acta
1308 1672 1458 1725 fuerat,
1493 1672 1609 1713 exhi-

91 1743 128 1771 25
161 1731 261 1773 bere
291 1732 502 1773 sustinuit.
566 1732 647 1780 Qui
688 1733 818 1773 eciam
861 1733 1058 1773 uniuerse
1090 1732 1181 1785 opis
1213 1744 1393 1785 egenum
1426 1744 1469 1771 se
1503 1730 1606 1771 iudi-

161 1803 272 1842 cans,
306 1789 362 1831 ab
384 1790 496 1831 omni
519 1795 631 1832 etate
654 1790 884 1846 presidium
918 1790 1101 1832 mutuari
1135 1789 1307 1840 curauit,
1341 1788 1607 1842 robustisque

160 1847 390 1889 imbecilles
420 1849 730 1904 agglomerans,
762 1848 940 1890 forcium
963 1848 1105 1889 cuneis
1128 1860 1273 1888 senum
1297 1859 1608 1900 puerorumque

162 1911 301 1961 partes
342 1906 527 1948 inserere
575 1920 660 1948 non
705 1906 886 1949 erubuit.
948 1906 1085 1960 Igitur
1125 1904 1236 1960 apud
1279 1918 1494 1959 campum,
1535 1903 1607 1958 qui

162 1964 382 2005 Latialiter
404 1963 575 2007 Laneus
609 1965 772 2017 dicitur,
805 1964 843 2006 in
878 1964 1022 2020 primis
1052 1963 1286 2005 Scanorum
1316 1976 1382 2003 res
1415 1962 1607 2003 obterere

94 2034 132 2061 30
165 2034 305 2071 orsus,
349 2035 480 2076 graue
521 2037 615 2064 cum
656 2022 849 2065 facciosis
895 2022 1051 2063 bellum
1096 2021 1255 2062 habuit.
1316 2018 1399 2060 Vbi
1441 2019 1605 2071 Iuarus,

163 2079 388 2134 septimum
419 2094 549 2135 agens
582 2095 759 2132 annum,
806 2080 956 2134 insigni
989 2093 1132 2134 pugna
1166 2078 1296 2128 edita,
1338 2077 1485 2132 puerili
1520 2091 1606 2118 cor-

161 2151 265 2193 pore
286 2138 548 2192 granden-um
571 2139 700 2181 robur
732 2139 935 2180 exercuit.
980 2137 1197 2193 Syuardus
1225 2149 1343 2185 uero,
1375 2135 1473 2176 dum
1497 2135 1608 2176 hosti

162 2195 247 2236 uim
278 2196 458 2237 aduerso
492 2211 668 2252 corpore
699 2196 867 2251 ingerit,
899 2195 1014 2237 humi
1047 2195 1255 2249 collapsus
1287 2208 1420 2250 prono
1453 2193 1604 2233 uulnus

163 2254 343 2308 excepit.
386 2253 479 2302 Que
509 2269 574 2297 res
604 2255 941 2309 inspectantibus
973 2253 1095 2294 sociis
1127 2253 1416 2307 grauissimam
1451 2251 1607 2291 circun-

95 2321 132 2349 35
162 2311 378 2366 spiciende
411 2310 514 2367 fuge
546 2312 875 2354 sollicitudinem
907 2312 1061 2364 attulit,
1096 2324 1171 2351 nec
1198 2309 1432 2365 Synardum
1465 2308 1606 2359 modo,

163 2369 238 2411 sed
273 2374 315 2411 et
347 2371 487 2412 omnia
517 2370 606 2412 fere
636 2370 873 2426 Regnerice
904 2370 1034 2425 partis
1066 2382 1182 2410 arma
1224 2367 1383 2409 deiecit.
1446 2365 1606 2406 Verum

163 2427 275 2469 hunc
313 2428 589 2470 attonitarum
632 2428 839 2470 mencium
886 2428 1049 2482 lapsum
1082 2426 1305 2480 Regnerus
1335 2425 1445 2466 uirili
1478 2437 1607 2478 opera

165 2485 420 2542 hortatuque
450 2485 645 2540 firmauit,
677 2490 932 2541 paratosque
964 2484 1074 2526 uinci
1106 2484 1321 2525 uictoriam
1348 2482 1484 2524 conari
1515 2494 1607 2537 per-

163 2543 283 2597 pulit.
326 2543 588 2598 Lathgertha
620 2558 801 2599 quoque,
834 2543 990 2584 teneris
1018 2542 1212 2582 membris
1234 2540 1606 2594 incomparabilem

96 2612 132 2643 40
163 2601 309 2643 sortita
339 2602 564 2657 spirisstum,
596 2601 844 2658 trepidantis
875 2600 1027 2641 milicie
1058 2599 1242 2642 studium
1272 2599 1463 2653 specioso
1485 2596 1600 2639 forti-

1663 1571 1692 1595 μ.
1711 1563 1760 1587 415

1672 2605 1763 2635 xma
