<?xml version="1.0" encoding="UTF-8"?>
<!DOCTYPE html PUBLIC "-//W3C//DTD XHTML 1.0 Transitional//EN"
    "http://www.w3.org/TR/xhtml1/DTD/xhtml1-transitional.dtd">
<html xmlns="http://www.w3.org/1999/xhtml" xml:lang="en" lang="en">
 <head>
  <title>
</title>
<meta http-equiv="Content-Type" content="text/html;charset=utf-8" />
  <meta name='ocr-system' content='tesseract 3.04.00' />
  <meta name='ocr-capabilities' content='ocr_page ocr_carea ocr_par ocr_line ocrx_word'/>
</head>
<body>
  <div class='ocr_page' id='page_1' title='image "./saxonisgrammatic00saxouoft_0612.png"; bbox 0 0 1884 3126; ppageno 0'>
   <div class='ocr_carea' id='block_1_1' title="bbox 225 890 261 917">
    <p class='ocr_par' dir='ltr' id='par_1_1' title="bbox 225 890 261 917">
     <span class='ocr_line' id='line_1_1' title="bbox 225 890 261 917; baseline 0 0"><span class='ocrx_word' id='word_1_1' title='bbox 225 890 261 917; x_wconf 82' lang='lat'>10</span> 
     </span>
    </p>
   </div>
   <div class='ocr_carea' id='block_1_2' title="bbox 226 1179 262 1206">
    <p class='ocr_par' dir='ltr' id='par_1_2' title="bbox 226 1179 262 1206">
     <span class='ocr_line' id='line_1_2' title="bbox 226 1179 262 1206; baseline 0 0"><span class='ocrx_word' id='word_1_2' title='bbox 226 1179 262 1206; x_wconf 85' lang='lat'>15</span> 
     </span>
    </p>
   </div>
   <div class='ocr_carea' id='block_1_3' title="bbox 225 1469 262 1496">
    <p class='ocr_par' dir='ltr' id='par_1_3' title="bbox 225 1469 262 1496">
     <span class='ocr_line' id='line_1_3' title="bbox 225 1469 262 1496; baseline 0.027 -1"><span class='ocrx_word' id='word_1_3' title='bbox 225 1469 262 1496; x_wconf 77' lang='lat'>‘20</span> 
     </span>
    </p>
   </div>
   <div class='ocr_carea' id='block_1_4' title="bbox 224 1759 262 1786">
    <p class='ocr_par' dir='ltr' id='par_1_4' title="bbox 224 1759 262 1786">
     <span class='ocr_line' id='line_1_4' title="bbox 224 1759 262 1786; baseline 0 0"><span class='ocrx_word' id='word_1_4' title='bbox 224 1759 262 1786; x_wconf 68' lang='lat'>¹25</span> 
     </span>
    </p>
   </div>
   <div class='ocr_carea' id='block_1_5' title="bbox 226 2048 263 2074">
    <p class='ocr_par' dir='ltr' id='par_1_5' title="bbox 226 2048 263 2074">
     <span class='ocr_line' id='line_1_5' title="bbox 226 2048 263 2074; baseline 0 0"><span class='ocrx_word' id='word_1_5' title='bbox 226 2048 263 2074; x_wconf 78' lang='lat'>30</span> 
     </span>
    </p>
   </div>
   <div class='ocr_carea' id='block_1_6' title="bbox 228 2337 264 2364">
    <p class='ocr_par' dir='ltr' id='par_1_6' title="bbox 228 2337 264 2364">
     <span class='ocr_line' id='line_1_6' title="bbox 228 2337 264 2364; baseline 0 0"><span class='ocrx_word' id='word_1_6' title='bbox 228 2337 264 2364; x_wconf 78' lang='lat'>35</span> 
     </span>
    </p>
   </div>
   <div class='ocr_carea' id='block_1_7' title="bbox 232 2623 267 2650">
    <p class='ocr_par' dir='ltr' id='par_1_7' title="bbox 232 2623 267 2650">
     <span class='ocr_line' id='line_1_7' title="bbox 232 2623 267 2650; baseline 0.029 -1"><span class='ocrx_word' id='word_1_7' title='bbox 232 2623 267 2650; x_wconf 81' lang='lat'>40</span> 
     </span>
    </p>
   </div>
   <div class='ocr_carea' id='block_1_8' title="bbox 291 226 1190 275">
    <p class='ocr_par' dir='ltr' id='par_1_8' title="bbox 291 226 1190 275">
     <span class='ocr_line' id='line_1_8' title="bbox 291 226 1190 275; baseline -0.01 0"><span class='ocrx_word' id='word_1_8' title='bbox 291 234 374 275; x_wconf 86' lang='lat'>518</span> <span class='ocrx_word' id='word_1_9' title='bbox 827 255 879 261; x_wconf 92' lang='lat'>—</span> <span class='ocrx_word' id='word_1_10' title='bbox 941 226 1077 268; x_wconf 88' lang='lat' dir='ltr'>XIIII</span> <span class='ocrx_word' id='word_1_11' title='bbox 1136 252 1190 258; x_wconf 88' lang='lat'>—</span> 
     </span>
    </p>
   </div>
   <div class='ocr_carea' id='block_1_9' title="bbox 291 355 1737 2674">
    <p class='ocr_par' dir='ltr' id='par_1_9' title="bbox 291 355 1737 2674">
     <span class='ocr_line' id='line_1_9' title="bbox 293 355 1727 414; baseline -0.006 -11"><span class='ocrx_word' id='word_1_12' title='bbox 293 362 459 402; x_wconf 89' lang='lat' dir='ltr'>cionem</span> <span class='ocrx_word' id='word_1_13' title='bbox 491 357 714 414; x_wconf 78' lang='lat' dir='ltr'>expcndit3</span> <span class='ocrx_word' id='word_1_14' title='bbox 749 372 801 398; x_wconf 87' lang='lat' dir='ltr'>ex</span> <span class='ocrx_word' id='word_1_15' title='bbox 832 355 978 397; x_wconf 87' lang='lat' dir='ltr'>iisdem</span> <span class='ocrx_word' id='word_1_16' title='bbox 1009 355 1094 397; x_wconf 89' lang='lat' dir='ltr'>duo</span> <span class='ocrx_word' id='word_1_17' title='bbox 1126 355 1276 396; x_wconf 91' lang='lat' dir='ltr'>leuiori</span> <span class='ocrx_word' id='word_1_18' title='bbox 1307 368 1408 395; x_wconf 90' lang='lat' dir='ltr'>cura</span> <span class='ocrx_word' id='word_1_19' title='bbox 1430 355 1727 409; x_wconf 88' lang='lat' dir='ltr'>complectens,</span> 
     </span>
     <span class='ocr_line' id='line_1_10' title="bbox 292 412 1729 472; baseline -0.006 -11"><span class='ocrx_word' id='word_1_20' title='bbox 292 418 412 461; x_wconf 87' lang='lat' dir='ltr'>tercii</span> <span class='ocrx_word' id='word_1_21' title='bbox 453 431 527 472; x_wconf 91' lang='lat' dir='ltr'>pre</span> <span class='ocrx_word' id='word_1_22' title='bbox 573 417 722 458; x_wconf 87' lang='lat' dir='ltr'>ceteris</span> <span class='ocrx_word' id='word_1_23' title='bbox 767 415 958 456; x_wconf 88' lang='lat' dir='ltr'>habitum</span> <span class='ocrx_word' id='word_1_24' title='bbox 996 413 1196 456; x_wconf 88' lang='lat' dir='ltr'>intuetur.</span> <span class='ocrx_word' id='word_1_25' title='bbox 1267 412 1481 467; x_wconf 81' lang='lat' dir='ltr'>Siquidem</span> <span class='ocrx_word' id='word_1_26' title='bbox 1527 412 1729 467; x_wconf 86' lang='lat' dir='ltr'>preterita</span> 
     </span>
     <span class='ocr_line' id='line_1_11' title="bbox 293 469 1726 527; baseline -0.004 -11"><span class='ocrx_word' id='word_1_27' title='bbox 293 475 493 526; x_wconf 80' lang='lat' dir='ltr'>meminit,</span> <span class='ocrx_word' id='word_1_28' title='bbox 526 474 668 514; x_wconf 90' lang='lat' dir='ltr'>futura</span> <span class='ocrx_word' id='word_1_29' title='bbox 700 472 916 527; x_wconf 75' lang='lat' dir='ltr'>prospicit,</span> <span class='ocrx_word' id='word_1_30' title='bbox 946 472 1162 527; x_wconf 77' lang='lat' dir='ltr'>presencia</span> <span class='ocrx_word' id='word_1_31' title='bbox 1195 471 1365 524; x_wconf 80' lang='lat' dir='ltr'>colligit.</span> <span class='ocrx_word' id='word_1_32' title='bbox 1414 469 1601 511; x_wconf 78' lang='lat' dir='ltr'>Stolidus</span> <span class='ocrx_word' id='word_1_33' title='bbox 1623 483 1726 511; x_wconf 90' lang='lat' dir='ltr'>uero</span> 
     </span>
     <span class='ocr_line' id='line_1_12' title="bbox 293 526 1729 587; baseline -0.005 -13"><span class='ocrx_word' id='word_1_34' title='bbox 293 534 399 574; x_wconf 90' lang='lat' dir='ltr'>inter</span> <span class='ocrx_word' id='word_1_35' title='bbox 445 546 562 587; x_wconf 88' lang='lat' dir='ltr'>spem</span> <span class='ocrx_word' id='word_1_36' title='bbox 610 531 739 572; x_wconf 84' lang='lat' dir='ltr'>futuri</span> <span class='ocrx_word' id='word_1_37' title='bbox 780 530 1110 584; x_wconf 85' lang='lat' dir='ltr'>memoriamque</span> <span class='ocrx_word' id='word_1_38' title='bbox 1154 529 1344 583; x_wconf 87' lang='lat' dir='ltr'>preteriti</span> <span class='ocrx_word' id='word_1_39' title='bbox 1375 528 1637 583; x_wconf 79' lang='lat' dir='ltr'>presencium</span> <span class='ocrx_word' id='word_1_40' title='bbox 1669 526 1729 568; x_wconf 87' lang='lat' dir='ltr'>fa-</span> 
     </span>
     <span class='ocr_line' id='line_1_13' title="bbox 293 586 1730 642; baseline -0.004 -10"><span class='ocrx_word' id='word_1_41' title='bbox 293 591 491 632; x_wconf 84' lang='lat' dir='ltr'>cultatem</span> <span class='ocrx_word' id='word_1_42' title='bbox 525 590 719 631; x_wconf 85' lang='lat' dir='ltr'>omittere</span> <span class='ocrx_word' id='word_1_43' title='bbox 763 593 817 641; x_wconf 91' lang='lat' dir='ltr'>et,</span> <span class='ocrx_word' id='word_1_44' title='bbox 862 587 976 642; x_wconf 89' lang='lat' dir='ltr'>quod</span> <span class='ocrx_word' id='word_1_45' title='bbox 1008 588 1049 629; x_wconf 91' lang='lat' dir='ltr'>in</span> <span class='ocrx_word' id='word_1_46' title='bbox 1081 586 1273 628; x_wconf 88' lang='lat' dir='ltr'>manibus</span> <span class='ocrx_word' id='word_1_47' title='bbox 1316 587 1488 636; x_wconf 81' lang='lat' dir='ltr'>retinet,</span> <span class='ocrx_word' id='word_1_48' title='bbox 1529 589 1730 627; x_wconf 81' lang='lat' dir='ltr'>excutere</span> 
     </span>
     <span class='ocr_line' id='line_1_14' title="bbox 294 642 1730 702; baseline -0.003 -13"><span class='ocrx_word' id='word_1_49' title='bbox 294 647 526 690; x_wconf 89' lang='lat' dir='ltr'>consueuit.</span> <span class='ocrx_word' id='word_1_50' title='bbox 591 646 684 694; x_wconf 81' lang='lat' dir='ltr'>Quo</span> <span class='ocrx_word' id='word_1_51' title='bbox 716 650 841 702; x_wconf 89' lang='lat' dir='ltr'>pacto</span> <span class='ocrx_word' id='word_1_52' title='bbox 874 650 920 686; x_wconf 91' lang='lat' dir='ltr'>tu</span> <span class='ocrx_word' id='word_1_53' title='bbox 955 660 1139 701; x_wconf 88' lang='lat' dir='ltr'>quoque,</span> <span class='ocrx_word' id='word_1_54' title='bbox 1172 644 1408 686; x_wconf 88' lang='lat' dir='ltr'>uanissimis</span> <span class='ocrx_word' id='word_1_55' title='bbox 1439 642 1730 686; x_wconf 82' lang='lat' dir='ltr'>sollicitudinis</span> 
     </span>
     <span class='ocr_line' id='line_1_15' title="bbox 293 701 1730 760; baseline -0.005 -13"><span class='ocrx_word' id='word_1_56' title='bbox 293 705 545 759; x_wconf 77' lang='lat' dir='ltr'>ambagibus</span> <span class='ocrx_word' id='word_1_57' title='bbox 577 704 836 760; x_wconf 80' lang='lat' dir='ltr'>implicatus,</span> <span class='ocrx_word' id='word_1_58' title='bbox 870 703 975 745; x_wconf 89' lang='lat' dir='ltr'>adeo</span> <span class='ocrx_word' id='word_1_59' title='bbox 1009 704 1257 759; x_wconf 89' lang='lat' dir='ltr'>scrupulosa</span> <span class='ocrx_word' id='word_1_60' title='bbox 1295 716 1393 743; x_wconf 92' lang='lat' dir='ltr'>cura</span> <span class='ocrx_word' id='word_1_61' title='bbox 1433 701 1730 757; x_wconf 89' lang='lat' dir='ltr'>preteritorum</span> 
     </span>
     <span class='ocr_line' id='line_1_16' title="bbox 293 759 1730 817; baseline -0.003 -13"><span class='ocrx_word' id='word_1_62' title='bbox 293 763 496 817; x_wconf 82' lang='lat' dir='ltr'>imagines</span> <span class='ocrx_word' id='word_1_63' title='bbox 541 762 692 804; x_wconf 84' lang='lat' dir='ltr'>recolis</span> <span class='ocrx_word' id='word_1_64' title='bbox 732 762 984 817; x_wconf 86' lang='lat' dir='ltr'>futurosque</span> <span class='ocrx_word' id='word_1_65' title='bbox 1026 761 1237 802; x_wconf 87' lang='lat' dir='ltr'>meditaris</span> <span class='ocrx_word' id='word_1_66' title='bbox 1269 765 1470 812; x_wconf 86' lang='lat' dir='ltr'>euentus,</span> <span class='ocrx_word' id='word_1_67' title='bbox 1501 763 1549 801; x_wconf 87' lang='lat' dir='ltr'>ut</span> <span class='ocrx_word' id='word_1_68' title='bbox 1580 759 1632 800; x_wconf 87' lang='lat' dir='ltr'>ad</span> <span class='ocrx_word' id='word_1_69' title='bbox 1666 772 1730 811; x_wconf 88' lang='lat' dir='ltr'>ea,</span> 
     </span>
     <span class='ocr_line' id='line_1_17' title="bbox 294 817 1731 876; baseline -0.004 -14"><span class='ocrx_word' id='word_1_70' title='bbox 294 835 374 876; x_wconf 91' lang='lat' dir='ltr'>que</span> <span class='ocrx_word' id='word_1_71' title='bbox 406 834 480 875; x_wconf 88' lang='lat' dir='ltr'>pre</span> <span class='ocrx_word' id='word_1_72' title='bbox 512 820 705 861; x_wconf 90' lang='lat' dir='ltr'>manibus</span> <span class='ocrx_word' id='word_1_73' title='bbox 738 820 817 860; x_wconf 87' lang='lat' dir='ltr'>sita</span> <span class='ocrx_word' id='word_1_74' title='bbox 851 824 949 861; x_wconf 91' lang='lat' dir='ltr'>sunt</span> <span class='ocrx_word' id='word_1_75' title='bbox 980 825 1023 861; x_wconf 90' lang='lat' dir='ltr'>et</span> <span class='ocrx_word' id='word_1_76' title='bbox 1056 819 1185 860; x_wconf 89' lang='lat' dir='ltr'>oculis</span> <span class='ocrx_word' id='word_1_77' title='bbox 1219 817 1511 869; x_wconf 90' lang='lat' dir='ltr'>obuersantur,</span> <span class='ocrx_word' id='word_1_78' title='bbox 1544 818 1731 872; x_wconf 87' lang='lat' dir='ltr'>aspicere</span> 
     </span>
     <span class='ocr_line' id='line_1_18' title="bbox 291 875 1731 934; baseline -0.002 -15"><span class='ocrx_word' id='word_1_79' title='bbox 291 892 488 934; x_wconf 83' lang='lat' dir='ltr'>nequeas.</span> <span class='ocrx_word' id='word_1_80' title='bbox 550 878 742 933; x_wconf 78' lang='lat' dir='ltr'>Quippe,</span> <span class='ocrx_word' id='word_1_81' title='bbox 786 877 884 918; x_wconf 79' lang='lat' dir='ltr'>&lt;lum</span> <span class='ocrx_word' id='word_1_82' title='bbox 916 877 1064 932; x_wconf 89' lang='lat' dir='ltr'>prioris</span> <span class='ocrx_word' id='word_1_83' title='bbox 1107 877 1172 918; x_wconf 87' lang='lat' dir='ltr'>eui</span> <span class='ocrx_word' id='word_1_84' title='bbox 1219 875 1505 918; x_wconf 88' lang='lat' dir='ltr'>recordacioni</span> <span class='ocrx_word' id='word_1_85' title='bbox 1545 877 1731 918; x_wconf 89' lang='lat' dir='ltr'>animum</span> 
     </span>
     <span class='ocr_line' id='line_1_19' title="bbox 293 934 1731 990; baseline -0.001 -13"><span class='ocrx_word' id='word_1_86' title='bbox 293 937 455 990; x_wconf 88' lang='lat' dir='ltr'>inseris,</span> <span class='ocrx_word' id='word_1_87' title='bbox 486 936 697 978; x_wconf 78' lang='lat' dir='ltr'>felicitatis</span> <span class='ocrx_word' id='word_1_88' title='bbox 731 936 818 977; x_wconf 91' lang='lat' dir='ltr'>eius</span> <span class='ocrx_word' id='word_1_89' title='bbox 851 936 1045 990; x_wconf 81' lang='lat' dir='ltr'>exemplo</span> <span class='ocrx_word' id='word_1_90' title='bbox 1069 934 1211 976; x_wconf 81' lang='lat' dir='ltr'>futura</span> <span class='ocrx_word' id='word_1_91' title='bbox 1240 934 1412 985; x_wconf 85' lang='lat' dir='ltr'>metiris,</span> <span class='ocrx_word' id='word_1_92' title='bbox 1443 938 1583 989; x_wconf 87' lang='lat' dir='ltr'>teque,</span> <span class='ocrx_word' id='word_1_93' title='bbox 1614 948 1731 990; x_wconf 91' lang='lat' dir='ltr'>spem</span> 
     </span>
     <span class='ocr_line' id='line_1_20' title="bbox 296 992 1730 1048; baseline -0.003 -12"><span class='ocrx_word' id='word_1_94' title='bbox 296 1009 350 1036; x_wconf 87' lang='lat' dir='ltr'>ex</span> <span class='ocrx_word' id='word_1_95' title='bbox 381 995 585 1036; x_wconf 88' lang='lat' dir='ltr'>memoria</span> <span class='ocrx_word' id='word_1_96' title='bbox 624 994 845 1048; x_wconf 83' lang='lat' dir='ltr'>adeptum,</span> <span class='ocrx_word' id='word_1_97' title='bbox 888 993 986 1048; x_wconf 88' lang='lat' dir='ltr'>quid</span> <span class='ocrx_word' id='word_1_98' title='bbox 1027 994 1187 1034; x_wconf 87' lang='lat' dir='ltr'>instans</span> <span class='ocrx_word' id='word_1_99' title='bbox 1230 997 1319 1034; x_wconf 86' lang='lat' dir='ltr'>etas</span> <span class='ocrx_word' id='word_1_100' title='bbox 1355 992 1514 1037; x_wconf 79' lang='lat' dir='ltr'>afferat.</span> <span class='ocrx_word' id='word_1_101' title='bbox 1545 992 1730 1047; x_wconf 89' lang='lat' dir='ltr'>preterit.</span> 
     </span>
     <span class='ocr_line' id='line_1_21' title="bbox 294 1050 1732 1106; baseline -0.001 -13"><span class='ocrx_word' id='word_1_102' title='bbox 294 1052 476 1105; x_wconf 83' lang='lat' dir='ltr'>Fateor,</span> <span class='ocrx_word' id='word_1_103' title='bbox 525 1052 623 1092; x_wconf 90' lang='lat' dir='ltr'>olim</span> <span class='ocrx_word' id='word_1_104' title='bbox 670 1051 816 1093; x_wconf 88' lang='lat' dir='ltr'>Danos</span> <span class='ocrx_word' id='word_1_105' title='bbox 859 1055 987 1106; x_wconf 87' lang='lat' dir='ltr'>gente</span> <span class='ocrx_word' id='word_1_106' title='bbox 1033 1054 1176 1092; x_wconf 89' lang='lat' dir='ltr'>nostra</span> <span class='ocrx_word' id='word_1_107' title='bbox 1223 1051 1399 1106; x_wconf 79' lang='lat' dir='ltr'>potit0s3</span> <span class='ocrx_word' id='word_1_108' title='bbox 1447 1050 1518 1092; x_wconf 88' lang='lat' dir='ltr'>sed</span> <span class='ocrx_word' id='word_1_109' title='bbox 1558 1064 1732 1105; x_wconf 83' lang='lat' dir='ltr'>presens</span> 
     </span>
     <span class='ocr_line' id='line_1_22' title="bbox 294 1108 1730 1163; baseline -0.001 -12"><span class='ocrx_word' id='word_1_110' title='bbox 294 1110 462 1152; x_wconf 87' lang='lat' dir='ltr'>fortune</span> <span class='ocrx_word' id='word_1_111' title='bbox 496 1109 730 1163; x_wconf 81' lang='lat' dir='ltr'>benignitas</span> <span class='ocrx_word' id='word_1_112' title='bbox 761 1108 911 1151; x_wconf 89' lang='lat' dir='ltr'>iisdem</span> <span class='ocrx_word' id='word_1_113' title='bbox 942 1123 1054 1150; x_wconf 89' lang='lat' dir='ltr'>nunc</span> <span class='ocrx_word' id='word_1_114' title='bbox 1078 1108 1235 1150; x_wconf 88' lang='lat' dir='ltr'>fauoris</span> <span class='ocrx_word' id='word_1_115' title='bbox 1258 1109 1558 1150; x_wconf 83' lang='lat' dir='ltr'>blandimentis</span> <span class='ocrx_word' id='word_1_116' title='bbox 1588 1112 1730 1163; x_wconf 88' lang='lat' dir='ltr'>partes</span> 
     </span>
     <span class='ocr_line' id='line_1_23' title="bbox 293 1166 1733 1223; baseline -0.001 -14"><span class='ocrx_word' id='word_1_117' title='bbox 293 1172 459 1209; x_wconf 84' lang='lat' dir='ltr'>nostras</span> <span class='ocrx_word' id='word_1_118' title='bbox 490 1168 777 1223; x_wconf 82' lang='lat' dir='ltr'>prosequitur,</span> <span class='ocrx_word' id='word_1_119' title='bbox 809 1166 959 1222; x_wconf 91' lang='lat' dir='ltr'>quibus</span> <span class='ocrx_word' id='word_1_120' title='bbox 986 1166 1197 1222; x_wconf 88' lang='lat' dir='ltr'>quondam</span> <span class='ocrx_word' id='word_1_121' title='bbox 1220 1170 1383 1208; x_wconf 87' lang='lat' dir='ltr'>uestras</span> <span class='ocrx_word' id='word_1_122' title='bbox 1407 1166 1603 1209; x_wconf 81' lang='lat' dir='ltr'>excolere</span> <span class='ocrx_word' id='word_1_123' title='bbox 1634 1180 1733 1208; x_wconf 92' lang='lat' dir='ltr'>con-</span> 
     </span>
     <span class='ocr_line' id='line_1_24' title="bbox 295 1224 1732 1280; baseline -0.001 -13"><span class='ocrx_word' id='word_1_124' title='bbox 295 1229 516 1279; x_wconf 83' lang='lat' dir='ltr'>sueuerat,</span> <span class='ocrx_word' id='word_1_125' title='bbox 559 1230 799 1280; x_wconf 82' lang='lat' dir='ltr'>sortemque</span> <span class='ocrx_word' id='word_1_126' title='bbox 838 1230 1027 1267; x_wconf 87' lang='lat' dir='ltr'>nostram</span> <span class='ocrx_word' id='word_1_127' title='bbox 1060 1225 1112 1265; x_wconf 90' lang='lat' dir='ltr'>ad</span> <span class='ocrx_word' id='word_1_128' title='bbox 1144 1224 1253 1267; x_wconf 91' lang='lat' dir='ltr'>hanc</span> <span class='ocrx_word' id='word_1_129' title='bbox 1283 1224 1493 1265; x_wconf 84' lang='lat' dir='ltr'>felicitatis</span> <span class='ocrx_word' id='word_1_130' title='bbox 1525 1238 1732 1265; x_wconf 86' lang='lat' dir='ltr'>summam</span> 
     </span>
     <span class='ocr_line' id='line_1_25' title="bbox 294 1282 1731 1339; baseline -0.001 -14"><span class='ocrx_word' id='word_1_131' title='bbox 294 1283 517 1339; x_wconf 83' lang='lat' dir='ltr'>perduxit,</span> <span class='ocrx_word' id='word_1_132' title='bbox 569 1298 694 1338; x_wconf 89' lang='lat' dir='ltr'>quam</span> <span class='ocrx_word' id='word_1_133' title='bbox 739 1286 880 1325; x_wconf 89' lang='lat' dir='ltr'>uestre</span> <span class='ocrx_word' id='word_1_134' title='bbox 926 1283 1177 1338; x_wconf 84' lang='lat' dir='ltr'>quandoque</span> <span class='ocrx_word' id='word_1_135' title='bbox 1222 1283 1283 1323; x_wconf 92' lang='lat' dir='ltr'>rei</span> <span class='ocrx_word' id='word_1_136' title='bbox 1334 1286 1469 1324; x_wconf 87' lang='lat' dir='ltr'>status</span> <span class='ocrx_word' id='word_1_137' title='bbox 1521 1282 1731 1337; x_wconf 84' lang='lat' dir='ltr'>attigerat.</span> 
     </span>
     <span class='ocr_line' id='line_1_26' title="bbox 296 1341 1733 1396; baseline -0.001 -14"><span class='ocrx_word' id='word_1_138' title='bbox 296 1342 487 1396; x_wconf 86' lang='lat' dir='ltr'>Quippe,</span> <span class='ocrx_word' id='word_1_139' title='bbox 534 1345 692 1396; x_wconf 89' lang='lat' dir='ltr'>quanto</span> <span class='ocrx_word' id='word_1_140' title='bbox 740 1341 860 1382; x_wconf 86' lang='lat' dir='ltr'>uobis</span> <span class='ocrx_word' id='word_1_141' title='bbox 903 1341 1124 1382; x_wconf 87' lang='lat' dir='ltr'>inferiores</span> <span class='ocrx_word' id='word_1_142' title='bbox 1172 1341 1411 1384; x_wconf 84' lang='lat' dir='ltr'>extitimus.</span> <span class='ocrx_word' id='word_1_143' title='bbox 1459 1344 1576 1382; x_wconf 90' lang='lat' dir='ltr'>tanto</span> <span class='ocrx_word' id='word_1_144' title='bbox 1621 1355 1733 1382; x_wconf 88' lang='lat' dir='ltr'>nunc</span> 
     </span>
     <span class='ocr_line' id='line_1_27' title="bbox 294 1398 1732 1454; baseline -0.001 -13"><span class='ocrx_word' id='word_1_145' title='bbox 294 1400 456 1441; x_wconf 90' lang='lat' dir='ltr'>uiribus</span> <span class='ocrx_word' id='word_1_146' title='bbox 479 1412 760 1454; x_wconf 89' lang='lat' dir='ltr'>successuque</span> <span class='ocrx_word' id='word_1_147' title='bbox 781 1404 1036 1454; x_wconf 81' lang='lat' dir='ltr'>prestamus,</span> <span class='ocrx_word' id='word_1_148' title='bbox 1069 1413 1133 1450; x_wconf 92' lang='lat' dir='ltr'>eo,</span> <span class='ocrx_word' id='word_1_149' title='bbox 1165 1413 1305 1441; x_wconf 91' lang='lat' dir='ltr'>rerum</span> <span class='ocrx_word' id='word_1_150' title='bbox 1327 1399 1496 1439; x_wconf 88' lang='lat' dir='ltr'>fortuna</span> <span class='ocrx_word' id='word_1_151' title='bbox 1519 1398 1732 1451; x_wconf 87' lang='lat' dir='ltr'>ductante,</span> 
     </span>
     <span class='ocr_line' id='line_1_28' title="bbox 292 1457 1733 1513; baseline 0 -16"><span class='ocrx_word' id='word_1_152' title='bbox 292 1457 515 1513; x_wconf 85' lang='lat' dir='ltr'>progressi,</span> <span class='ocrx_word' id='word_1_153' title='bbox 548 1471 631 1513; x_wconf 92' lang='lat' dir='ltr'>quo</span> <span class='ocrx_word' id='word_1_154' title='bbox 665 1457 827 1499; x_wconf 84' lang='lat' dir='ltr'>Danice</span> <span class='ocrx_word' id='word_1_155' title='bbox 859 1457 1068 1511; x_wconf 90' lang='lat' dir='ltr'>quondam</span> <span class='ocrx_word' id='word_1_156' title='bbox 1101 1458 1395 1512; x_wconf 78' lang='lat' dir='ltr'>prosperitatis</span> <span class='ocrx_word' id='word_1_157' title='bbox 1426 1457 1733 1498; x_wconf 83' lang='lat' dir='ltr'>incrementum</span> 
     </span>
     <span class='ocr_line' id='line_1_29' title="bbox 295 1514 1734 1566; baseline -0.001 -10"><span class='ocrx_word' id='word_1_158' title='bbox 295 1518 551 1557; x_wconf 83' lang='lat' dir='ltr'>excesserat.</span> <span class='ocrx_word' id='word_1_159' title='bbox 622 1515 680 1556; x_wconf 91' lang='lat' dir='ltr'>At</span> <span class='ocrx_word' id='word_1_160' title='bbox 722 1514 823 1556; x_wconf 85' lang='lat' dir='ltr'>dum</span> <span class='ocrx_word' id='word_1_161' title='bbox 865 1520 1025 1556; x_wconf 89' lang='lat' dir='ltr'>temere</span> <span class='ocrx_word' id='word_1_162' title='bbox 1064 1516 1173 1557; x_wconf 90' lang='lat' dir='ltr'>uotis</span> <span class='ocrx_word' id='word_1_163' title='bbox 1220 1515 1481 1566; x_wconf 86' lang='lat' dir='ltr'>extenderis,</span> <span class='ocrx_word' id='word_1_164' title='bbox 1526 1528 1639 1555; x_wconf 90' lang='lat' dir='ltr'>noua</span> <span class='ocrx_word' id='word_1_165' title='bbox 1686 1528 1734 1555; x_wconf 87' lang='lat' dir='ltr'>ac</span> 
     </span>
     <span class='ocr_line' id='line_1_30' title="bbox 294 1571 1734 1627; baseline -0.001 -13"><span class='ocrx_word' id='word_1_166' title='bbox 294 1573 486 1615; x_wconf 87' lang='lat' dir='ltr'>recencia</span> <span class='ocrx_word' id='word_1_167' title='bbox 519 1572 670 1614; x_wconf 87' lang='lat' dir='ltr'>stolida</span> <span class='ocrx_word' id='word_1_168' title='bbox 710 1573 935 1615; x_wconf 85' lang='lat' dir='ltr'>uetustatis</span> <span class='ocrx_word' id='word_1_169' title='bbox 980 1573 1252 1615; x_wconf 87' lang='lat' dir='ltr'>simulacione</span> <span class='ocrx_word' id='word_1_170' title='bbox 1282 1571 1625 1627; x_wconf 89' lang='lat' dir='ltr'>pretergrederis,</span> <span class='ocrx_word' id='word_1_171' title='bbox 1658 1572 1734 1613; x_wconf 88' lang='lat' dir='ltr'>eis-</span> 
     </span>
     <span class='ocr_line' id='line_1_31' title="bbox 295 1630 1733 1687; baseline -0.001 -15"><span class='ocrx_word' id='word_1_172' title='bbox 295 1645 376 1687; x_wconf 88' lang='lat' dir='ltr'>que</span> <span class='ocrx_word' id='word_1_173' title='bbox 399 1645 466 1672; x_wconf 92' lang='lat' dir='ltr'>me</span> <span class='ocrx_word' id='word_1_174' title='bbox 490 1630 808 1672; x_wconf 87' lang='lat' dir='ltr'>condicionibus</span> <span class='ocrx_word' id='word_1_175' title='bbox 831 1630 1002 1686; x_wconf 81' lang='lat' dir='ltr'>adigere</span> <span class='ocrx_word' id='word_1_176' title='bbox 1034 1631 1211 1684; x_wconf 90' lang='lat' dir='ltr'>conaris,</span> <span class='ocrx_word' id='word_1_177' title='bbox 1245 1645 1349 1685; x_wconf 87' lang='lat' dir='ltr'>quas</span> <span class='ocrx_word' id='word_1_178' title='bbox 1372 1644 1447 1685; x_wconf 88' lang='lat' dir='ltr'>pro</span> <span class='ocrx_word' id='word_1_179' title='bbox 1472 1630 1733 1685; x_wconf 87' lang='lat' dir='ltr'>presencium</span> 
     </span>
     <span class='ocr_line' id='line_1_32' title="bbox 296 1687 1734 1744; baseline 0 -15"><span class='ocrx_word' id='word_1_180' title='bbox 296 1689 443 1730; x_wconf 89' lang='lat' dir='ltr'>habitu</span> <span class='ocrx_word' id='word_1_181' title='bbox 484 1693 675 1744; x_wconf 78' lang='lat' dir='ltr'>prestare</span> <span class='ocrx_word' id='word_1_182' title='bbox 715 1689 861 1744; x_wconf 90' lang='lat' dir='ltr'>pocius</span> <span class='ocrx_word' id='word_1_183' title='bbox 902 1703 1027 1743; x_wconf 89' lang='lat' dir='ltr'>quam</span> <span class='ocrx_word' id='word_1_184' title='bbox 1067 1690 1285 1744; x_wconf 85' lang='lat' dir='ltr'>postulare</span> <span class='ocrx_word' id='word_1_185' title='bbox 1325 1689 1548 1730; x_wconf 86' lang='lat' dir='ltr'>debueras.</span> <span class='ocrx_word' id='word_1_186' title='bbox 1609 1687 1734 1729; x_wconf 83' lang='lat' dir='ltr'>Fines</span> 
     </span>
     <span class='ocr_line' id='line_1_33' title="bbox 295 1745 1735 1799; baseline -0.001 -11"><span class='ocrx_word' id='word_1_187' title='bbox 295 1746 438 1793; x_wconf 77' lang='lat' dir='ltr'>uestri,</span> <span class='ocrx_word' id='word_1_188' title='bbox 460 1747 587 1787; x_wconf 89' lang='lat' dir='ltr'>armis</span> <span class='ocrx_word' id='word_1_189' title='bbox 612 1750 652 1787; x_wconf 92' lang='lat' dir='ltr'>et</span> <span class='ocrx_word' id='word_1_190' title='bbox 674 1746 932 1788; x_wconf 84' lang='lat' dir='ltr'>exercitibus</span> <span class='ocrx_word' id='word_1_191' title='bbox 965 1747 1118 1789; x_wconf 77' lang='lat' dir='ltr'>nostris</span> <span class='ocrx_word' id='word_1_192' title='bbox 1149 1746 1443 1789; x_wconf 87' lang='lat' dir='ltr'>miserabiliter</span> <span class='ocrx_word' id='word_1_193' title='bbox 1476 1745 1630 1799; x_wconf 84' lang='lat' dir='ltr'>obtriti,</span> <span class='ocrx_word' id='word_1_194' title='bbox 1652 1745 1735 1787; x_wconf 90' lang='lat' dir='ltr'>situ</span> 
     </span>
     <span class='ocr_line' id='line_1_34' title="bbox 294 1803 1735 1860; baseline 0 -16"><span class='ocrx_word' id='word_1_195' title='bbox 294 1803 468 1845; x_wconf 87' lang='lat' dir='ltr'>marcidi</span> <span class='ocrx_word' id='word_1_196' title='bbox 500 1804 751 1860; x_wconf 88' lang='lat' dir='ltr'>cultureque</span> <span class='ocrx_word' id='word_1_197' title='bbox 782 1805 930 1860; x_wconf 88' lang='lat' dir='ltr'>inopes</span> <span class='ocrx_word' id='word_1_198' title='bbox 961 1805 1121 1858; x_wconf 77' lang='lat' dir='ltr'>iacent;</span> <span class='ocrx_word' id='word_1_199' title='bbox 1169 1809 1410 1846; x_wconf 89' lang='lat' dir='ltr'>nostrarum</span> <span class='ocrx_word' id='word_1_200' title='bbox 1441 1803 1607 1845; x_wconf 84' lang='lat' dir='ltr'>diffusio</span> <span class='ocrx_word' id='word_1_201' title='bbox 1639 1817 1735 1859; x_wconf 87' lang='lat' dir='ltr'>par-</span> 
     </span>
     <span class='ocr_line' id='line_1_35' title="bbox 299 1861 1735 1918; baseline 0 -16"><span class='ocrx_word' id='word_1_202' title='bbox 299 1862 407 1903; x_wconf 90' lang='lat' dir='ltr'>cium</span> <span class='ocrx_word' id='word_1_203' title='bbox 449 1861 559 1902; x_wconf 75' lang='lat' dir='ltr'>uix*</span> <span class='ocrx_word' id='word_1_204' title='bbox 592 1862 765 1913; x_wconf 88' lang='lat' dir='ltr'>alende,</span> <span class='ocrx_word' id='word_1_205' title='bbox 808 1876 934 1918; x_wconf 89' lang='lat' dir='ltr'>quam</span> <span class='ocrx_word' id='word_1_206' title='bbox 980 1863 1150 1917; x_wconf 89' lang='lat' dir='ltr'>genuit,</span> <span class='ocrx_word' id='word_1_207' title='bbox 1180 1862 1439 1904; x_wconf 86' lang='lat' dir='ltr'>multitudini</span> <span class='ocrx_word' id='word_1_208' title='bbox 1472 1861 1648 1914; x_wconf 84' lang='lat' dir='ltr'>sufficit3</span> <span class='ocrx_word' id='word_1_209' title='bbox 1693 1865 1735 1902; x_wconf 90' lang='lat' dir='ltr'>et</span> 
     </span>
     <span class='ocr_line' id='line_1_36' title="bbox 295 1919 1735 1976; baseline -0.001 -15"><span class='ocrx_word' id='word_1_210' title='bbox 295 1923 453 1972; x_wconf 89' lang='lat' dir='ltr'>tamen,</span> <span class='ocrx_word' id='word_1_211' title='bbox 476 1933 581 1974; x_wconf 89' lang='lat' dir='ltr'>quos</span> <span class='ocrx_word' id='word_1_212' title='bbox 600 1920 862 1962; x_wconf 81' lang='lat' dir='ltr'>omnifariam</span> <span class='ocrx_word' id='word_1_213' title='bbox 884 1921 1152 1976; x_wconf 88' lang='lat' dir='ltr'>potenciores</span> <span class='ocrx_word' id='word_1_214' title='bbox 1174 1920 1376 1975; x_wconf 89' lang='lat' dir='ltr'>aduertis,</span> <span class='ocrx_word' id='word_1_215' title='bbox 1397 1934 1479 1962; x_wconf 90' lang='lat' dir='ltr'>non</span> <span class='ocrx_word' id='word_1_216' title='bbox 1498 1919 1735 1975; x_wconf 87' lang='lat' dir='ltr'>superiores</span> 
     </span>
     <span class='ocr_line' id='line_1_37' title="bbox 295 1976 1736 2034; baseline -0.001 -16"><span class='ocrx_word' id='word_1_217' title='bbox 295 1976 447 2029; x_wconf 90' lang='lat' dir='ltr'>modo,</span> <span class='ocrx_word' id='word_1_218' title='bbox 494 1977 567 2019; x_wconf 89' lang='lat' dir='ltr'>sed</span> <span class='ocrx_word' id='word_1_219' title='bbox 612 1979 744 2020; x_wconf 86' lang='lat' dir='ltr'>eciam</span> <span class='ocrx_word' id='word_1_220' title='bbox 790 1993 915 2034; x_wconf 87' lang='lat' dir='ltr'>pares</span> <span class='ocrx_word' id='word_1_221' title='bbox 962 1978 1117 2021; x_wconf 85' lang='lat' dir='ltr'>habere</span> <span class='ocrx_word' id='word_1_222' title='bbox 1161 1978 1336 2020; x_wconf 84' lang='lat' dir='ltr'>fastidis.</span> <span class='ocrx_word' id='word_1_223' title='bbox 1406 1978 1525 2019; x_wconf 83' lang='lat' dir='ltr'>Tunc</span> <span class='ocrx_word' id='word_1_224' title='bbox 1568 1977 1736 2018; x_wconf 88' lang='lat' dir='ltr'>demum</span> 
     </span>
     <span class='ocr_line' id='line_1_38' title="bbox 296 2035 1737 2086; baseline -0.001 -9"><span class='ocrx_word' id='word_1_225' title='bbox 296 2035 443 2077; x_wconf 91' lang='lat' dir='ltr'>tributi</span> <span class='ocrx_word' id='word_1_226' title='bbox 474 2049 550 2076; x_wconf 91' lang='lat' dir='ltr'>nos</span> <span class='ocrx_word' id='word_1_227' title='bbox 584 2036 814 2078; x_wconf 87' lang='lat' dir='ltr'>exaccione</span> <span class='ocrx_word' id='word_1_228' title='bbox 846 2036 1036 2086; x_wconf 85' lang='lat' dir='ltr'>sollicita,</span> <span class='ocrx_word' id='word_1_229' title='bbox 1069 2051 1164 2078; x_wconf 92' lang='lat' dir='ltr'>cum</span> <span class='ocrx_word' id='word_1_230' title='bbox 1197 2040 1238 2077; x_wconf 91' lang='lat' dir='ltr'>et</span> <span class='ocrx_word' id='word_1_231' title='bbox 1260 2040 1416 2078; x_wconf 88' lang='lat' dir='ltr'>sortem</span> <span class='ocrx_word' id='word_1_232' title='bbox 1436 2039 1624 2077; x_wconf 88' lang='lat' dir='ltr'>nostram</span> <span class='ocrx_word' id='word_1_233' title='bbox 1646 2048 1737 2076; x_wconf 90' lang='lat' dir='ltr'>suc-</span> 
     </span>
     <span class='ocr_line' id='line_1_39' title="bbox 298 2092 1735 2150; baseline -0.001 -16"><span class='ocrx_word' id='word_1_234' title='bbox 298 2092 484 2135; x_wconf 91' lang='lat' dir='ltr'>cessibus</span> <span class='ocrx_word' id='word_1_235' title='bbox 520 2094 742 2149; x_wconf 88' lang='lat' dir='ltr'>equaueris</span> <span class='ocrx_word' id='word_1_236' title='bbox 775 2098 816 2136; x_wconf 91' lang='lat' dir='ltr'>et</span> <span class='ocrx_word' id='word_1_237' title='bbox 840 2108 930 2136; x_wconf 90' lang='lat' dir='ltr'>eam</span> <span class='ocrx_word' id='word_1_238' title='bbox 953 2094 1085 2148; x_wconf 87' lang='lat' dir='ltr'>malis,</span> <span class='ocrx_word' id='word_1_239' title='bbox 1108 2095 1260 2150; x_wconf 90' lang='lat' dir='ltr'>quibus</span> <span class='ocrx_word' id='word_1_240' title='bbox 1281 2101 1356 2137; x_wconf 86' lang='lat' dir='ltr'>tua</span> <span class='ocrx_word' id='word_1_241' title='bbox 1377 2107 1488 2135; x_wconf 89' lang='lat' dir='ltr'>nunc</span> <span class='ocrx_word' id='word_1_242' title='bbox 1519 2093 1735 2148; x_wconf 86' lang='lat' dir='ltr'>premitur,</span> 
     </span>
     <span class='ocr_line' id='line_1_40' title="bbox 297 2150 1734 2206; baseline -0.001 -13"><span class='ocrx_word' id='word_1_243' title='bbox 297 2150 492 2193; x_wconf 88' lang='lat' dir='ltr'>adactam</span> <span class='ocrx_word' id='word_1_244' title='bbox 524 2152 809 2206; x_wconf 88' lang='lat' dir='ltr'>conspexeris.</span> <span class='ocrx_word' id='word_1_245' title='bbox 872 2152 965 2194; x_wconf 91' lang='lat' dir='ltr'>Hec</span> <span class='ocrx_word' id='word_1_246' title='bbox 994 2152 1251 2194; x_wconf 90' lang='lat' dir='ltr'>Domborus.</span> <span class='ocrx_word' id='word_1_247' title='bbox 1301 2152 1385 2194; x_wconf 89' lang='lat' dir='ltr'>Sed</span> <span class='ocrx_word' id='word_1_248' title='bbox 1419 2151 1622 2205; x_wconf 85' lang='lat' dir='ltr'>Absalon,</span> <span class='ocrx_word' id='word_1_249' title='bbox 1654 2151 1734 2192; x_wconf 89' lang='lat' dir='ltr'>dis-</span> 
     </span>
     <span class='ocr_line' id='line_1_41' title="bbox 297 2206 1734 2266; baseline 0 -16"><span class='ocrx_word' id='word_1_250' title='bbox 297 2206 504 2264; x_wconf 70' lang='lat' dir='ltr'>simullato</span> <span class='ocrx_word' id='word_1_251' title='bbox 535 2209 840 2263; x_wconf 85' lang='lat' dir='ltr'>indignacionis</span> <span class='ocrx_word' id='word_1_252' title='bbox 863 2214 1083 2266; x_wconf 91' lang='lat' dir='ltr'>conceptu,</span> <span class='ocrx_word' id='word_1_253' title='bbox 1114 2211 1259 2265; x_wconf 89' lang='lat' dir='ltr'>paucis</span> <span class='ocrx_word' id='word_1_254' title='bbox 1291 2225 1387 2251; x_wconf 92' lang='lat' dir='ltr'>eum</span> <span class='ocrx_word' id='word_1_255' title='bbox 1419 2210 1629 2265; x_wconf 85' lang='lat' dir='ltr'>responsis</span> <span class='ocrx_word' id='word_1_256' title='bbox 1663 2223 1734 2250; x_wconf 85' lang='lat' dir='ltr'>ex—</span> 
     </span>
     <span class='ocr_line' id='line_1_42' title="bbox 297 2265 1735 2323; baseline -0.001 -15"><span class='ocrx_word' id='word_1_257' title='bbox 297 2267 471 2322; x_wconf 92' lang='lat' dir='ltr'>cipiens,</span> <span class='ocrx_word' id='word_1_258' title='bbox 501 2265 553 2308; x_wconf 89' lang='lat' dir='ltr'>ad</span> <span class='ocrx_word' id='word_1_259' title='bbox 576 2280 733 2322; x_wconf 84' lang='lat' dir='ltr'>regem,</span> <span class='ocrx_word' id='word_1_260' title='bbox 766 2281 846 2322; x_wconf 90' lang='lat' dir='ltr'>que</span> <span class='ocrx_word' id='word_1_261' title='bbox 868 2272 1105 2323; x_wconf 83' lang='lat' dir='ltr'>acceperat,</span> <span class='ocrx_word' id='word_1_262' title='bbox 1129 2268 1301 2320; x_wconf 86' lang='lat' dir='ltr'>perfert.</span> <span class='ocrx_word' id='word_1_263' title='bbox 1347 2267 1508 2309; x_wconf 89' lang='lat' dir='ltr'>Verum</span> <span class='ocrx_word' id='word_1_264' title='bbox 1538 2267 1735 2323; x_wconf 84' lang='lat' dir='ltr'>pertinax</span> 
     </span>
     <span class='ocr_line' id='line_1_43' title="bbox 294 2323 1733 2382; baseline -0.001 -16"><span class='ocrx_word' id='word_1_265' title='bbox 294 2325 391 2366; x_wconf 86' lang='lat' dir='ltr'>freti</span> <span class='ocrx_word' id='word_1_266' title='bbox 423 2324 580 2367; x_wconf 88' lang='lat' dir='ltr'>seuicia</span> <span class='ocrx_word' id='word_1_267' title='bbox 611 2326 935 2380; x_wconf 85' lang='lat' dir='ltr'>nauigacionem</span> <span class='ocrx_word' id='word_1_268' title='bbox 957 2325 1265 2382; x_wconf 88' lang='lat' dir='ltr'>interpellando</span> <span class='ocrx_word' id='word_1_269' title='bbox 1299 2326 1423 2367; x_wconf 88' lang='lat' dir='ltr'>finem</span> <span class='ocrx_word' id='word_1_270' title='bbox 1454 2323 1733 2382; x_wconf 64' lang='lat' dir='ltr'>expeJJdicioni</span> 
     </span>
     <span class='ocr_line' id='line_1_44' title="bbox 296 2382 1733 2439; baseline 0 -16"><span class='ocrx_word' id='word_1_271' title='bbox 296 2382 409 2424; x_wconf 90' lang='lat' dir='ltr'>fecit.</span> <span class='ocrx_word' id='word_1_272' title='bbox 470 2382 580 2433; x_wconf 85' lang='lat' dir='ltr'>Rex,</span> <span class='ocrx_word' id='word_1_273' title='bbox 612 2396 850 2438; x_wconf 91' lang='lat' dir='ltr'>quanquam</span> <span class='ocrx_word' id='word_1_274' title='bbox 891 2384 1083 2439; x_wconf 85' lang='lat' dir='ltr'>superius</span> <span class='ocrx_word' id='word_1_275' title='bbox 1118 2382 1294 2425; x_wconf 87' lang='lat' dir='ltr'>Sclauos</span> <span class='ocrx_word' id='word_1_276' title='bbox 1335 2383 1528 2425; x_wconf 89' lang='lat' dir='ltr'>secundis</span> <span class='ocrx_word' id='word_1_277' title='bbox 1570 2396 1733 2425; x_wconf 91' lang='lat' dir='ltr'>succes-</span> 
     </span>
     <span class='ocr_line' id='line_1_45' title="bbox 297 2439 1734 2496; baseline 0 -15"><span class='ocrx_word' id='word_1_278' title='bbox 297 2439 410 2481; x_wconf 89' lang='lat' dir='ltr'>sibus</span> <span class='ocrx_word' id='word_1_279' title='bbox 443 2444 711 2496; x_wconf 86' lang='lat' dir='ltr'>attentasset,</span> <span class='ocrx_word' id='word_1_280' title='bbox 751 2441 846 2495; x_wconf 89' lang='lat' dir='ltr'>plus</span> <span class='ocrx_word' id='word_1_281' title='bbox 886 2446 1028 2482; x_wconf 89' lang='lat' dir='ltr'>tamen</span> <span class='ocrx_word' id='word_1_282' title='bbox 1060 2442 1225 2496; x_wconf 87' lang='lat' dir='ltr'>negocii</span> <span class='ocrx_word' id='word_1_283' title='bbox 1267 2441 1308 2482; x_wconf 89' lang='lat' dir='ltr'>in</span> <span class='ocrx_word' id='word_1_284' title='bbox 1343 2456 1486 2484; x_wconf 90' lang='lat' dir='ltr'>eorum</span> <span class='ocrx_word' id='word_1_285' title='bbox 1518 2454 1734 2496; x_wconf 88' lang='lat' dir='ltr'>expugna—</span> 
     </span>
     <span class='ocr_line' id='line_1_46' title="bbox 298 2497 1733 2556; baseline 0.002 -19"><span class='ocrx_word' id='word_1_286' title='bbox 298 2497 438 2551; x_wconf 87' lang='lat' dir='ltr'>cione,</span> <span class='ocrx_word' id='word_1_287' title='bbox 479 2512 609 2554; x_wconf 88' lang='lat' dir='ltr'>quam</span> <span class='ocrx_word' id='word_1_288' title='bbox 639 2501 686 2539; x_wconf 93' lang='lat' dir='ltr'>ut</span> <span class='ocrx_word' id='word_1_289' title='bbox 713 2498 902 2556; x_wconf 62' lang='lat' dir='ltr'>*propriis</span> <span class='ocrx_word' id='word_1_290' title='bbox 947 2499 1107 2540; x_wconf 89' lang='lat' dir='ltr'>uiribus</span> <span class='ocrx_word' id='word_1_291' title='bbox 1148 2502 1452 2555; x_wconf 84' lang='lat' dir='ltr'>exequeretur,</span> <span class='ocrx_word' id='word_1_292' title='bbox 1493 2498 1733 2547; x_wconf 78' lang='lat' dir='ltr'>aduertens,</span> 
     </span>
     <span class='ocr_line' id='line_1_47' title="bbox 299 2553 1733 2612; baseline 0.002 -18"><span class='ocrx_word' id='word_1_293' title='bbox 299 2553 484 2596; x_wconf 85' lang='lat' dir='ltr'>Saxonie</span> <span class='ocrx_word' id='word_1_294' title='bbox 507 2560 721 2612; x_wconf 89' lang='lat' dir='ltr'>satrapam</span> <span class='ocrx_word' id='word_1_295' title='bbox 751 2556 791 2596; x_wconf 92' lang='lat' dir='ltr'>in</span> <span class='ocrx_word' id='word_1_296' title='bbox 814 2570 1025 2597; x_wconf 88' lang='lat' dir='ltr'>armorum</span> <span class='ocrx_word' id='word_1_297' title='bbox 1049 2557 1284 2612; x_wconf 87' lang='lat' dir='ltr'>milicieque</span> <span class='ocrx_word' id='word_1_298' title='bbox 1306 2557 1530 2611; x_wconf 87' lang='lat' dir='ltr'>collegium</span> <span class='ocrx_word' id='word_1_299' title='bbox 1551 2556 1733 2610; x_wconf 82' lang='lat' dir='ltr'>ingentis</span> 
     </span>
     <span class='ocr_line' id='line_1_48' title="bbox 299 2613 1734 2674; baseline 0.004 -23"><span class='ocrx_word' id='word_1_300' title='bbox 299 2613 444 2666; x_wconf 88' lang='lat' dir='ltr'>premii</span> <span class='ocrx_word' id='word_1_301' title='bbox 479 2614 786 2670; x_wconf 84' lang='lat' dir='ltr'>pollicitacione</span> <span class='ocrx_word' id='word_1_302' title='bbox 818 2614 1030 2657; x_wconf 85' lang='lat' dir='ltr'>sollicitat.</span> <span class='ocrx_word' id='word_1_303' title='bbox 1090 2615 1169 2661; x_wconf 89' lang='lat' dir='ltr'>Ille</span> <span class='ocrx_word' id='word_1_304' title='bbox 1212 2619 1301 2658; x_wconf 83' lang='lat' dir='ltr'>tum</span> <span class='ocrx_word' id='word_1_305' title='bbox 1332 2615 1585 2674; x_wconf 86' lang='lat' dir='ltr'>amplissime</span> <span class='ocrx_word' id='word_1_306' title='bbox 1628 2628 1734 2657; x_wconf 89' lang='lat' dir='ltr'>mer-</span> 
     </span>
    </p>
   </div>
   <div class='ocr_carea' id='block_1_10' title="bbox 1774 990 1884 3126">
    <p class='ocr_par' dir='ltr' id='par_1_10' title="bbox 1774 990 1884 3126">
     <span class='ocr_line' id='line_1_49' title="bbox 1774 990 1884 3126; baseline 0 0"><span class='ocrx_word' id='word_1_307' title='bbox 1774 990 1884 3126; x_wconf 95' lang='lat' dir='ltr'> </span> 
     </span>
    </p>
   </div>
  </div>
 </body>
</html>
