1884 3126
200 897 232 923 10

197 1477 234 1504 ‘20

197 1768 234 1795 25

199 2058 235 2084 30

198 2346 233 2372 35

197 2638 234 2666 40

267 239 321 281 64

857 239 1128 284 -Π-

381 366 541 408 Lorica
571 367 778 423 galeaque
809 372 940 424 tegor,
973 369 1072 420 dum
1102 373 1291 425 tempora
1322 370 1445 412 cassis

383 424 569 479 Excipit,
603 429 645 466 et
671 426 808 481 rigido
842 427 1079 469 conduntur
1108 434 1278 483 pectora
1309 428 1435 470 ferro.

380 482 517 524 Nemo
549 484 683 537 magis
716 484 867 525 clausis
898 484 1056 539 refugit
1085 485 1372 541 penetralibus
1400 486 1466 526 uri

379 540 567 596 Cumque
601 555 675 582 sua
706 556 832 596 rogus
864 557 953 584 esse
985 543 1132 597 domo,
1164 544 1262 585 licet
1292 543 1428 585 insula
1459 547 1612 585 memet

380 597 586 652 Ediderit,
619 599 846 655 strictoque
876 600 1055 642 habeam
1088 602 1248 643 natalia
1279 605 1402 654 terre,

331 704 333 706 v
377 656 574 698 Bissenas
605 658 695 711 regi
726 657 888 699 debebo
921 658 1151 713 rependere
1182 663 1342 714 gentes,

379 714 491 762 Quas
524 714 655 756 titulis
687 714 803 757 dedit
834 716 904 758 ille
934 717 1051 759 meis.
1094 716 1328 770 Attendite,
1359 716 1522 758 fortes!

378 771 513 814 Nemo
545 773 674 814 lorica
706 788 750 814 se
783 775 939 815 uestiat
970 775 1179 816 interituri

378 829 594 885 Corporis,
628 835 863 872 extremum
897 833 1156 887 perstringat
1186 833 1327 874 nexile
1358 832 1542 885 ferrum,

377 887 427 929 In
459 894 623 941 tergum
657 889 832 930 redeant
863 890 1021 945 clypei3
1055 904 1290 945 pugnemus
1321 891 1476 946 apertis

377 946 640 999 Pectoribus,
673 950 863 1002 totosque
895 962 998 989 auro
1032 948 1205 989 densate
1237 948 1428 990 lacertos.

376 1004 579 1045 Armillas
610 1004 759 1046 dextre
790 1006 1014 1060 excipiant,
1048 1019 1128 1060 quo
1159 1005 1312 1047 forcius
1342 1007 1447 1047 ictus

379 1061 610 1103 Collibrare
643 1066 811 1116 queant,
844 1068 885 1104 et
916 1077 1103 1104 amarum
1135 1064 1265 1118 figere
1297 1064 1463 1106 uulnus.

378 1119 512 1160 Nemo
544 1119 696 1174 pedem
727 1120 904 1162 referat!
954 1120 1156 1162 Certatim
1190 1122 1363 1176 quisque
1394 1122 1534 1163 subire

379 1177 567 1218 Hostiles
599 1177 766 1219 studeat
796 1178 959 1232 gladios
989 1179 1214 1234 hastasque
1246 1180 1441 1231 minaces,

380 1235 439 1276 Vt
471 1249 611 1276 carum
644 1235 893 1277 ulciscamur
925 1236 1084 1278 herum.
1133 1237 1267 1291 Super
1298 1237 1437 1278 omnia
1467 1236 1587 1290 felix,

381 1293 463 1341 Qui
493 1297 610 1334 tanto
641 1294 787 1334 sceleri
819 1294 1046 1336 uindictam
1079 1294 1322 1349 impendere
1353 1295 1482 1350 possit

378 1350 433 1391 Et
466 1350 662 1392 fraudum
693 1351 801 1392 iusto
835 1352 981 1406 punire
1016 1353 1178 1407 piacula
1209 1352 1333 1394 ferro.

379 1408 488 1449 Ecce
520 1409 647 1450 michi
677 1409 823 1451 uideor
853 1423 1024 1451 ceruum
1057 1414 1297 1465 penetrasse
1329 1410 1511 1451 ferocem

381 1466 612 1508 Teutonico
643 1471 768 1516 certe,
800 1468 871 1522 qui
904 1467 1070 1523 Snyrtir
1101 1467 1262 1518 dicitur,
1295 1482 1406 1520 ense,

380 1524 420 1564 A
453 1538 532 1578 quo
564 1525 757 1579 belligeri
789 1526 880 1580 cepi
912 1539 1156 1579 cognomen,
1189 1530 1236 1566 ut
1267 1525 1414 1580 Agner

379 1582 533 1636 Ingelli
564 1587 710 1623 natum
742 1582 831 1623 fudi
863 1583 1070 1638 retulique
1103 1583 1341 1638 tropheum.

381 1640 459 1680 Ille
493 1654 584 1681 meo
616 1641 742 1695 capiti
774 1641 1000 1695 impactum
1033 1641 1239 1696 perfregit
1269 1641 1549 1695 Hcthingum,

380 1697 543 1738 Elisum
576 1712 714 1739 morsu
745 1698 947 1752 gladium,
981 1699 1143 1740 maiora
1176 1699 1349 1740 daturus

380 1754 583 1809 Vulnera,
617 1756 649 1797 si
683 1756 831 1797 melius
862 1756 963 1798 ferri
997 1757 1197 1811 uiguisset
1228 1771 1418 1798 acumen.

380 1812 459 1854 Cui
490 1818 634 1854 contra
665 1814 804 1855 leuam
836 1815 978 1855 lateris
1011 1828 1104 1855 cum
1135 1818 1255 1869 parte
1287 1814 1441 1855 sinistri

379 1871 570 1912 Dissecui
603 1872 884 1927 dextrumque
915 1872 1081 1928 pedem,
1112 1872 1340 1927 labensque
1371 1871 1447 1913 sub
1480 1874 1595 1912 artus

379 1929 532 1970 Incidit
564 1930 605 1970 in
636 1929 794 1970 medias
826 1930 982 1971 ferrum
1014 1930 1274 1985 penetrabile
1307 1934 1453 1971 costas.

380 1986 564 2028 Hercule
598 2001 718 2028 nemo
750 1987 820 2028 illo
851 1989 964 2029 uisus
996 1988 1120 2029 michi
1151 1987 1305 2029 forcior
1337 2000 1552 2041 umquam.

382 2044 600 2098 Semiuigil
633 2045 819 2086 subsedit
850 2046 960 2086 enim
992 2045 1215 2100 cubitoque
1246 2045 1413 2086 reclinis
1502 2047 1504 2050 ’

381 2102 574 2145 Ridendo
606 2104 773 2158 excepit
803 2103 947 2156 letum,
979 2107 1239 2158 mortemque
1271 2103 1473 2144 cachinno

382 2159 564 2215 Spreuit,
597 2165 637 2201 et
667 2160 847 2202 Elisium
877 2161 1065 2215 gaudens
1096 2161 1291 2202 successit
1322 2161 1365 2201 in
1397 2160 1553 2201 orbem.

379 2218 537 2272 Magna
567 2219 647 2259 uiri
678 2219 825 2271 uirtus,
857 2233 937 2273 que
968 2219 1052 2259 risu
1083 2218 1226 2260 calluit
1257 2233 1341 2260 uno

380 2275 629 2331 Supremam
660 2277 796 2317 celare
826 2290 986 2329 necem,
1019 2290 1311 2332 summumque
1342 2276 1530 2317 dolorem

381 2333 580 2389 Corporis
611 2347 659 2374 ac
690 2334 840 2375 mentis
871 2335 955 2375 leto
990 2347 1255 2389 compescere
1286 2333 1433 2375 uultu!

378 2390 501 2432 Nunc
533 2405 695 2446 quoque
728 2391 943 2433 cuiusdam
974 2392 1164 2447 preclaro
1195 2396 1415 2433 stemmate
1446 2390 1535 2432 nati

379 2448 544 2490 Vitales
574 2449 701 2490 fibras
731 2449 845 2491 ferro
876 2449 1063 2491 rimabar
1094 2449 1259 2499 eodem,
1348 2500 1350 2505 ,

379 2506 435 2548 Et
466 2507 625 2548 ferrum
655 2507 822 2561 penitus
853 2507 962 2548 intra
993 2506 1212 2562 precordia
1241 2507 1382 2549 mersi.

380 2564 514 2606 Filius
544 2564 611 2605 hic
642 2564 769 2619 regis&¹
783 2568 825 2605 et
855 2564 968 2606 auito
1001 2565 1204 2619 sanguine
1234 2565 1378 2606 lucens

378 2622 526 2664 Indole
557 2622 693 2663 clarus
725 2620 830 2678 erat,
858 2622 1095 2678 tenerisque
1125 2623 1327 2664 nitencior
1358 2621 1494 2664 annis.

1742 376 1812 412 (36)

1726 677 1751 701 p.
1773 668 1818 694 101

1720 1023 1748 1048 p.
1769 1015 1817 1041 102

1729 1486 1755 1511 p.
1776 1478 1827 1504 103

1733 2229 1814 2258 XXb
