<?xml version="1.0" encoding="UTF-8"?>
<!DOCTYPE html PUBLIC "-//W3C//DTD XHTML 1.0 Transitional//EN"
    "http://www.w3.org/TR/xhtml1/DTD/xhtml1-transitional.dtd">
<html xmlns="http://www.w3.org/1999/xhtml" xml:lang="en" lang="en">
 <head>
  <title>
</title>
<meta http-equiv="Content-Type" content="text/html;charset=utf-8" />
  <meta name='ocr-system' content='tesseract 3.04.00' />
  <meta name='ocr-capabilities' content='ocr_page ocr_carea ocr_par ocr_line ocrx_word'/>
</head>
<body>
  <div class='ocr_page' id='page_1' title='image "./saxonisgrammatic00saxouoft_0327.png"; bbox 0 0 1884 3126; ppageno 0'>
   <div class='ocr_carea' id='block_1_1' title="bbox 58 908 94 934">
    <p class='ocr_par' dir='ltr' id='par_1_1' title="bbox 58 908 94 934">
     <span class='ocr_line' id='line_1_1' title="bbox 58 908 94 934; baseline 0 0"><span class='ocrx_word' id='word_1_1' title='bbox 58 908 94 934; x_wconf 86' lang='lat'>10</span> 
     </span>
    </p>
   </div>
   <div class='ocr_carea' id='block_1_2' title="bbox 56 1259 92 1287">
    <p class='ocr_par' dir='ltr' id='par_1_2' title="bbox 56 1259 92 1287">
     <span class='ocr_line' id='line_1_2' title="bbox 56 1259 92 1287; baseline 0 0"><span class='ocrx_word' id='word_1_2' title='bbox 56 1259 92 1287; x_wconf 83' lang='lat'>15</span> 
     </span>
    </p>
   </div>
   <div class='ocr_carea' id='block_1_3' title="bbox 55 1552 94 1580">
    <p class='ocr_par' dir='ltr' id='par_1_3' title="bbox 55 1552 94 1580">
     <span class='ocr_line' id='line_1_3' title="bbox 55 1552 94 1580; baseline -0.026 0"><span class='ocrx_word' id='word_1_3' title='bbox 55 1552 94 1580; x_wconf 80' lang='lat'>‘20</span> 
     </span>
    </p>
   </div>
   <div class='ocr_carea' id='block_1_4' title="bbox 51 1843 89 1871">
    <p class='ocr_par' dir='ltr' id='par_1_4' title="bbox 51 1843 89 1871">
     <span class='ocr_line' id='line_1_4' title="bbox 51 1843 89 1871; baseline 0 0"><span class='ocrx_word' id='word_1_4' title='bbox 51 1843 89 1871; x_wconf 80' lang='lat'>‘25</span> 
     </span>
    </p>
   </div>
   <div class='ocr_carea' id='block_1_5' title="bbox 53 2135 89 2162">
    <p class='ocr_par' dir='ltr' id='par_1_5' title="bbox 53 2135 89 2162">
     <span class='ocr_line' id='line_1_5' title="bbox 53 2135 89 2162; baseline 0 0"><span class='ocrx_word' id='word_1_5' title='bbox 53 2135 89 2162; x_wconf 81' lang='lat'>30</span> 
     </span>
    </p>
   </div>
   <div class='ocr_carea' id='block_1_6' title="bbox 55 2482 92 2510">
    <p class='ocr_par' dir='ltr' id='par_1_6' title="bbox 55 2482 92 2510">
     <span class='ocr_line' id='line_1_6' title="bbox 55 2482 92 2510; baseline -0.027 0"><span class='ocrx_word' id='word_1_6' title='bbox 55 2482 92 2510; x_wconf 84' lang='lat'>35</span> 
     </span>
    </p>
   </div>
   <div class='ocr_carea' id='block_1_7' title="bbox 696 240 1569 288">
    <p class='ocr_par' dir='ltr' id='par_1_7' title="bbox 696 240 1569 288">
     <span class='ocr_line' id='line_1_7' title="bbox 696 240 1569 288; baseline 0.006 -5"><span class='ocrx_word' id='word_1_7' title='bbox 696 265 750 271; x_wconf 89' lang='lat'>—-</span> <span class='ocrx_word' id='word_1_8' title='bbox 811 240 900 283; x_wconf 92' lang='lat' dir='ltr'>VII</span> <span class='ocrx_word' id='word_1_9' title='bbox 963 266 1017 273; x_wconf 85' lang='lat'>--</span> <span class='ocrx_word' id='word_1_10' title='bbox 1487 247 1569 288; x_wconf 85' lang='lat'>233</span> 
     </span>
    </p>
   </div>
   <div class='ocr_carea' id='block_1_8' title="bbox 264 368 1497 1068">
    <p class='ocr_par' dir='ltr' id='par_1_8' title="bbox 264 368 1497 1068">
     <span class='ocr_line' id='line_1_8' title="bbox 270 368 1322 428; baseline 0.003 -17"><span class='ocrx_word' id='word_1_11' title='bbox 270 368 382 418; x_wconf 99' lang='lat' dir='ltr'>Quid</span> <span class='ocrx_word' id='word_1_12' title='bbox 414 368 507 410; x_wconf 86' lang='lat' dir='ltr'>miri</span> <span class='ocrx_word' id='word_1_13' title='bbox 538 371 734 412; x_wconf 86' lang='lat' dir='ltr'>tenerum</span> <span class='ocrx_word' id='word_1_14' title='bbox 766 369 887 412; x_wconf 89' lang='lat' dir='ltr'>nobis</span> <span class='ocrx_word' id='word_1_15' title='bbox 919 369 1143 415; x_wconf 82' lang='lat' dir='ltr'>durescere</span> <span class='ocrx_word' id='word_1_16' title='bbox 1171 372 1322 428; x_wconf 82' lang='lat' dir='ltr'>subtel,</span> 
     </span>
     <span class='ocr_line' id='line_1_9' title="bbox 334 426 1224 486; baseline 0.006 -18"><span class='ocrx_word' id='word_1_17' title='bbox 334 426 389 468; x_wconf 87' lang='lat' dir='ltr'>Et</span> <span class='ocrx_word' id='word_1_18' title='bbox 418 428 572 483; x_wconf 87' lang='lat' dir='ltr'>longos</span> <span class='ocrx_word' id='word_1_19' title='bbox 602 427 713 470; x_wconf 92' lang='lat' dir='ltr'>hirto</span> <span class='ocrx_word' id='word_1_20' title='bbox 747 442 867 470; x_wconf 90' lang='lat' dir='ltr'>crure</span> <span class='ocrx_word' id='word_1_21' title='bbox 899 443 1071 472; x_wconf 88' lang='lat' dir='ltr'>manere</span> <span class='ocrx_word' id='word_1_22' title='bbox 1101 428 1224 486; x_wconf 91' lang='lat' dir='ltr'>pilos,</span> 
     </span>
     <span class='ocr_line' id='line_1_10' title="bbox 268 485 1296 542; baseline 0.004 -15"><span class='ocrx_word' id='word_1_23' title='bbox 268 485 349 527; x_wconf 84' lang='lat' dir='ltr'>Cui</span> <span class='ocrx_word' id='word_1_24' title='bbox 378 486 547 542; x_wconf 80' lang='lat' dir='ltr'>plantas</span> <span class='ocrx_word' id='word_1_25' title='bbox 578 486 709 528; x_wconf 88' lang='lat' dir='ltr'>tocies</span> <span class='ocrx_word' id='word_1_26' title='bbox 743 486 932 529; x_wconf 84' lang='lat' dir='ltr'>subiecta</span> <span class='ocrx_word' id='word_1_27' title='bbox 964 488 1095 530; x_wconf 79' lang='lat' dir='ltr'>relisit</span> <span class='ocrx_word' id='word_1_28' title='bbox 1125 488 1296 542; x_wconf 87' lang='lat' dir='ltr'>harena,</span> 
     </span>
     <span class='ocr_line' id='line_1_11' title="bbox 335 543 1309 602; baseline 0.006 -17"><span class='ocrx_word' id='word_1_29' title='bbox 335 543 392 586; x_wconf 85' lang='lat' dir='ltr'>Et</span> <span class='ocrx_word' id='word_1_30' title='bbox 423 558 578 599; x_wconf 87' lang='lat' dir='ltr'>uepres</span> <span class='ocrx_word' id='word_1_31' title='bbox 608 543 795 587; x_wconf 92' lang='lat' dir='ltr'>medium</span> <span class='ocrx_word' id='word_1_32' title='bbox 828 545 1070 602; x_wconf 88' lang='lat' dir='ltr'>corripuere</span> <span class='ocrx_word' id='word_1_33' title='bbox 1101 546 1309 602; x_wconf 69' lang='lat' dir='ltr'>gradum?</span> 
     </span>
     <span class='ocr_line' id='line_1_12' title="bbox 266 601 1455 661; baseline 0.004 -18"><span class='ocrx_word' id='word_1_34' title='bbox 266 601 391 645; x_wconf 89' lang='lat' dir='ltr'>Nunc</span> <span class='ocrx_word' id='word_1_35' title='bbox 422 603 534 644; x_wconf 87' lang='lat' dir='ltr'>saltu</span> <span class='ocrx_word' id='word_1_36' title='bbox 566 618 717 646; x_wconf 88' lang='lat' dir='ltr'>nemus</span> <span class='ocrx_word' id='word_1_37' title='bbox 751 604 960 659; x_wconf 86' lang='lat' dir='ltr'>experior,</span> <span class='ocrx_word' id='word_1_38' title='bbox 992 618 1101 647; x_wconf 88' lang='lat' dir='ltr'>nunc</span> <span class='ocrx_word' id='word_1_39' title='bbox 1134 619 1291 661; x_wconf 86' lang='lat' dir='ltr'>equora</span> <span class='ocrx_word' id='word_1_40' title='bbox 1320 620 1455 657; x_wconf 86' lang='lat' dir='ltr'>cursu,</span> 
     </span>
     <span class='ocr_line' id='line_1_13' title="bbox 335 660 1497 715; baseline 0.004 -13"><span class='ocrx_word' id='word_1_41' title='bbox 335 660 460 703; x_wconf 89' lang='lat' dir='ltr'>Nunc</span> <span class='ocrx_word' id='word_1_42' title='bbox 490 675 619 715; x_wconf 88' lang='lat' dir='ltr'>mare,</span> <span class='ocrx_word' id='word_1_43' title='bbox 649 676 762 703; x_wconf 90' lang='lat' dir='ltr'>nunc</span> <span class='ocrx_word' id='word_1_44' title='bbox 793 662 933 715; x_wconf 88' lang='lat' dir='ltr'>tellus,</span> <span class='ocrx_word' id='word_1_45' title='bbox 963 676 1075 704; x_wconf 89' lang='lat' dir='ltr'>nunc</span> <span class='ocrx_word' id='word_1_46' title='bbox 1105 663 1185 704; x_wconf 87' lang='lat' dir='ltr'>iter</span> <span class='ocrx_word' id='word_1_47' title='bbox 1217 665 1329 706; x_wconf 87' lang='lat' dir='ltr'>unda</span> <span class='ocrx_word' id='word_1_48' title='bbox 1360 664 1497 708; x_wconf 89' lang='lat' dir='ltr'>michi.</span> 
     </span>
     <span class='ocr_line' id='line_1_14' title="bbox 266 718 1354 778; baseline 0.002 -17"><span class='ocrx_word' id='word_1_49' title='bbox 266 718 352 761; x_wconf 80' lang='lat' dir='ltr'>Sed</span> <span class='ocrx_word' id='word_1_50' title='bbox 383 732 522 775; x_wconf 88' lang='lat' dir='ltr'>neque</span> <span class='ocrx_word' id='word_1_51' title='bbox 553 719 719 762; x_wconf 88' lang='lat' dir='ltr'>ferratis</span> <span class='ocrx_word' id='word_1_52' title='bbox 752 721 995 762; x_wconf 90' lang='lat' dir='ltr'>conclusum</span> <span class='ocrx_word' id='word_1_53' title='bbox 1027 720 1205 763; x_wconf 81' lang='lat' dir='ltr'>nexibus</span> <span class='ocrx_word' id='word_1_54' title='bbox 1237 722 1354 778; x_wconf 82' lang='lat' dir='ltr'>uber,</span> 
     </span>
     <span class='ocr_line' id='line_1_15' title="bbox 332 777 1317 835; baseline 0.002 -16"><span class='ocrx_word' id='word_1_55' title='bbox 332 777 421 819; x_wconf 88' lang='lat' dir='ltr'>Aut</span> <span class='ocrx_word' id='word_1_56' title='bbox 452 778 600 820; x_wconf 91' lang='lat' dir='ltr'>iaculis</span> <span class='ocrx_word' id='word_1_57' title='bbox 632 779 803 820; x_wconf 87' lang='lat' dir='ltr'>solitum</span> <span class='ocrx_word' id='word_1_58' title='bbox 834 778 1142 835; x_wconf 86' lang='lat' dir='ltr'>missilibusque</span> <span class='ocrx_word' id='word_1_59' title='bbox 1174 781 1317 834; x_wconf 85' lang='lat' dir='ltr'>premi,</span> 
     </span>
     <span class='ocr_line' id='line_1_16' title="bbox 264 834 1280 893; baseline 0.001 -16"><span class='ocrx_word' id='word_1_60' title='bbox 264 834 332 878; x_wconf 90' lang='lat' dir='ltr'>Ad</span> <span class='ocrx_word' id='word_1_61' title='bbox 366 840 527 878; x_wconf 86' lang='lat' dir='ltr'>tactum</span> <span class='ocrx_word' id='word_1_62' title='bbox 559 841 704 879; x_wconf 88' lang='lat' dir='ltr'>uestro</span> <span class='ocrx_word' id='word_1_63' title='bbox 735 836 877 893; x_wconf 87' lang='lat' dir='ltr'>potuit</span> <span class='ocrx_word' id='word_1_64' title='bbox 907 837 1152 879; x_wconf 80' lang='lat' dir='ltr'>mollescere</span> <span class='ocrx_word' id='word_1_65' title='bbox 1183 838 1280 892; x_wconf 80' lang='lat' dir='ltr'>ritu,</span> 
     </span>
     <span class='ocr_line' id='line_1_17' title="bbox 332 894 1459 951; baseline 0.003 -15"><span class='ocrx_word' id='word_1_66' title='bbox 332 894 448 943; x_wconf 89' lang='lat' dir='ltr'>Quas</span> <span class='ocrx_word' id='word_1_67' title='bbox 483 894 714 951; x_wconf 81' lang='lat' dir='ltr'>chlamydis</span> <span class='ocrx_word' id='word_1_68' title='bbox 746 900 917 950; x_wconf 87' lang='lat' dir='ltr'>tegmen</span> <span class='ocrx_word' id='word_1_69' title='bbox 949 899 1024 937; x_wconf 87' lang='lat' dir='ltr'>aut</span> <span class='ocrx_word' id='word_1_70' title='bbox 1055 900 1156 950; x_wconf 87' lang='lat' dir='ltr'>toga</span> <span class='ocrx_word' id='word_1_71' title='bbox 1187 896 1291 938; x_wconf 87' lang='lat' dir='ltr'>leuis</span> <span class='ocrx_word' id='word_1_72' title='bbox 1322 895 1459 939; x_wconf 87' lang='lat' dir='ltr'>habet.</span> 
     </span>
     <span class='ocr_line' id='line_1_18' title="bbox 264 952 1416 1005; baseline 0.003 -11"><span class='ocrx_word' id='word_1_73' title='bbox 264 952 355 995; x_wconf 85' lang='lat' dir='ltr'>Nec</span> <span class='ocrx_word' id='word_1_74' title='bbox 388 954 506 995; x_wconf 89' lang='lat' dir='ltr'>colus</span> <span class='ocrx_word' id='word_1_75' title='bbox 538 957 611 995; x_wconf 91' lang='lat' dir='ltr'>aut</span> <span class='ocrx_word' id='word_1_76' title='bbox 643 954 810 1005; x_wconf 87' lang='lat' dir='ltr'>calathi,</span> <span class='ocrx_word' id='word_1_77' title='bbox 843 953 917 995; x_wconf 87' lang='lat' dir='ltr'>sed</span> <span class='ocrx_word' id='word_1_78' title='bbox 949 953 1051 996; x_wconf 91' lang='lat' dir='ltr'>cede</span> <span class='ocrx_word' id='word_1_79' title='bbox 1083 953 1302 996; x_wconf 88' lang='lat' dir='ltr'>madencia</span> <span class='ocrx_word' id='word_1_80' title='bbox 1332 954 1416 997; x_wconf 84' lang='lat' dir='ltr'>tela</span> 
     </span>
     <span class='ocr_line' id='line_1_19' title="bbox 335 1011 1209 1068; baseline 0 -14"><span class='ocrx_word' id='word_1_81' title='bbox 335 1011 534 1054; x_wconf 88' lang='lat' dir='ltr'>Officium</span> <span class='ocrx_word' id='word_1_82' title='bbox 565 1016 711 1055; x_wconf 86' lang='lat' dir='ltr'>nostre</span> <span class='ocrx_word' id='word_1_83' title='bbox 743 1025 1018 1068; x_wconf 84' lang='lat' dir='ltr'>composuere</span> <span class='ocrx_word' id='word_1_84' title='bbox 1049 1026 1209 1054; x_wconf 87' lang='lat' dir='ltr'>manus.</span> 
     </span>
    </p>
   </div>
   <div class='ocr_carea' id='block_1_9' title="bbox 121 1128 1572 2178">
    <p class='ocr_par' dir='ltr' id='par_1_9' title="bbox 121 1128 1572 2178">
     <span class='ocr_line' id='line_1_20' title="bbox 267 1128 1571 1186; baseline 0.002 -16"><span class='ocrx_word' id='word_1_85' title='bbox 267 1128 396 1170; x_wconf 82' lang='lat' dir='ltr'>Cuius</span> <span class='ocrx_word' id='word_1_86' title='bbox 415 1128 744 1172; x_wconf 85' lang='lat' dir='ltr'>affirmacionem</span> <span class='ocrx_word' id='word_1_87' title='bbox 763 1130 893 1186; x_wconf 83' lang='lat' dir='ltr'>Signe</span> <span class='ocrx_word' id='word_1_88' title='bbox 915 1134 1201 1173; x_wconf 88' lang='lat' dir='ltr'>consentaneo</span> <span class='ocrx_word' id='word_1_89' title='bbox 1225 1130 1571 1172; x_wconf 85' lang='lat' dir='ltr'>dissimulacionis</span> 
     </span>
     <span class='ocr_line' id='line_1_21' title="bbox 125 1188 1570 1245; baseline 0.002 -17"><span class='ocrx_word' id='word_1_90' title='bbox 125 1201 280 1242; x_wconf 83' lang='lat' dir='ltr'>genere</span> <span class='ocrx_word' id='word_1_91' title='bbox 302 1188 503 1243; x_wconf 87' lang='lat' dir='ltr'>prosequi</span> <span class='ocrx_word' id='word_1_92' title='bbox 525 1202 611 1230; x_wconf 90' lang='lat' dir='ltr'>non</span> <span class='ocrx_word' id='word_1_93' title='bbox 631 1192 806 1241; x_wconf 88' lang='lat' dir='ltr'>morata,</span> <span class='ocrx_word' id='word_1_94' title='bbox 836 1203 913 1245; x_wconf 89' lang='lat' dir='ltr'>par</span> <span class='ocrx_word' id='word_1_95' title='bbox 935 1202 1026 1230; x_wconf 90' lang='lat' dir='ltr'>esse</span> <span class='ocrx_word' id='word_1_96' title='bbox 1047 1188 1187 1240; x_wconf 82' lang='lat' dir='ltr'>refert,</span> <span class='ocrx_word' id='word_1_97' title='bbox 1218 1203 1368 1231; x_wconf 88' lang='lat' dir='ltr'>manus</span> <span class='ocrx_word' id='word_1_98' title='bbox 1394 1189 1570 1231; x_wconf 90' lang='lat' dir='ltr'>uulnera</span> 
     </span>
     <span class='ocr_line' id='line_1_22' title="bbox 124 1245 1572 1303; baseline 0.001 -17"><span class='ocrx_word' id='word_1_99' title='bbox 124 1245 281 1301; x_wconf 86' lang='lat' dir='ltr'>sepius,</span> <span class='ocrx_word' id='word_1_100' title='bbox 314 1259 439 1301; x_wconf 90' lang='lat' dir='ltr'>quam</span> <span class='ocrx_word' id='word_1_101' title='bbox 470 1247 644 1301; x_wconf 88' lang='lat' dir='ltr'>uellera,</span> <span class='ocrx_word' id='word_1_102' title='bbox 675 1261 861 1303; x_wconf 88' lang='lat' dir='ltr'>pugnam</span> <span class='ocrx_word' id='word_1_103' title='bbox 890 1261 1015 1302; x_wconf 90' lang='lat' dir='ltr'>quam</span> <span class='ocrx_word' id='word_1_104' title='bbox 1046 1261 1179 1303; x_wconf 88' lang='lat' dir='ltr'>pensa</span> <span class='ocrx_word' id='word_1_105' title='bbox 1214 1250 1443 1289; x_wconf 77' lang='lat' dir='ltr'>tractantes</span> <span class='ocrx_word' id='word_1_106' title='bbox 1476 1260 1572 1288; x_wconf 90' lang='lat' dir='ltr'>con-</span> 
     </span>
     <span class='ocr_line' id='line_1_23' title="bbox 126 1304 1570 1362; baseline 0 -17"><span class='ocrx_word' id='word_1_107' title='bbox 126 1308 373 1346; x_wconf 86' lang='lat' dir='ltr'>sentaneam</span> <span class='ocrx_word' id='word_1_108' title='bbox 407 1304 545 1347; x_wconf 87' lang='lat' dir='ltr'>officio</span> <span class='ocrx_word' id='word_1_109' title='bbox 593 1306 784 1362; x_wconf 88' lang='lat' dir='ltr'>preferre</span> <span class='ocrx_word' id='word_1_110' title='bbox 817 1305 1017 1348; x_wconf 90' lang='lat' dir='ltr'>duriciem</span> <span class='ocrx_word' id='word_1_111' title='bbox 1053 1319 1131 1347; x_wconf 91' lang='lat' dir='ltr'>nec</span> <span class='ocrx_word' id='word_1_112' title='bbox 1162 1305 1370 1347; x_wconf 80' lang='lat' dir='ltr'>tractabili</span> <span class='ocrx_word' id='word_1_113' title='bbox 1399 1305 1570 1346; x_wconf 88' lang='lat' dir='ltr'>femina-</span> 
     </span>
     <span class='ocr_line' id='line_1_24' title="bbox 124 1362 1570 1418; baseline 0 -14"><span class='ocrx_word' id='word_1_114' title='bbox 124 1377 217 1404; x_wconf 89' lang='lat' dir='ltr'>rum</span> <span class='ocrx_word' id='word_1_115' title='bbox 239 1362 504 1406; x_wconf 82' lang='lat' dir='ltr'>mollitudine</span> <span class='ocrx_word' id='word_1_116' title='bbox 527 1378 729 1406; x_wconf 82' lang='lat' dir='ltr'>eneruern</span> <span class='ocrx_word' id='word_1_117' title='bbox 759 1364 945 1406; x_wconf 85' lang='lat' dir='ltr'>leuitatis</span> <span class='ocrx_word' id='word_1_118' title='bbox 975 1364 1158 1418; x_wconf 84' lang='lat' dir='ltr'>speciem</span> <span class='ocrx_word' id='word_1_119' title='bbox 1189 1363 1336 1405; x_wconf 84' lang='lat' dir='ltr'>alienis</span> <span class='ocrx_word' id='word_1_120' title='bbox 1368 1364 1570 1405; x_wconf 90' lang='lat' dir='ltr'>contacti-</span> 
     </span>
     <span class='ocr_line' id='line_1_25' title="bbox 125 1420 1568 1478; baseline 0 -16"><span class='ocrx_word' id='word_1_121' title='bbox 125 1420 203 1463; x_wconf 86' lang='lat' dir='ltr'>bus</span> <span class='ocrx_word' id='word_1_122' title='bbox 235 1420 450 1463; x_wconf 86' lang='lat' dir='ltr'>exhibere.</span> <span class='ocrx_word' id='word_1_123' title='bbox 513 1421 682 1478; x_wconf 83' lang='lat' dir='ltr'>Quippe</span> <span class='ocrx_word' id='word_1_124' title='bbox 715 1436 785 1465; x_wconf 89' lang='lat' dir='ltr'>eas</span> <span class='ocrx_word' id='word_1_125' title='bbox 829 1422 981 1478; x_wconf 87' lang='lat' dir='ltr'>partim</span> <span class='ocrx_word' id='word_1_126' title='bbox 1023 1421 1171 1463; x_wconf 89' lang='lat' dir='ltr'>bellico</span> <span class='ocrx_word' id='word_1_127' title='bbox 1213 1422 1380 1474; x_wconf 87' lang='lat' dir='ltr'>labore,</span> <span class='ocrx_word' id='word_1_128' title='bbox 1419 1422 1568 1476; x_wconf 87' lang='lat' dir='ltr'>partim</span> 
     </span>
     <span class='ocr_line' id='line_1_26' title="bbox 125 1479 1569 1536; baseline 0 -16"><span class='ocrx_word' id='word_1_129' title='bbox 125 1479 354 1534; x_wconf 87' lang='lat' dir='ltr'>nauigandi</span> <span class='ocrx_word' id='word_1_130' title='bbox 395 1481 703 1524; x_wconf 90' lang='lat' dir='ltr'>consuetudine</span> <span class='ocrx_word' id='word_1_131' title='bbox 747 1481 920 1523; x_wconf 85' lang='lat' dir='ltr'>duratas</span> <span class='ocrx_word' id='word_1_132' title='bbox 953 1494 1056 1522; x_wconf 72' lang='lat' dir='ltr'>esse¹</span> <span class='ocrx_word' id='word_1_133' title='bbox 1117 1479 1268 1536; x_wconf 89' lang='lat' dir='ltr'>Neque</span> <span class='ocrx_word' id='word_1_134' title='bbox 1300 1480 1410 1522; x_wconf 91' lang='lat' dir='ltr'>enim</span> <span class='ocrx_word' id='word_1_135' title='bbox 1441 1479 1569 1521; x_wconf 90' lang='lat' dir='ltr'>bella-</span> 
     </span>
     <span class='ocr_line' id='line_1_27' title="bbox 124 1537 1566 1592; baseline 0 -14"><span class='ocrx_word' id='word_1_136' title='bbox 124 1538 273 1580; x_wconf 81' lang='lat' dir='ltr'>tricem</span> <span class='ocrx_word' id='word_1_137' title='bbox 312 1537 503 1584; x_wconf 83' lang='lat' dir='ltr'>Haconis</span> <span class='ocrx_word' id='word_1_138' title='bbox 545 1540 769 1582; x_wconf 89' lang='lat' dir='ltr'>uernulam</span> <span class='ocrx_word' id='word_1_139' title='bbox 811 1538 1087 1581; x_wconf 86' lang='lat' dir='ltr'>muliebribus</span> <span class='ocrx_word' id='word_1_140' title='bbox 1125 1538 1328 1580; x_wconf 89' lang='lat' dir='ltr'>inseruire</span> <span class='ocrx_word' id='word_1_141' title='bbox 1367 1538 1566 1592; x_wconf 84' lang='lat' dir='ltr'>negociis,</span> 
     </span>
     <span class='ocr_line' id='line_1_28' title="bbox 123 1595 1566 1653; baseline -0.001 -16"><span class='ocrx_word' id='word_1_142' title='bbox 123 1595 199 1637; x_wconf 92' lang='lat' dir='ltr'>sed</span> <span class='ocrx_word' id='word_1_143' title='bbox 257 1596 491 1639; x_wconf 84' lang='lat' dir='ltr'>iaculandis</span> <span class='ocrx_word' id='word_1_144' title='bbox 555 1597 687 1640; x_wconf 87' lang='lat' dir='ltr'>hastis</span> <span class='ocrx_word' id='word_1_145' title='bbox 738 1597 1074 1653; x_wconf 86' lang='lat' dir='ltr'>torquendisque</span> <span class='ocrx_word' id='word_1_146' title='bbox 1124 1596 1348 1639; x_wconf 89' lang='lat' dir='ltr'>missilibus</span> <span class='ocrx_word' id='word_1_147' title='bbox 1395 1595 1566 1637; x_wconf 89' lang='lat' dir='ltr'>oblitam</span> 
     </span>
     <span class='ocr_line' id='line_1_29' title="bbox 123 1653 1566 1703; baseline -0.001 -7"><span class='ocrx_word' id='word_1_148' title='bbox 123 1668 272 1697; x_wconf 86' lang='lat' dir='ltr'>cruore</span> <span class='ocrx_word' id='word_1_149' title='bbox 305 1653 529 1698; x_wconf 84' lang='lat' dir='ltr'>dexteram</span> <span class='ocrx_word' id='word_1_150' title='bbox 561 1656 710 1698; x_wconf 85' lang='lat' dir='ltr'>afferre</span> <span class='ocrx_word' id='word_1_151' title='bbox 750 1656 1034 1698; x_wconf 87' lang='lat' dir='ltr'>consueuisse.</span> <span class='ocrx_word' id='word_1_152' title='bbox 1097 1654 1384 1703; x_wconf 84' lang='lat' dir='ltr'>Quamobrem</span> <span class='ocrx_word' id='word_1_153' title='bbox 1414 1654 1566 1695; x_wconf 83' lang='lat' dir='ltr'>miran-</span> 
     </span>
     <span class='ocr_line' id='line_1_30' title="bbox 122 1711 1561 1770; baseline 0 -17"><span class='ocrx_word' id='word_1_154' title='bbox 122 1712 223 1754; x_wconf 89' lang='lat' dir='ltr'>dum</span> <span class='ocrx_word' id='word_1_155' title='bbox 251 1726 332 1756; x_wconf 91' lang='lat' dir='ltr'>non</span> <span class='ocrx_word' id='word_1_156' title='bbox 366 1727 470 1767; x_wconf 90' lang='lat' dir='ltr'>esse,</span> <span class='ocrx_word' id='word_1_157' title='bbox 500 1713 691 1769; x_wconf 84' lang='lat' dir='ltr'>plan*tas</span> <span class='ocrx_word' id='word_1_158' title='bbox 713 1714 876 1770; x_wconf 82' lang='lat' dir='ltr'>ingenti</span> <span class='ocrx_word' id='word_1_159' title='bbox 896 1713 1094 1756; x_wconf 88' lang='lat' dir='ltr'>itinerum</span> <span class='ocrx_word' id='word_1_160' title='bbox 1118 1712 1358 1755; x_wconf 88' lang='lat' dir='ltr'>emensione</span> <span class='ocrx_word' id='word_1_161' title='bbox 1379 1711 1561 1764; x_wconf 83' lang='lat' dir='ltr'>duratas,</span> 
     </span>
     <span class='ocr_line' id='line_1_31' title="bbox 122 1770 1565 1827; baseline -0.001 -15"><span class='ocrx_word' id='word_1_162' title='bbox 122 1785 310 1827; x_wconf 90' lang='lat' dir='ltr'>quasque</span> <span class='ocrx_word' id='word_1_163' title='bbox 352 1770 531 1814; x_wconf 85' lang='lat' dir='ltr'>decursa</span> <span class='ocrx_word' id='word_1_164' title='bbox 575 1773 707 1815; x_wconf 88' lang='lat' dir='ltr'>tocies</span> <span class='ocrx_word' id='word_1_165' title='bbox 736 1773 881 1814; x_wconf 88' lang='lat' dir='ltr'>littora</span> <span class='ocrx_word' id='word_1_166' title='bbox 911 1772 1070 1814; x_wconf 85' lang='lat' dir='ltr'>scabris</span> <span class='ocrx_word' id='word_1_167' title='bbox 1101 1770 1288 1826; x_wconf 89' lang='lat' dir='ltr'>lapidum</span> <span class='ocrx_word' id='word_1_168' title='bbox 1319 1770 1565 1825; x_wconf 84' lang='lat' dir='ltr'>fragmentis</span> 
     </span>
     <span class='ocr_line' id='line_1_32' title="bbox 121 1829 1565 1886; baseline -0.002 -16"><span class='ocrx_word' id='word_1_169' title='bbox 121 1829 393 1883; x_wconf 84' lang='lat' dir='ltr'>obtriuerint,</span> <span class='ocrx_word' id='word_1_170' title='bbox 442 1830 599 1873; x_wconf 87' lang='lat' dir='ltr'>calloso</span> <span class='ocrx_word' id='word_1_171' title='bbox 643 1831 779 1886; x_wconf 84' lang='lat' dir='ltr'>rigore</span> <span class='ocrx_word' id='word_1_172' title='bbox 832 1830 1065 1872; x_wconf 88' lang='lat' dir='ltr'>lentescere</span> <span class='ocrx_word' id='word_1_173' title='bbox 1120 1843 1199 1872; x_wconf 91' lang='lat' dir='ltr'>nec</span> <span class='ocrx_word' id='word_1_174' title='bbox 1238 1842 1380 1884; x_wconf 84' lang='lat' dir='ltr'>parem</span> <span class='ocrx_word' id='word_1_175' title='bbox 1422 1842 1565 1869; x_wconf 89' lang='lat' dir='ltr'>earum</span> 
     </span>
     <span class='ocr_line' id='line_1_33' title="bbox 122 1884 1564 1945; baseline -0.002 -17"><span class='ocrx_word' id='word_1_176' title='bbox 122 1887 397 1930; x_wconf 90' lang='lat' dir='ltr'>teneritudini</span> <span class='ocrx_word' id='word_1_177' title='bbox 419 1892 661 1932; x_wconf 86' lang='lat' dir='ltr'>contactum</span> <span class='ocrx_word' id='word_1_178' title='bbox 683 1903 758 1945; x_wconf 89' lang='lat' dir='ltr'>pre</span> <span class='ocrx_word' id='word_1_179' title='bbox 780 1903 826 1931; x_wconf 88' lang='lat' dir='ltr'>se</span> <span class='ocrx_word' id='word_1_180' title='bbox 848 1889 974 1941; x_wconf 89' lang='lat' dir='ltr'>ferre,</span> <span class='ocrx_word' id='word_1_181' title='bbox 1007 1901 1182 1943; x_wconf 86' lang='lat' dir='ltr'>quarum</span> <span class='ocrx_word' id='word_1_182' title='bbox 1209 1885 1387 1941; x_wconf 82' lang='lat' dir='ltr'>uestigia</span> <span class='ocrx_word' id='word_1_183' title='bbox 1409 1884 1564 1939; x_wconf 83' lang='lat' dir='ltr'>digres-</span> 
     </span>
     <span class='ocr_line' id='line_1_34' title="bbox 123 1943 1565 2002; baseline -0.003 -15"><span class='ocrx_word' id='word_1_184' title='bbox 123 1960 194 1987; x_wconf 91' lang='lat' dir='ltr'>sus</span> <span class='ocrx_word' id='word_1_185' title='bbox 227 1947 425 2002; x_wconf 85' lang='lat' dir='ltr'>expercia</span> <span class='ocrx_word' id='word_1_186' title='bbox 463 1948 608 1990; x_wconf 87' lang='lat' dir='ltr'>aulicis</span> <span class='ocrx_word' id='word_1_187' title='bbox 655 1948 811 2001; x_wconf 87' lang='lat' dir='ltr'>iugiter</span> <span class='ocrx_word' id='word_1_188' title='bbox 841 1946 1052 1988; x_wconf 88' lang='lat' dir='ltr'>liminibus</span> <span class='ocrx_word' id='word_1_189' title='bbox 1085 1943 1365 1987; x_wconf 86' lang='lat' dir='ltr'>includantur.</span> <span class='ocrx_word' id='word_1_190' title='bbox 1428 1943 1565 1991; x_wconf 90' lang='lat' dir='ltr'>Quam</span> 
     </span>
     <span class='ocr_line' id='line_1_35' title="bbox 121 2001 1564 2062; baseline -0.003 -17"><span class='ocrx_word' id='word_1_191' title='bbox 121 2018 215 2045; x_wconf 86' lang='lat' dir='ltr'>cum</span> <span class='ocrx_word' id='word_1_192' title='bbox 246 2004 540 2061; x_wconf 85' lang='lat' dir='ltr'>Hagbarthus,</span> <span class='ocrx_word' id='word_1_193' title='bbox 571 2006 748 2062; x_wconf 88' lang='lat' dir='ltr'>perinde</span> <span class='ocrx_word' id='word_1_194' title='bbox 781 2019 829 2047; x_wconf 89' lang='lat' dir='ltr'>ac</span> <span class='ocrx_word' id='word_1_195' title='bbox 863 2004 1183 2046; x_wconf 87' lang='lat' dir='ltr'>honoraciorem</span> <span class='ocrx_word' id='word_1_196' title='bbox 1215 2001 1396 2044; x_wconf 90' lang='lat' dir='ltr'>cubandi</span> <span class='ocrx_word' id='word_1_197' title='bbox 1425 2002 1564 2042; x_wconf 88' lang='lat' dir='ltr'>locum</span> 
     </span>
     <span class='ocr_line' id='line_1_36' title="bbox 121 2058 1562 2119; baseline -0.003 -16"><span class='ocrx_word' id='word_1_198' title='bbox 121 2062 363 2116; x_wconf 87' lang='lat' dir='ltr'>habiturus,</span> <span class='ocrx_word' id='word_1_199' title='bbox 403 2064 516 2106; x_wconf 89' lang='lat' dir='ltr'>thori</span> <span class='ocrx_word' id='word_1_200' title='bbox 556 2064 713 2107; x_wconf 86' lang='lat' dir='ltr'>sociam</span> <span class='ocrx_word' id='word_1_201' title='bbox 745 2064 986 2119; x_wconf 82' lang='lat' dir='ltr'>recepisset,</span> <span class='ocrx_word' id='word_1_202' title='bbox 1018 2063 1126 2104; x_wconf 87' lang='lat' dir='ltr'>inter</span> <span class='ocrx_word' id='word_1_203' title='bbox 1156 2064 1302 2104; x_wconf 89' lang='lat' dir='ltr'>mutue</span> <span class='ocrx_word' id='word_1_204' title='bbox 1333 2058 1562 2114; x_wconf 88' lang='lat' dir='ltr'>uoluptatis</span> 
     </span>
     <span class='ocr_line' id='line_1_37' title="bbox 121 2119 1117 2178; baseline -0.001 -16"><span class='ocrx_word' id='word_1_205' title='bbox 121 2120 333 2178; x_wconf 89' lang='lat' dir='ltr'>colloquia</span> <span class='ocrx_word' id='word_1_206' title='bbox 363 2121 517 2165; x_wconf 85' lang='lat' dir='ltr'>talibus</span> <span class='ocrx_word' id='word_1_207' title='bbox 548 2123 704 2165; x_wconf 85' lang='lat' dir='ltr'>sensim</span> <span class='ocrx_word' id='word_1_208' title='bbox 736 2122 842 2164; x_wconf 88' lang='lat' dir='ltr'>orsis</span> <span class='ocrx_word' id='word_1_209' title='bbox 875 2119 1117 2176; x_wconf 88' lang='lat' dir='ltr'>compellat:</span> 
     </span>
    </p>
   </div>
   <div class='ocr_carea' id='block_1_10' title="bbox 532 2237 1203 2702">
    <p class='ocr_par' dir='ltr' id='par_1_10' title="bbox 532 2237 1203 2702">
     <span class='ocr_line' id='line_1_38' title="bbox 537 2237 1107 2294; baseline -0.004 -14"><span class='ocrx_word' id='word_1_210' title='bbox 537 2237 582 2280; x_wconf 81' lang='lat' dir='ltr'>Si</span> <span class='ocrx_word' id='word_1_211' title='bbox 614 2242 785 2294; x_wconf 91' lang='lat' dir='ltr'>captum</span> <span class='ocrx_word' id='word_1_212' title='bbox 815 2237 978 2293; x_wconf 85' lang='lat' dir='ltr'>genitor</span> <span class='ocrx_word' id='word_1_213' title='bbox 1008 2241 1107 2278; x_wconf 79' lang='lat' dir='ltr'>tuus</span> 
     </span>
     <span class='ocr_line' id='line_1_39' title="bbox 532 2294 1075 2346; baseline -0.006 -8"><span class='ocrx_word' id='word_1_214' title='bbox 532 2297 604 2338; x_wconf 88' lang='lat' dir='ltr'>Me</span> <span class='ocrx_word' id='word_1_215' title='bbox 634 2296 744 2339; x_wconf 89' lang='lat' dir='ltr'>tristi</span> <span class='ocrx_word' id='word_1_216' title='bbox 776 2295 941 2338; x_wconf 78' lang='lat' dir='ltr'>dederit</span> <span class='ocrx_word' id='word_1_217' title='bbox 970 2294 1075 2346; x_wconf 90' lang='lat' dir='ltr'>neci,</span> 
     </span>
     <span class='ocr_line' id='line_1_40' title="bbox 534 2352 1120 2410; baseline -0.007 -13"><span class='ocrx_word' id='word_1_218' title='bbox 534 2354 739 2410; x_wconf 87' lang='lat' dir='ltr'>Nunquid</span> <span class='ocrx_word' id='word_1_219' title='bbox 771 2353 950 2408; x_wconf 86' lang='lat' dir='ltr'>coniugii</span> <span class='ocrx_word' id='word_1_220' title='bbox 981 2352 1120 2406; x_wconf 86' lang='lat' dir='ltr'>fidem,</span> 
     </span>
     <span class='ocr_line' id='line_1_41' title="bbox 535 2411 1108 2464; baseline -0.003 -10"><span class='ocrx_word' id='word_1_221' title='bbox 535 2413 660 2455; x_wconf 87' lang='lat' dir='ltr'>Tanti</span> <span class='ocrx_word' id='word_1_222' title='bbox 691 2411 846 2455; x_wconf 88' lang='lat' dir='ltr'>federis</span> <span class='ocrx_word' id='word_1_223' title='bbox 875 2411 1108 2464; x_wconf 90' lang='lat' dir='ltr'>immemor,</span> 
     </span>
     <span class='ocr_line' id='line_1_42' title="bbox 534 2468 1203 2525; baseline -0.006 -12"><span class='ocrx_word' id='word_1_224' title='bbox 534 2471 641 2514; x_wconf 91' lang='lat' dir='ltr'>Post</span> <span class='ocrx_word' id='word_1_225' title='bbox 665 2471 804 2512; x_wconf 80' lang='lat' dir='ltr'>fatum</span> <span class='ocrx_word' id='word_1_226' title='bbox 834 2472 1000 2525; x_wconf 86' lang='lat' dir='ltr'>repetes</span> <span class='ocrx_word' id='word_1_227' title='bbox 1029 2468 1203 2510; x_wconf 81' lang='lat' dir='ltr'>meum?</span> 
     </span>
     <span class='ocr_line' id='line_1_43' title="bbox 534 2525 1132 2577; baseline -0.005 -6"><span class='ocrx_word' id='word_1_228' title='bbox 534 2527 644 2571; x_wconf 88' lang='lat' dir='ltr'>Nam</span> <span class='ocrx_word' id='word_1_229' title='bbox 676 2529 711 2571; x_wconf 88' lang='lat' dir='ltr'>si</span> <span class='ocrx_word' id='word_1_230' title='bbox 741 2542 832 2571; x_wconf 84' lang='lat' dir='ltr'>sors</span> <span class='ocrx_word' id='word_1_231' title='bbox 865 2541 916 2570; x_wconf 84' lang='lat' dir='ltr'>ea</span> <span class='ocrx_word' id='word_1_232' title='bbox 947 2525 1132 2577; x_wconf 87' lang='lat' dir='ltr'>cesserit,</span> 
     </span>
     <span class='ocr_line' id='line_1_44' title="bbox 535 2585 1170 2642; baseline -0.005 -13"><span class='ocrx_word' id='word_1_233' title='bbox 535 2585 667 2629; x_wconf 88' lang='lat' dir='ltr'>Haud</span> <span class='ocrx_word' id='word_1_234' title='bbox 698 2600 822 2642; x_wconf 91' lang='lat' dir='ltr'>spero</span> <span class='ocrx_word' id='word_1_235' title='bbox 854 2585 979 2627; x_wconf 90' lang='lat' dir='ltr'>uenie</span> <span class='ocrx_word' id='word_1_236' title='bbox 1007 2585 1170 2637; x_wconf 78' lang='lat' dir='ltr'>locum3</span> 
     </span>
     <span class='ocr_line' id='line_1_45' title="bbox 538 2642 1128 2702; baseline 0 -15"><span class='ocrx_word' id='word_1_237' title='bbox 538 2644 628 2687; x_wconf 87' lang='lat' dir='ltr'>Nec</span> <span class='ocrx_word' id='word_1_238' title='bbox 657 2658 832 2702; x_wconf 84' lang='lat' dir='ltr'>parcens</span> <span class='ocrx_word' id='word_1_239' title='bbox 866 2642 1128 2687; x_wconf 85' lang='lat' dir='ltr'>miserebitur</span> 
     </span>
    </p>
   </div>
   <div class='ocr_carea' id='block_1_11' title="bbox 1624 906 1721 939">
    <p class='ocr_par' dir='ltr' id='par_1_11' title="bbox 1624 906 1721 939">
     <span class='ocr_line' id='line_1_46' title="bbox 1624 906 1721 939; baseline -0.021 -6"><span class='ocrx_word' id='word_1_240' title='bbox 1624 914 1652 939; x_wconf 79' lang='lat' dir='ltr'>p.</span> <span class='ocrx_word' id='word_1_241' title='bbox 1673 906 1721 932; x_wconf 70' lang='lat'>312</span> 
     </span>
    </p>
   </div>
   <div class='ocr_carea' id='block_1_12' title="bbox 1645 1136 1731 1170">
    <p class='ocr_par' dir='ltr' id='par_1_12' title="bbox 1645 1136 1731 1170">
     <span class='ocr_line' id='line_1_47' title="bbox 1645 1136 1731 1170; baseline 0 -6"><span class='ocrx_word' id='word_1_242' title='bbox 1645 1136 1731 1170; x_wconf 78' lang='lat'>(130)</span> 
     </span>
    </p>
   </div>
   <div class='ocr_carea' id='block_1_13' title="bbox 1599 1723 1726 1752">
    <p class='ocr_par' dir='ltr' id='par_1_13' title="bbox 1599 1723 1726 1752">
     <span class='ocr_line' id='line_1_48' title="bbox 1599 1723 1726 1752; baseline 0.008 -1"><span class='ocrx_word' id='word_1_243' title='bbox 1599 1723 1726 1752; x_wconf 74' lang='lat' dir='ltr'>Lxlxb</span> 
     </span>
    </p>
   </div>
  </div>
 </body>
</html>
