1884 3126
29 930 60 956 10

24 1220 58 1248 15

633 285 686 291 —-
746 261 887 305 XIIII
947 287 999 292 —
1460 263 1542 304 517

90 390 296 433 attonitos
328 391 509 446 reliquit.
573 389 702 432 Cuius
735 391 964 434 excellenti
987 392 1146 434 uirtute
1177 395 1343 433 tantum
1374 404 1544 447 promo-

91 455 182 491 tum
215 454 292 503 est,
326 455 374 491 ut
406 450 605 504 deinceps
640 449 779 491 Sola-ui
813 464 984 491 manum
1031 465 1126 491 cum
1158 450 1291 491 Danis
1324 451 1414 492 acie
1447 463 1544 490 con·

91 522 235 550 serere
266 522 350 549 non
383 508 606 550 auderent.

207 566 334 608 Anno
367 571 539 621 postero
571 565 706 607 Danis
738 565 1066 621 expedicionem
1099 566 1364 622 parantibus,
1397 566 1543 620 Rugy-

93 639 229 674 enses,
264 625 317 665 ob
349 629 566 666 recentem
598 624 759 666 cladem
782 624 1036 680 suscipiendi
1061 625 1159 666 belli
1191 625 1345 666 fiducia
1376 623 1543 675 defecti,

92 683 360 724 Domborum
407 681 641 738 quendam,
682 683 889 738 prestanti
932 682 1151 736 facundia,
1200 682 1252 724 ad
1296 696 1442 738 pacem
1490 682 1544 724 ab

91 741 192 796 ipsis
217 741 444 795 petendam
467 741 712 782 decernunt.
759 740 853 789 Quo
878 740 1070 782 Absalon
1095 740 1302 796 exflcepto,
1325 741 1544 796 nauigium

92 800 180 841 eius
213 799 503 856 expedicionis
544 800 711 841 sibimet
752 799 1038 852 usui-uertit,
1071 800 1210 840 nautis
1243 813 1367 852 uero,
1401 800 1542 854 quoad

92 861 403 907 reuerteretur,
445 858 634 914 hospicia
676 872 769 899 cum
815 858 1019 913 impensis
1051 858 1320 913 expedienda
1365 859 1544 912 curauit,

90 918 271 972 ipsoque
296 916 516 958 Domboro
550 931 693 959 secum
718 921 948 971 assumpto,
981 916 1096 971 regie
1119 916 1261 957 classis
1285 920 1544 958 conuentum

90 975 257 1030 petiuit.
330 974 547 1030 Siquidem
588 975 751 1030 legatos
792 974 976 1016 hostium
1020 974 1311 1030 expedicionis
1353 981 1543 1029 tempore

92 1037 313 1089 susceptos
345 1032 398 1074 ad
430 1032 612 1074 reditum
644 1047 777 1088 usque
811 1033 924 1085 eius,
967 1037 1116 1074 mutua
1146 1032 1426 1087 Rugiensium
1460 1033 1545 1074 Da-

92 1106 328 1147 norumque
379 1091 711 1143 consuetudine,
755 1091 956 1145 retentari
999 1091 1061 1133 fas
1102 1096 1218 1144 erat,
1266 1105 1318 1133 ne
1359 1090 1410 1132 ad
1445 1105 1544 1132 suos

92 1154 332 1191 exterarum
366 1164 507 1191 rerum
529 1151 670 1191 nuncii
693 1154 1022 1201 reuerterentur,
1048 1149 1356 1205 speculacionis
1394 1149 1544 1204 pocius

90 1222 214 1264 quam
259 1208 489 1262 legacionis
531 1208 667 1251 officia
709 1209 934 1263 peracturi.
1010 1207 1091 1249 Sed
1137 1209 1345 1249 contrarie
1385 1213 1544 1263 tempe-

90 1267 210 1309 statis
232 1268 559 1321 perseuerancia
581 1266 906 1320 nauigacionem
930 1270 1135 1319 morante,
1162 1281 1254 1308 eum
1279 1266 1378 1319 Iuti',
1400 1266 1543 1307 laben-

91 1326 203 1367 tibus
237 1325 458 1374 alimentis,
492 1325 815 1381 expedicionem
857 1325 1036 1366 soluturi
1081 1325 1355 1375 uiderentur,
1397 1338 1544 1367 eorum

91 1384 273 1438 egestati
307 1382 610 1426 Sialandenses
643 1398 692 1425 ac
724 1383 873 1435 Scani,
916 1383 1119 1438 impensis
1159 1383 1389 1424 liberaliter
1434 1397 1544 1424 com-

57 1442 60 1446 ’
92 1442 314 1489 meatibus,
347 1442 573 1494 affuerunt,
605 1456 657 1483 ne
690 1446 807 1483 tanta
838 1441 993 1482 uirium
1025 1447 1148 1496 parte
1179 1442 1365 1496 maligno
1399 1455 1544 1483 neces-

22 1511 58 1538 20

24 2092 60 2119 30

26 2384 61 2412 35

90 1501 224 1542 sitatis
269 1500 488 1543 obstaculo
530 1500 840 1542 fraudarentur.
910 1499 1158 1542 Fionienses
1201 1514 1327 1551 uerO,
1372 1500 1544 1541 tametsi

92 1559 393 1601 commeatibus
411 1559 692 1610 abundarent,
710 1572 763 1599 ne
785 1558 996 1600 minimam
1018 1558 1186 1614 quidem
1208 1573 1355 1600 eorum
1378 1562 1544 1613 partem

91 1617 144 1658 ad
201 1616 523 1659 sustentandam
567 1617 778 1659 sociorum
824 1617 1011 1671 inopiam
1057 1617 1341 1659 contulerunt.
1419 1616 1543 1664 Quod

92 1674 242 1716 uidens
282 1675 524 1717 Domborus
565 1689 735 1729 pacem,
788 1689 912 1730 quan]
956 1678 1053 1716 ante
1094 1675 1278 1730 supplex
1317 1675 1544 1730 petiuerat,

94 1734 172 1775 sub
212 1733 326 1789 equis
366 1738 528 1775 tantum
573 1733 890 1775 condicionibus
936 1733 1156 1775 offerebat.
1220 1733 1416 1775 Ceterum
1458 1732 1543 1773 Ab·

23 1802 40 1828 *2
91 1792 247 1833 salonis
280 1792 392 1846 apud
426 1806 571 1846 regem
603 1792 889 1833 interuentum
921 1792 1138 1846 poscebat.
1191 1792 1229 1833 A
1253 1806 1337 1847 quo
1362 1791 1544 1833 oblacio-

91 1864 188 1892 nem
231 1864 351 1892 suam
394 1850 554 1906 liquida
600 1849 683 1891 fide
731 1850 930 1905 prosequi
975 1854 1170 1903 rogatus,
1218 1850 1406 1906 pignoris
1451 1849 1543 1891 loco

91 1908 283 1963 lapillum
325 1923 369 1950 se
415 1922 526 1962 aque
568 1908 818 1950 iniecturum
867 1908 1059 1950 asseruit.
1132 1907 1348 1964 Siquidem
1396 1907 1543 1949 icturis

92 1965 215 2007 fedus
248 1966 437 2007 barbaris
469 1966 663 2021 religioni
699 1969 787 2007 erat
819 1966 1028 2007 calculum
1068 1966 1109 2007 in
1144 1967 1277 2008 undas
1319 1965 1542 2018 coniicere,

91 2039 246 2080 seque,
301 2025 335 2065 si
386 2028 513 2080 paeto
566 2025 733 2066 obuiam
781 2024 936 2075 issent,
983 2025 1108 2067 mersi
1147 2024 1298 2080 lapidis
1345 2025 1542 2079 exemplo

92 2083 304 2137 perituros
349 2097 484 2125 orare.
547 2082 628 2124 Sed
674 2086 819 2124 contra
859 2087 1064 2138 poscente
1106 2083 1275 2125 obsides
1315 2082 1544 2133 Absalone,

94 2141 326 2196 fucosaque
344 2142 699 2196 supersticionum
718 2140 937 2182 mendacia
954 2141 995 2182 in
1012 2141 1138 2183 rebus
1161 2142 1279 2183 seriis
1302 2140 1544 2196 recipienda

93 2205 292 2253 negante,
325 2198 438 2239 haud
469 2211 685 2255 quaquam
717 2198 937 2240 Domboro
971 2205 1119 2241 mutua
1157 2199 1435 2255 petendorum
1470 2198 1543 2240 ob-

94 2257 231 2298 sidum
262 2256 419 2298 fiducia
451 2257 597 2300 defuit.
661 2257 785 2306 Quod
819 2257 1011 2299 Absalon
1045 2257 1216 2312 indigne
1254 2259 1420 2309 ferens,
1454 2256 1544 2298 Ru-

95 2316 242 2370 gianos
276 2330 360 2356 non
393 2316 531 2357 solum
563 2315 731 2357 obsides
754 2315 903 2368 Darnis,
936 2315 1009 2357 sed
1034 2316 1167 2357 eciam
1199 2317 1423 2370 pecuniam
1448 2329 1544 2355 cum

93 2373 400 2430 supplementis
441 2373 584 2416 classis
618 2373 904 2415 transmittere
937 2374 1082 2416 solitos
1122 2374 1416 2423 asseuerabat,
1449 2386 1542 2413 cum

94 2432 207 2473 Dani
247 2431 350 2472 nihil
391 2432 475 2473 tale
506 2431 715 2486 Rugianis
748 2429 957 2487 umlquam
991 2446 1016 2473 a
1048 2447 1093 2473 se
1141 2446 1389 2474 concessum
1430 2431 1542 2472 solu-

95 2494 242 2531 tumue
276 2489 553 2530 meminerint.
617 2488 738 2530 Tunc
768 2489 1026 2542 Domborus,
1059 2490 1103 2532 Si
1135 2491 1361 2544 sapiencia,
1393 2489 1542 2544 inquit,

97 2562 178 2603 qua
210 2552 252 2588 te
282 2547 495 2602 preditum
528 2547 770 2599 existimas,
805 2547 951 2601 uiges,
986 2562 1069 2603 que
1100 2548 1131 2589 av
1156 2562 1221 2589 me
1266 2546 1545 2602 proponenda

97 2610 209 2657 sunt,
240 2604 365 2646 docili
396 2605 536 2647 animo
569 2605 778 2660 excipies,
820 2606 956 2646 tenaci
1001 2606 1202 2647 memoria
1235 2603 1543 2660 apprehendes.

27 2677 64 2707 40
96 2663 291 2721 Quisquis
324 2663 401 2705 rite
434 2677 479 2705 se
513 2663 635 2719 gerit,
668 2663 777 2706 circa
814 2663 895 2710 tria
924 2667 1118 2726 tempora
1159 2664 1342 2708 maxime
1385 2662 1543 2719 cogita-

1599 747 1693 781 (291)

1598 2435 1694 2468 p.756
