1884 3126
753 786 1017 840 ΒΑΧΟΝΙῠἸ
1055 787 1443 841 GRAMMATICI

711 893 1124 936 HISTORIE
1175 893 1495 935 DANICE

911 987 1055 1020 LIBER
1089 986 1288 1021 SEXTVS.

518 1102 744 1175 Defuncto
796 1133 1037 1186 Fiothone,
1089 1133 1201 1175 Dani
1251 1133 1522 1187 Fridleuum‚
1584 1133 1655 1188 qui
1705 1134 1819 1190 apud

332 1211 347 1236 5
380 1199 579 1240 Rusciam
603 1197 873 1248 educabatur,
898 1197 1003 1239 falso
1028 1198 1261 1239 extinctum
1284 1197 1375 1263 rati,
1407 1212 1500 1239 eum
1532 1198 1614 1239 iam
1640 1212 1820 1265 regnum

380 1256 548 1298 heredis
590 1256 732 1311 inopia
779 1255 1014 1297 claudicare
1057 1269 1133 1297 nec
1174 1255 1215 1296 in
1259 1256 1376 1310 regia
1416 1259 1544 1309 gente
1586 1249 1820 1298 continuari

380 1328 505 1369 posse
537 1313 771 1364 uideretur
816 1313 928 1354 hunc
959 1318 1127 1368 sceptro
1162 1313 1452 1367 dignissimum
1490 1313 1680 1355 atr-bitiati
1711 1318 1819 1369 sunt,

380 1373 450 1427 qui
481 1372 718 1413 illustrandi
749 1371 976 1413 Frothonis
1023 1372 1164 1426 gracia
1205 1371 1367 1413 recenti
1414 1371 1502 1412 eius
1541 1372 1704 1414 tumulo
1734 1373 1821 1428 ple-

381 1444 480 1472 num
531 1429 668 1471 laudis
714 1443 882 1470 carmen
930 1430 1147 1484 affigeret,
1199 1428 1440 1484 famamque
1486 1428 1661 1471 extincti
1707 1430 1820 1485 regis

312 1499 347 1525 10
380 1488 572 1544 specioso
605 1487 785 1542 posteris
818 1487 940 1528 titulo
974 1487 1300 1528 commendaret.
1345 1487 1465 1528 Tunc
1495 1486 1665 1542 quidam
1698 1487 1823 1529 Hiar-

382 1561 472 1596 nus,
505 1546 665 1588 Danice
698 1545 751 1586 ad
788 1545 958 1587 modum
990 1545 1129 1600 poesis
1161 1545 1345 1600 peritus,
1388 1549 1433 1585 ut
1465 1544 1699 1587 claritatem
1744 1545 1823 1587 uiri

380 1604 533 1658 insigni
564 1603 771 1645 dictorum
805 1607 1079 1644 monumento
1111 1607 1453 1658 prosequeretur,
1484 1602 1632 1657 premii
1664 1604 1822 1658 magni-

381 1661 527 1703 tudine
557 1662 815 1712 eoncitatus,
862 1674 979 1701 more
1018 1675 1095 1703 suo
1138 1660 1365 1702 barbarum
1397 1660 1584 1701 condidit
1624 1664 1821 1703 metrum.

383 1719 512 1761 Cuius
543 1719 802 1761 intellectum
845 1723 1025 1774 quatuor
1058 1718 1275 1760 uersiculis
1317 1718 1475 1760 editum
1505 1718 1547 1759 in
1581 1718 1660 1760 hec
1690 1720 1821 1760 uerba

313 1787 348 1814 15
383 1777 649 1833 transcripsi:

438 1865 697 1907 Frothonem
728 1864 854 1918 Dani,
890 1878 1014 1920 quem
1046 1864 1223 1919 longum
1255 1863 1400 1904 uiuere
1431 1863 1604 1917 uellent,

519 1923 602 1965 Per
634 1938 709 1965 sua
741 1922 985 1964 defunctum
1017 1936 1116 1963 rura
1146 1921 1280 1963 tulere
1311 1921 1393 1962 diu.

438 1980 645 2036 Principis
688 1981 769 2022 hoc
812 1981 963 2022 summi
992 1979 1249 2022 tumulatum
1281 1979 1438 2034 cespite
1467 1991 1618 2033 corpus

522 2038 681 2081 Ethere
714 2038 793 2081 sub
823 2037 981 2094 liquido
1011 2037 1125 2079 nuda
1156 2036 1349 2079 recondit
1382 2037 1549 2078 humus.

312 2146 349 2173 20
519 2125 614 2173 Quo
648 2124 828 2165 carmine
862 2124 987 2174 edito,
1019 2126 1235 2165 auctorem
1261 2122 1375 2165 Dani
1408 2122 1645 2164 diademate
1677 2137 1823 2164 mune-

380 2183 462 2224 rati
493 2187 603 2225 sunt.
647 2182 715 2224 Ita
745 2182 799 2224 ab
831 2183 890 2224 eis
923 2182 1185 2238 epitaphium
1216 2195 1344 2236 regno
1376 2194 1600 2236 repensum
1643 2181 1823 2236 imperii-

383 2256 467 2297 que
497 2240 664 2296 pondus
709 2254 939 2295 paucarum
980 2239 1196 2282 literarum
1241 2238 1459 2280 contextui
1501 2238 1702 2280 donatum
1746 2243 1821 2280 est.

382 2298 506 2341 Adeo
549 2299 649 2340 exili
695 2296 919 2364 imlpendio
962 2299 1111 2353 ingens
1158 2298 1365 2353 premium
1411 2297 1539 2339 stetit.
1609 2296 1822 2338 Eximium

384 2356 528 2412 exigui
560 2356 768 2422 poematis
789 2356 975 2411 precium
1007 2355 1165 2396 famam
1196 2369 1364 2411 quoque
1388 2354 1616 2396 Cesariane
1646 2354 1823 2397 retribu-

312 2435 349 2462 25
383 2415 513 2456 cionis
548 2415 740 2456 excessit.
783 2414 923 2455 Diuus
953 2413 1162 2469 siquidem
1183 2413 1316 2454 Iulius
1347 2412 1622 2454 uictoriarum
1652 2426 1823 2453 suarum

381 2476 472 2514 toto
508 2472 610 2515 orbe
643 2472 848 2514 editarum
882 2471 1128 2526 scriptorem
1170 2470 1556 2525 illustratoremque
1595 2469 1821 2524 municipio

384 2530 544 2572 donare
591 2533 814 2572 contentus
856 2530 1008 2571 extitit.
1075 2527 1200 2570 Nunc
1242 2542 1344 2570 uero
1390 2529 1604 2570 rusticano
1644 2541 1821 2582 regnum

386 2587 564 2644 prodiga
609 2587 743 2644 plebis
794 2587 1035 2630 humanitas
1082 2586 1288 2642 erogauit.
1364 2585 1447 2628 Sed
1498 2599 1551 2627 ne
1595 2584 1819 2627 Africanus
