1884 3126
16 879 50 905 10

12 1169 50 1196 15

12 1748 49 1775 25

15 2037 51 2064 30

15 2304 51 2354 '35

623 238 679 244 —
738 212 879 256 XIIII
941 239 994 244 —-
1449 213 1532 254 479

84 339 371 382 struebantur.
431 338 676 382 Aduertens
707 339 840 406 igitur
870 355 960 394 reX,
992 345 1192 383 nutantes
1222 340 1359 407 patrie
1389 354 1459 384 res
1491 343 1533 382 et

83 399 165 439 iam
198 412 307 464 pene
340 398 546 454 collapsas
578 412 623 439 se
654 399 835 465 propriis
862 374 1024 441 uiribus
1056 413 1080 440 a
1108 399 1284 454 piratica
1316 398 1532 440 uindicare

84 457 271 512 nequire,
303 456 478 498 Henrici
510 456 641 510 ducis,
675 456 793 498 cuius
825 457 1011 511 insignes
1045 472 1096 499 ea
1128 461 1386 513 tempestate
1418 457 1531 499 uires

84 515 217 563 fuere,
249 514 477 556 aduersum
510 513 684 556 Sclauos
718 528 841 570 opem
873 515 1065 570 pecuniis
1098 514 1424 570 promerendam
1456 529 1533 581 pu-

83 573 203 614 tauit.
254 571 332 613 Cui
365 572 481 614 mille
499 572 754 628 quingentas
776 573 940 628 argenti
971 573 1100 615 libras
1125 573 1331 615 mercedis
1363 574 1533 615 nomine

83 630 310 687 pollicitus,
343 631 512 686 publica
543 630 775 673 collacione
806 644 1013 672 summam
1046 631 1250 686 expleuit.
1312 630 1371 673 At
1416 631 1532 673 Hen-

82 690 207 739 rieus,
241 689 360 729 cuius
392 688 553 730 uenalis
584 689 719 743 magis
751 702 879 744 quam
922 689 1037 730 utilis
1069 689 1258 730 amicicia
1303 695 1429 742 esset,
1460 705 1532 745 pe-

83 747 250 788 cuniam
283 751 516 799 assecutus,
550 746 618 788 uel
652 748 751 802 quia
773 746 908 788 noluit
931 747 1001 789 uel
1025 747 1125 802 quia
1155 747 1359 803 nequiuit,
1383 762 1531 803 parum

82 805 288 846 stabiliter
320 805 361 846 in
393 805 602 860 promisso
635 819 680 846 se
702 805 845 860 gessit.
890 804 957 846 Ita
988 818 1078 858 reX,
1108 819 1194 846 non
1216 811 1391 861 accepta
1413 820 1531 861 pace,

82 863 182 904 dum
213 863 352 918 patrie
384 863 510 905 rebus
540 863 761 904 consulere
783 862 934 919 querit,
958 863 1167 904 miseriam
1193 863 1282 904 eius
1318 863 1531 907 dedecore

83 921 331 962 cumulauit.
409 920 505 969 Que
555 935 622 962 res
674 921 903 963 aduersum
957 934 1053 962 eum
1104 921 1373 977 popularium
1425 923 1530 963 iram

83 980 221 1020 acrius
254 978 499 1027 destrinxit,
532 978 723 1021 deforme
762 979 1037 1032 ducencium,
1068 993 1220 1034 pacem
1253 993 1406 1034 censu,
1445 994 1531 1021 non

83 1038 207 1078 armis
252 1037 443 1092 exquiri,
490 1051 843 1093 communemque
891 1038 1072 1093 patriam
1124 1038 1236 1092 regis
1286 1037 1396 1079 uicio
1441 1052 1532 1080 esse

83 1095 322 1150 deceptam.

221 1153 359 1207 Igitur
382 1152 538 1206 Sueno,
571 1153 803 1208 desperatis
834 1154 1041 1195 malorum
1069 1153 1278 1204 remediis,
1301 1168 1324 1195 a
1345 1153 1531 1209 piraticis

82 1211 280 1266 periculis
317 1211 616 1266 propulsandis
649 1211 702 1252 ad
735 1213 848 1254 ciues
878 1226 1016 1267 usque
1047 1211 1261 1253 cauendos
1294 1225 1436 1253 euram
1469 1226 1532 1251 re-

82 1270 225 1321 torsit3
258 1270 562 1325 renouatisque
593 1270 930 1324 suspicionibus,
963 1269 1290 1311 Waldemarum
1322 1283 1530 1324 occupare

83 1328 269 1368 animum
301 1326 502 1380 intendit,
533 1332 758 1383 tanquam,
789 1329 922 1369 altero
954 1327 1031 1369 sibi
1066 1332 1313 1369 onustorum
1347 1328 1531 1379 sublato,

80 1386 244 1426 facilius
286 1385 495 1440 reliquum
541 1399 834 1440 aggressurus.
898 1385 1021 1434 Quod
1066 1385 1228 1427 insidiis
1261 1400 1386 1441 quam
1420 1385 1529 1426 bello

13 1460 21 1471 s
82 1442 343 1485 commodius
384 1443 621 1497 gerendum
661 1449 802 1495 ratus,
841 1443 1017 1499 perinde
1061 1458 1108 1484 ac
1151 1444 1343 1498 coniugis
1388 1443 1531 1484 dotem

84 1501 389 1557 exquisiturus,
413 1499 428 1555 Η
451 1501 503 1542 ad
538 1516 730 1543 socerum
761 1502 841 1543 iter
861 1502 1081 1554 instaurat,
1112 1502 1309 1557 interque
1341 1501 1530 1543 delectos

83 1559 256 1601 comites
299 1557 623 1601 Waldemarum
676 1559 957 1615 profeccionis
1009 1573 1232 1615 sequacem
1283 1558 1529 1614 ad<s>oiseit,

83 1618 180 1672 quia
203 1617 315 1659 domi
349 1631 445 1658 eum
478 1622 570 1658 tuto
602 1618 826 1659 relicturus
858 1632 943 1659 non
976 1617 1213 1668 uidebatm,
1246 1618 1287 1658 in
1320 1631 1529 1659 carcelem

84 1675 279 1717 Conrado
313 1668 571 1717 seruandum
602 1676 771 1717 tradere
802 1676 988 1731 cupiens.
1033 1676 1172 1724 Quem
1195 1650 1336 1717 dolum
1356 1674 1531 1716 Walde-

81 1747 236 1775 marus.
253 1733 485 1774 amicorum
503 1733 582 1775 sibi
598 1734 876 1800 complurium
901 1734 1033 1776 literis
1054 1733 1298 1786 indicatum,
1319 1731 1324 1789 Ι
1345 1734 1531 1775 uenienti

84 1791 320 1833 Slesuicum
350 1791 456 1846 regi,
488 1793 743 1845 memoratis,
777 1806 859 1847 que
884 1806 959 1848 pro
985 1807 1035 1834 eo
1058 1792 1239 1834 fideliter
1261 1806 1309 1833 ac
1330 1796 1530 1833 strennue

83 1855 289 1904 gesserat,
322 1863 416 1891 cum
451 1850 790 1905 exprobracione
836 1850 1014 1905 perfidie
1045 1850 1185 1906 palam
1218 1850 1384 1891 obiecit.
1445 1849 1531 1890 Ne-

83 1908 224 1961 ganti‚
265 1909 307 1949 in
341 1921 438 1948 eum
469 1922 493 1949 a
526 1923 569 1950 se
603 1907 828 1950 crudeliter
872 1922 964 1950 esse
1005 1909 1266 1959 consultum,
1306 1913 1528 1962 susceptos

83 1966 247 2021 apices,
288 1965 459 2007 abscisis
502 1965 687 2007 indicum
730 1966 973 2018 uocabulis,
1021 1965 1219 2008 ostendit.
1288 1966 1531 2007 Meminisse

83 2023 236 2065 deinde
275 2028 440 2077 monet,
483 2028 529 2064 ut
564 2025 808 2079 precipuam
842 2025 880 2066 ei
912 2025 1155 2067 bellicorum
1189 2038 1360 2065 manum
1392 2024 1528 2065 conci-

84 2082 267 2135 liauerit,
300 2086 347 2123 ut
378 2095 555 2136 corpore
587 2083 769 2124 aduerso
803 2082 914 2124 diras
945 2097 1022 2137 pro
1055 2096 1105 2124 eo
1138 2083 1284 2138 plagas
1307 2082 1528 2137 acceperit,

83 2144 130 2180 ut
162 2154 308 2181 seeum
338 2141 540 2181 maiorem
587 2154 753 2195 semper
785 2141 961 2181 uictorie
993 2145 1157 2196 partem
1188 2140 1377 2190 traxerit,
1409 2153 1528 2194 egre·

82 2197 245 2253 giisque
276 2198 435 2239 meritis
459 2199 552 2253 ,suis
583 2199 725 2252 gracie
756 2199 849 2239 loco
879 2198 1022 2239 dolum
1047 2213 1095 2239 ac
1118 2199 1328 2239 fallaciam
1365 2197 1530 2252 erogari

84 2256 364 2310 conqueritur.
428 2254 685 2297 Oomitatum
719 2256 988 2298 nihilominus
1019 2257 1269 2311 pollicetur,
1301 2254 1527 2311 pre*fatus,

83 2316 286 2355 sciturum
319 2328 429 2366 eum,
461 2318 634 2368 peracta
665 2314 829 2368 fraude,
862 2315 1099 2370 nequiciam
1131 2315 1222 2365 sibi,
1254 2328 1338 2355 non
1375 2318 1527 2366 astum,

86 2372 251 2413 effectui
283 2371 426 2413 fuisse.
489 2371 647 2413 Contra
679 2372 817 2413 Sueno
860 2372 1139 2428 suspicionem
1179 2372 1323 2413 leuare
1365 2385 1529 2413 summa

84 2429 423 2471 dissimulacione
454 2430 660 2472 tentabat.
703 2429 851 2484 Neque
884 2432 993 2472 enim
1025 2430 1078 2472 ad
1110 2429 1403 2485 deponendam
1436 2443 1528 2484 per-

84 2487 225 2528 fidiam
259 2493 376 2529 tante
406 2487 505 2529 fidei
536 2488 694 2529 meritis
725 2487 878 2529 adduci
908 2492 1089 2543 poterat.
1132 2487 1427 2529 Irreuocabilis
1450 2487 1527 2528 ita-

87 2559 167 2601 que
198 2545 402 2601 propositi
431 2545 662 2600 pertinacia
694 2545 887 2587 Stadium
917 2546 1138 2598 aduectus,
1171 2559 1194 2585 a
1224 2545 1394 2600 presule
1423 2544 1527 2586 Bre-

17 2616 52 2645 w
83 2617 245 2645 morum
276 2604 486 2645 Hartuico
520 2603 646 2645 domo
679 2604 918 2660 suscipitur.
980 2605 1017 2646 A
1051 2619 1134 2660 quo
1179 2617 1272 2644 cum
1315 2602 1525 2646 ulterioris

1585 1504 1678 1539 (269)

1587 1747 1612 1771 p.
1634 1737 1686 1765 708

1562 2265 1700 2294 exmia
