1884 3126
306 855 337 882 10

303 1141 333 1167 15

291 1427 328 1454 20

290 1714 326 1740 25

288 2000 325 2027 30

287 2289 323 2316 35

289 2578 325 2606 40

378 209 459 250 556
909 226 958 233 -
1017 199 1155 243 XIIII
1214 223 1265 229 —

376 333 426 374 ad
459 332 687 374 honestatis
707 343 844 371 mores
866 326 1130 383 exequendos
1151 327 1285 381 plenis
1307 325 1514 380 sapiencie
1536 325 1796 369 documentis

374 391 633 430 instruerent.
682 386 829 428 Estate
851 384 1001 426 deinde
1025 383 1343 440 expedicionem
1363 384 1585 426 instaurat.
1632 384 1798 439 Quippe

373 447 715 499 Walagostenses
747 443 966 508 dupliciter
1005 442 1134 482 ictum
1174 441 1294 483 fedus
1337 444 1619 495 corruperant
1686 441 1798 483 Nam

373 509 412 544 et
443 502 668 556 Rugianos,
700 501 882 541 menium
914 499 1063 551 socios,
1094 513 1169 553 per
1199 498 1309 540 furta
1338 498 1442 539 urbe
1485 499 1715 551 eiecerant,
1755 505 1798 540 et

370 560 527 615 pyratis
559 558 661 598 Peni
693 558 875 598 fluminis
908 557 1012 597 ostia
1034 561 1178 610 patere
1210 555 1497 622 permiserant.
1540 556 1676 611 Igitur
1698 531 1797 598 dum

370 616 574 657 Leutitios
617 619 801 669 peteret,
843 614 894 654 ab
934 613 1119 654 Henrico
1168 614 1290 654 misse
1338 613 1456 654 litere
1496 614 1797 669 superueniunt

369 677 670 722 ammonentes,
701 675 747 712 ut
777 687 850 712 rex
881 670 1049 712 insidias
1080 670 1317 726 propinqui,
1348 670 1524 725 perinde
1545 686 1593 713 ac
1622 686 1796 725 regnum

369 729 614 781 zffectantis,
647 733 832 781 caueret,
864 728 1203 793 indicantesque,
1246 727 1473 783 Burisyum
1505 742 1600 770 cum
1631 728 1795 771 Norua-

367 787 578 840 giensibus
612 786 873 841 opprimendi
896 785 910 839 [Ι
935 787 1022 826 eius
1056 761 1272 827 consilium
1302 785 1497 827 habuisse
1511 786 1794 842 ,iisdemque,

367 843 463 884 dum
498 843 717 899 expedicio
750 847 1039 893 reuerteretur,
1072 856 1294 884 occursum
1314 843 1526 898 pollicitis,
1558 849 1632 886 aut
1661 845 1794 899 ipsum

367 914 511 955 regem
541 904 614 942 aut
643 901 806 955 regium
836 914 990 942 nomen
1023 900 1315 955 occupandum
1347 900 1531 943 duxisse.
1577 901 1706 943 Cuius
1737 903 1796 943 rei

367 958 643 999 certissimum
674 958 1009 1010 experimentum
1038 957 1153 1011 fore,
1197 958 1230 999 si
1260 962 1547 1000 reuertentem
1578 974 1601 1001 a
1634 959 1795 1001 Sclauis

367 1015 683 1070 expedicionem
725 1015 965 1068 Noruagica
1007 1015 1151 1057 classis
1194 1015 1421 1070 exciperet.
1493 1015 1659 1059 Eodem
1688 1030 1796 1072 pene

366 1078 576 1114 momento
609 1077 803 1128 suscepta
833 1072 1186 1127 Noruagiensium
1220 1073 1397 1127 epistola
1435 1088 1511 1128 par
1541 1075 1795 1130 prodicionis

364 1131 560 1172 indicium
592 1130 735 1172 edidit.
798 1130 921 1178 Quod
953 1145 1044 1171 cum
1078 1145 1152 1172 rex
1184 1130 1328 1196 paucis
1351 1130 1528 1197 arbitri-s,
1559 1132 1795 1188 suppressis

364 1187 545 1228 indicum
567 1188 820 1241 nominibus,
842 1187 1108 1241 prodidisset
1132 1189 1250 1229 auxit
1267 1188 1327 1229 rei
1346 1189 1628 1243 suspicionem
1649 1190 1794 1231 fidem-

364 1259 446 1300 que
478 1245 608 1287 literis
641 1245 802 1286 addidit
834 1245 1036 1295 Tokonis,
1064 1245 1402 1287 Wendilensium
1435 1247 1664 1301 pontificis,
1698 1261 1795 1289 con-

362 1307 562 1344 sentanea
595 1302 839 1356 affirmacio,
873 1304 1072 1356 dicentis,
1104 1303 1273 1358 Burisyi
1305 1303 1455 1345 milites
1487 1304 1539 1345 ab
1573 1318 1621 1346 eo
1654 1305 1793 1346 iurare

362 1365 539 1411 coactos,
571 1361 767 1415 quicquid
799 1362 887 1416 ipse
919 1361 1222 1415 auspicaretur,
1255 1374 1347 1402 esse
1376 1367 1685 1416 p.rosecuturos
1729 1362 1794 1403 Re

358 1421 497 1458 tamen
528 1416 838 1460 dissimulanter
859 1418 1017 1471 habita,
1051 1418 1103 1460 ad
1126 1418 1277 1470 locum,
1310 1418 1374 1459 cui
1395 1433 1548 1460 nomen
1572 1420 1791 1471 Ostrczno,

360 1475 486 1515 citata
516 1475 792 1529 nauigacione
834 1476 1069 1531 profectus,
1111 1476 1344 1530 profligatis
1371 1476 1378 1528 Ι
1403 1477 1615 1542 prouincie
1657 1477 1792 1529 rebus,

358 1532 502 1574 urbem
549 1532 837 1588 Orthungam‚
886 1535 1084 1575 uniuersa
1126 1533 1258 1575 classe
1306 1535 1557 1588 comitante,
1604 1535 1792 1589 repeciit.

358 1588 450 1630 Illic
470 1589 636 1631 Burisio
660 1605 751 1632 cum
775 1592 924 1633 ceteris
947 1592 1067 1645 regni
1087 1590 1336 1646 primatibus
1358 1593 1575 1645 accersito,
1593 1592 1793 1647 quidnam

358 1646 410 1688 de
444 1648 533 1689 eius
563 1647 722 1689 insidiis
754 1649 976 1703 accepeiit,
1008 1649 1165 1703 aperit,
1198 1649 1318 1703 eique
1349 1649 1604 1704 prodicionis
1636 1650 1790 1691 crimen

357 1704 503 1759 affigit.
550 1705 695 1754 Quem.
720 1720 763 1747 se
785 1707 1008 1762 quicquam
1031 1706 1115 1748 tale
1148 1706 1371 1748 aduersum
1393 1721 1488 1748 eum
1510 1709 1791 1762 excogitasse,

357 1767 598 1816 negantem,
620 1764 758 1818 quoad
780 1765 1026 1806 nunciorum
1046 1764 1333 1819 experimenta
1350 1769 1623 1816 sumerentur,
1647 1778 1792 1806 secum

357 1821 603 1862 commorari
635 1823 846 1876 precepit,
886 1828 985 1863 tunc
1018 1821 1200 1874 demum,
1232 1821 1264 1863 si
1296 1835 1437 1875 secus,
1469 1837 1519 1864 ac
1550 1823 1790 1864 nunciatum

356 1880 457 1930 erat,
491 1877 710 1931 accideret,
743 1880 998 1921 incolumem
1038 1879 1329 1920 discessurum.
1391 1880 1469 1921 Ille
1510 1885 1654 1922 contra
1686 1880 1787 1921 nihil

355 1934 576 1976 absurdius
616 1936 775 1989 aiebat,
818 1951 940 1992 quam
981 1941 1029 1978 ut
1068 1937 1215 1992 capitis
1256 1937 1320 1978 sui
1361 1935 1583 1979 indi*cium
1621 1938 1788 1979 incertis

357 1996 583 2034 euentuum
605 1997 864 2047 argumentis
887 1995 1182 2036 committeret.
1226 1994 1319 2041 Qua
1340 2008 1446 2036 uoce
1477 2009 1522 2037 se
1545 2009 1624 2038 non
1655 1996 1791 2036 solum

355 2050 457 2104 regi,
481 2051 553 2091 sed
578 2052 710 2091 eciam
732 2052 897 2094 arbitris
919 2056 1163 2106 suspectum
1185 2051 1334 2093 effecit.
1380 2052 1516 2107 Igitur
1538 2067 1590 2094 ne
1611 2053 1791 2107 remiges

356 2107 525 2162 quidem
557 2122 654 2149 suos
686 2110 867 2151 reuisere
900 2110 1138 2165 permissus,
1170 2109 1221 2150 ad
1256 2109 1406 2151 urbem
1427 2110 1673 2152 Latrensem
1695 2124 1790 2152 cum

355 2179 455 2220 rege
487 2179 627 2207 meare
660 2167 944 2221 compellitur,
987 2167 1057 2208 ubi
1087 2167 1192 2215 leni,
1224 2166 1296 2207 sed
1328 2167 1445 2208 firme
1486 2168 1675 2209 custodie
1707 2172 1790 2209 tra-

356 2222 494 2268 ditur„
547 2223 715 2265 Interea
761 2224 961 2279 Erlingus
1006 2230 1049 2266 et
1095 2224 1447 2277 Ormo,Bu1-isii
1493 2225 1642 2278 frater,
1695 2239 1789 2266 cum

353 2280 493 2321 nauali
525 2282 714 2322 exercitu
746 2282 1106 2337 superuenientes,
1138 2257 1326 2323 Iutoi·um
1357 2279 1558 2338 claslsem,
1591 2284 1632 2324 in
1665 2297 1788 2324 amne

354 2337 521 2393 Dyursa
551 2343 775 2392 repertam,
806 2340 1160 2394 gubernatoribus
1190 2353 1366 2381 uacuam
1399 2339 1521 2382 facile
1562 2340 1787 2390 debellant,

353 2395 567 2450 ipsiusque
607 2396 761 2437 Burisii
800 2398 1033 2452 intercepto
1075 2397 1267 2451 nauigio,
1315 2398 1506 2451 protinus
1551 2397 1604 2439 ad
1637 2398 1789 2448 uicum,

356 2453 424 2506 qui
472 2453 751 2494 Mercatorum
795 2459 943 2509 portus
989 2455 1253 2507 nominatur,
1301 2453 1593 2520 deproperant.
1671 2455 1788 2503 Quos

353 2508 566 2563 Absalon,
607 2525 699 2552 cum
743 2511 1086 2554 Sialandensibus
1128 2526 1375 2565 occurrens,
1421 2513 1554 2555 eciam
1600 2513 1787 2554 littorum

356 2580 527 2611 ascensu
559 2568 786 2625 prohibuit.
848 2569 929 2618 Qui
966 2584 1060 2612 cum
1102 2573 1365 2624 compertum
1397 2570 1590 2624 haberet,
1623 2569 1788 2612 Norua-

1847 793 1880 824 (3

1821 1948 1884 1976 CL]
