1884 3126
786 226 840 233 .-
901 199 993 244 1111
1052 170 1106 233 -ς
1608 207 1660 250 99

222 328 363 385 exegi,
396 327 484 370 dies
519 327 762 370 calamitose
785 326 901 379 duxi,
932 329 1135 371 incertum
1158 331 1244 373 uite
1275 336 1441 388 tempus
1474 333 1667 388 periculis

220 402 270 429 ac
301 393 418 429 metu
450 387 651 429 refertum
682 386 823 427 habui.
888 387 1110 429 Postremo
1146 402 1311 431 omnem
1345 390 1468 432 etatis
1499 395 1667 446 partem

220 446 404 487 maxima
438 459 534 499 cum
564 459 706 486 rerum
739 444 996 486 aduersitate
1020 446 1312 489 miserabiliter
1344 463 1538 491 emensus
1562 464 1667 490 sum.

221 503 330 558 Sepe
363 518 431 544 mo
463 503 600 544 tacitis
632 503 741 544 intra
773 516 851 543 uos
884 503 1104 558 questibus
1153 519 1278 546 sensu
1313 520 1492 548 uacuum
1526 520 1669 561 geme-

170 578 187 604 5
218 562 353 614 batis;
387 561 535 603 deesse
567 561 748 602 ultorem
779 561 903 616 patri,
937 561 1159 616 parricidio
1193 563 1415 607 uindicem.
1479 566 1571 613 Que
1603 579 1668 607 res

154 869 189 896 10

158 1159 192 1185 15

153 2030 190 2056 30

152 2320 187 2345 35

223 620 433 662 occultum
456 619 582 660 michi
613 622 755 661 uestro
778 617 1007 673 caritati<s>
1029 619 1230 661 indicium
1253 622 1405 676 attulit,
1427 622 1467 664 in
1491 637 1668 678 quorum

222 678 370 720 animis
403 677 584 719 necdum
608 677 723 732 regie
748 677 876 718 cladis
899 678 1143 719 memoriam
1169 679 1408 721 exoleuissc
1432 682 1667 722 cernebam.

222 736 350 778 Cuius
381 736 526 791 itaque
559 741 645 777 tam
678 749 875 790 asperum
908 742 1070 790 pectus,
1103 742 1187 777 tam
1211 752 1364 779 saxeus
1386 738 1511 793 rigor,
1544 753 1666 794 quem

221 809 307 836 non
354 808 600 850 passmnum
651 807 842 843 mearum
890 794 1123 849 compassio
1170 795 1349 848 molliat,
1402 810 1668 838 erumnarum

221 852 440 894 miseracio
481 866 561 894 non
608 852 783 893 flectat?
842 852 1100 893 Miseremini
1142 853 1299 907 alumni
1339 855 1481 907 uestri,
1525 868 1669 896 moue-

223 910 351 952 amini
381 909 620 952 infortuniis
647 910 763 962 meis,
805 911 875 965 qui
908 910 960 951 ab
994 909 1275 953 Horwendilli
1318 926 1420 953 nece
1464 913 1668 954 immunes

223 969 371 1024 geritis
403 983 566 1011 manus.
629 968 886 1010 Miseremini
919 982 1090 1023 quoque
1121 970 1276 1010 afflicte
1319 970 1533 1025 genitricis
1563 984 1671 1025 mee,

223 1031 265 1069 et
296 1026 440 1080 regine
473 1026 687 1082 quondam
728 1030 870 1067 uestre
902 1026 1103 1081 extinlcto
1147 1029 1413 1082 congaudete
1455 1027 1665 1082 dedecori,

223 1100 303 1141 que
336 1085 416 1126 uiri
446 1087 511 1126 sui
541 1084 712 1127 fratrem
746 1084 1148 1140 interfectoremque
1184 1086 1418 1141 complexa,
1456 1087 1665 1140 geminum

223 1143 452 1198 ignominie
514 1143 678 1197 pondus
731 1142 912 1184 femineo
965 1144 1128 1199 perpeti
1185 1158 1361 1198 corpore
1424 1145 1668 1198 cogebatur.

228 1201 515 1249 Quamobrem
558 1206 606 1243 ut
636 1201 811 1243 ulcionis
853 1201 1036 1242 studium
1078 1202 1356 1256 occultarem,
1390 1202 1670 1252 *obscur-arem

225 1260 454 1314 ingenium,
488 1259 806 1310 adumbratum,
847 1273 929 1300 non
973 1274 1120 1301 uerum
1168 1261 1321 1302 inercie
1363 1260 1552 1301 habitum
1585 1275 1670 1301 am-

227 1319 426 1372 plexatus
449 1331 562 1369 sum3
595 1317 837 1358 stoliditatis
858 1318 1062 1372 figmento
1084 1332 1197 1369 usus,
1230 1318 1440 1374 sapiencie
1464 1332 1672 1360 commen-

225 1382 312 1416 tum
346 1376 476 1428 texui,
511 1376 623 1430 quod
664 1389 775 1417 nunc
817 1390 870 1416 an
911 1375 1062 1417 efficax
1101 1375 1250 1428 fucrit,
1294 1383 1430 1417 utrum
1472 1376 1564 1417 finis
1607 1376 1670 1417 sui

158 1448 173 1475 ‘2
228 1431 585 1488 complementum
609 1434 814 1488 attigerit,
846 1439 985 1475 uestro
1010 1435 1253 1489 conspectui
1285 1438 1420 1489 patet,
1455 1448 1530 1475 uos
1554 1438 1669 1475 tante

230 1492 288 1533 rei
311 1492 492 1533 arbitros
515 1492 674 1534 habere
698 1497 925 1533 contentus
948 1507 1054 1534 sum.
1102 1492 1189 1546 Ipsi
1211 1492 1480 1547 parricidales
1504 1492 1670 1533 fauillas

229 1549 407 1605 pedibus
440 1550 704 1606 proculcato,
745 1550 1018 1605 despicamini
1060 1550 1218 1591 cineres
1253 1551 1363 1602 eius,
1407 1550 1475 1605 qui
1509 1550 1670 1600 iugula-

227 1609 256 1649 ti
290 1608 431 1649 fratris
465 1623 643 1650 uxorem
675 1608 838 1663 polluit,
871 1608 1036 1662 flagicio
1060 1609 1294 1660 tcnierauit,
1328 1608 1541 1649 dominum
1565 1608 1670 1660 lesit,

227 1666 491 1708 maiestatem
544 1665 800 1721 prodicionis
858 1667 1018 1708 scelere
1068 1667 1304 1717 lacessiuit,
1358 1666 1669 1707 acerbissimam

175 1741 189 1765 π
225 1724 347 1765 uobis
366 1725 633 1778 tyrannidem
664 1724 819 1777 intulit,
852 1724 1090 1766 libertatem
1113 1724 1281 1775 ademit,
1313 1724 1471 1765 incesto
1504 1724 1670 1779 parrici-

227 1782 343 1824 dium
375 1783 621 1825 cumulauit.
685 1782 754 1823 Me
794 1787 880 1823 tam
922 1783 1032 1824 iuste
1066 1782 1252 1823 uindicte
1286 1782 1543 1828 ministrum,
1585 1788 1668 1821 tam

222 1842 290 1895 pie
314 1840 490 1882 ulcionis
514 1840 712 1892 emulum,
745 1840 920 1895 patricio
943 1841 1142 1895 suscipite
1172 1839 1330 1895 spiritu,
1363 1839 1504 1881 debito
1527 1853 1670 1894 prose-

225 1899 399 1954 quimini
433 1899 559 1951 cultu,
593 1898 775 1953 benigno
809 1898 1002 1940 refouete
1037 1899 1238 1940 contuitu.
1281 1898 1373 1952 Ego
1407 1897 1538 1953 patrie
1573 1911 1668 1951 pro-

226 1957 346 1998 brum
372 1956 487 2009 dilui,
520 1958 666 1998 matris
698 1957 971 2011 ignominiam
997 1956 1172 2007 extinxi,
1206 1955 1471 2011 tyrannidem
1493 1954 1668 2009 reppuli,

222 2015 475 2070 parricidam
515 2016 728 2070 oppressi,
769 2014 1012 2056 insidiosam
1046 2015 1183 2070 patrui
1224 2027 1393 2054 manum
1425 2013 1579 2054 mutuis
1610 2012 1668 2052 in-

223 2073 336 2114 sidiis
372 2073 493 2125 elusi3
531 2074 665 2127 cuius,
698 2073 731 2113 si
766 2078 1021 2128 superesset,
1054 2074 1094 2113 in
1126 2072 1214 2113 dies
1237 2072 1397 2112 scelera
1427 2070 1671 2126 percrebre-

223 2136 406 2173 scerent.
482 2131 696 2180 Dolebam
744 2136 786 2171 et
835 2132 966 2186 patris
1015 2136 1057 2172 et
1103 2130 1237 2185 patrie
1282 2129 1499 2180 iniuriam,
1552 2128 1667 2168 illum

225 2189 388 2230 extinxi
436 2189 558 2231 uobis
605 2188 805 2230 atrociter
847 2194 888 2229 et
932 2203 1082 2244 supra,
1129 2202 1255 2243 quam
1301 2189 1415 2228 uiros
1455 2186 1666 2235 decuerat,

221 2247 517 2302 imperantem.
549 2247 861 2301 Recognoscite
886 2246 1148 2299 beneficium,
1171 2245 1431 2287 ueneramini
1454 2244 1664 2297 ingenium

221 2319 387 2355 meum,
430 2319 630 2359 regnum,
675 2305 709 2346 si
741 2305 896 2356 merui,
930 2305 1051 2357 date;
1095 2303 1262 2345 habetis
1304 2302 1405 2343 tanti
1450 2305 1666 2343 auctorem

204 2363 425 2415 *munerisn
458 2368 635 2419 paterne
667 2363 896 2418 potestatis
930 2363 1129 2404 heredem
1161 2375 1244 2402 non
1281 2360 1548 2414 degenerem,
1579 2371 1664 2400 non

221 2420 491 2477 parricidam,
514 2421 588 2462 sed
610 2421 844 2475 legitimum
865 2421 980 2475 regni
1001 2433 1302 2469 successorem,
1326 2423 1366 2459 et
1388 2418 1501 2472 pium
1527 2412 1666 2458 noxe*

1712 1062 1715 1066 .
1741 1041 1787 1066 153

221 2478 484 2533 parricidalis
495 2479 690 2521 ultorem.
703 2478 879 2519 Debetis
890 2478 1012 2519 michi
1023 2481 1314 2532 recuperatum
1326 2475 1532 2516 libertatis
1541 2474 1666 2516 bene·
1685 2483 1778 2512 xxx
1787 2483 1816 2510 1·

222 2536 377 2589 ficium,
399 2537 623 2579 exclusum
638 2536 881 2578 afflictantis
897 2536 1130 2591 imperium,
1144 2535 1386 2589 ademptum
1403 2532 1666 2588 oppressoris

161 2609 197 2636 40
227 2595 388 2650 iugum,
420 2608 647 2636 excussum
680 2593 886 2650 parricide
919 2592 1164 2646 dominium,
1197 2593 1402 2633 calcatum
1434 2588 1666 2647 tyrannidis

1485 2658 1526 2694 τ*
