1884 3126
276 257 357 299 370
849 274 895 279 ——
956 249 1023 293 XI
1085 275 1133 281 —-

275 382 500 439 presidium
543 379 806 421 adhiberent.
877 377 1044 443 Quippe
1095 384 1178 419 tam
1222 377 1445 432 conspicue
1492 377 1709 433 dignitatis

273 441 408 482 uirum
437 439 546 479 ferro
579 436 751 490 aggredi
785 437 893 489 passi
925 449 1010 476 nou
1043 440 1150 476 sunt.
1213 435 1361 489 Neque
1394 436 1501 476 enim
1535 450 1708 490 presens

272 498 327 538 illi
371 496 540 537 fortuna
582 494 782 548 preterito
824 494 1142 535 ueneraciomni
1186 493 1369 533 adimere
1411 493 1552 533 ualuit.
1625 493 1707 534 Sed

272 555 378 594 hanc
409 551 598 593 custodie
630 552 714 591 uim
746 550 859 605 apud
892 550 1121 605 Caprinum
1162 552 1299 591 lacum
1333 550 1542 604 profunda
1582 558 1707 593 nocte

222 625 237 649 5
269 610 446 664 decepit.
495 608 691 650 Ceterum
726 608 954 658 Haraldus,
986 622 1066 649 non
1091 613 1310 649 contentus
1344 608 1560 649 Danorum
1597 610 1706 650 uires

272 668 433 708 duabus
456 667 703 707 exhausisse
725 666 921 718 uictoriis,
943 666 1089 706 iisdem
1118 666 1255 706 hostili
1279 665 1418 706 studio
1439 666 1707 721 frequencius

269 725 523 765 imminebat.
583 723 711 764 Cuius
746 738 840 764 cuin
863 723 1003 764 Sueno
1029 725 1232 764 instanter
1253 723 1438 764 motibus
1473 730 1706 778 urgeretur,

269 782 460 824 lacessite
499 782 635 836 patrie
669 781 952 823 defensionem
994 781 1154 822 maiore
1187 780 1338 822 fiducia
1381 795 1506 835 quam
1537 782 1707 823 fortuna

269 840 459 894 parabat.
521 838 669 880 Tei-cio
692 843 844 887 tamen,
879 838 974 878 bina
1006 838 1120 891 prius
1154 838 1274 879 clade
1304 837 1543 893 aff<l>ictus,
1573 839 1704 882 fortu-

202 910 237 936 10
268 911 363 938 nam
407 910 523 937 suam
566 896 743 951 publicis
788 897 913 937 arinis
957 897 1216 937 committere
1251 896 1490 949 uerebatur,
1523 898 1591 952 qui
1623 898 1706 938 iam

269 968 357 995 rem
388 954 592 995 Danicam
624 954 801 994 duarum
834 967 1069 1008 pugnarum
1115 954 1350 995 temerariis
1393 954 1650 1008 ingressibus
1683 969 1707 996 a

269 1026 313 1053 se
346 1010 629 1053 confractam*
661 1011 845 1052 uidebat.
1718 1018 1884 1054 C[V1]<x>

408 1069 576 1110 Interea
628 1069 807 1109 minores
858 1067 1070 1109 Godouini
1124 1068 1219 1121 filii,
1271 1069 1387 1123 regni
1440 1071 1704 1113 emulaeione
1757 1077 1852 1110 μῦόὃ

269 1128 468 1168 maiorem
498 1128 650 1181 perosi,
685 1126 926 1167 uoluntario
972 1140 1139 1167 secessu
1181 1126 1359 1167 inuisam
1397 1127 1485 1168 eius
1517 1127 1704 1169 domina-

202 1198 238 1223 15
271 1185 431 1226 cionem
466 1185 676 1227 uitarunt.
709 1185 907 1238 ultroque
941 1184 1055 1224 exilii
1087 1185 1282 1224 tenebras
1313 1184 1422 1225 ferre
1455 1199 1580 1240 quam
1622 1185 1704 1228 fra-

270 1247 390 1283 terne
423 1243 532 1283 intra
561 1242 738 1297 patriam
769 1241 937 1282 fortune
969 1241 1233 1295 splendorem
1272 1243 1516 1297 conspicere
1547 1243 1704 1285 malue-

272 1307 379 1340 runt.
454 1300 517 1340 Ad
561 1300 753 1340 ultimum
795 1299 1032 1339 Haraldum
1075 1298 1291 1352 Noruagie
1332 1314 1472 1354 regem
1516 1300 1705 1356 obsequii

273 1358 547 1412 promissione
571 1357 835 1408 conueniunt,
858 1370 975 1398 suam
1005 1357 1224 1411 patrieque
1244 1357 1551 1399 subieccionem
1586 1359 1705 1413 polli-

274 1415 355 1467 citi,
389 1416 420 1456 si
453 1429 615 1455 summa
647 1429 719 1470 per
750 1428 845 1456 eum
878 1415 1003 1468 potiri
1034 1415 1280 1468 quiuissent.
1331 1415 1489 1470 Rapuit
1521 1416 1703 1457 oblacio-

203 1486 240 1512 20
272 1487 365 1513 nem
401 1473 572 1514 exulum
615 1472 740 1513 auida
771 1472 1070 1513 dominacionis
1101 1472 1293 1521 ambicio,
1323 1472 1563 1528 Anglieque
1594 1474 1704 1515 litto-

272 1530 386 1571 ribus
418 1529 659 1584 Noruagica
692 1530 832 1570 classis
877 1528 1112 1570 aduehitur.
1174 1529 1335 1571 Eodem
1373 1530 1481 1571 forte
1516 1535 1705 1587 tempore

271 1587 612 1629 Normannorum
646 1587 732 1628 dux
766 1588 856 1641 pari
888 1588 1045 1642 impetu
1079 1587 1296 1628 diuersum
1327 1588 1461 1630 insule
1494 1589 1603 1631 latus
1633 1603 1704 1643 ag-

270 1645 476 1699 greditur.
521 1644 649 1686 Cuius
672 1659 746 1685 rex
769 1645 985 1697 Haraldus
1018 1645 1124 1685 inter
1145 1646 1334 1699 geminas
1357 1646 1538 1687 hostium
1561 1652 1703 1702 partes

272 1716 439 1757 anceps,
472 1718 596 1758 quam
620 1703 799 1758 priorem
824 1703 1052 1756 exciperet,
1074 1702 1316 1758 aliquandiu
1339 1703 1516 1744 liberum
1537 1705 1703 1759 utrique

203 1775 239 1801 25
271 1774 518 1815 procursum
542 1761 720 1816 reliquit.
755 1760 889 1808 Quam
907 1761 1036 1815 ipsius
1058 1761 1370 1802 cunctacionem
1393 1761 1704 1817 Noruagienses

272 1818 407 1860 timori
442 1825 768 1860 consentaneam
799 1819 890 1870 rati,
923 1818 1125 1871 neglectis
1168 1832 1385 1873 corporum
1424 1821 1702 1872 munimentis,

271 1876 442 1931 perinde
474 1890 523 1918 ac
555 1877 691 1918 securi
722 1877 1004 1931 periculorum
1038 1876 1216 1916 ualidius
1249 1876 1378 1930 prede
1411 1877 1702 1919 incubuerunt.

274 1933 355 1974 Sed
400 1933 497 1975 dum
529 1935 743 1975 incaucius
776 1939 924 1986 ruunt,
964 1934 1096 1989 sparsi
1143 1934 1414 1989 palantesque
1464 1936 1515 1976 ab
1555 1935 1702 1988 Anglis

270 1991 386 2032 nullo
428 1993 605 2046 negocio
652 1991 847 2033 trucidati
888 1998 996 2033 sunt.
1059 1990 1121 2032 Ea
1153 2005 1219 2032 res
1259 1991 1488 2033 uictoribus
1520 1993 1703 2033 maxima

202 2061 239 2088 30
271 2062 436 2104 queque
477 2049 660 2091 audendi
703 2049 897 2090 fiduciam
938 2049 1201 2090 ministrauit.
1274 2048 1355 2090 Sed
1398 2063 1497 2091 mox
1544 2055 1701 2091 temere

272 2111 484 2148 crescente
506 2107 692 2152 audacia,
714 2106 983 2148 Normannos
1006 2106 1154 2158 adorti,
1177 2105 1329 2148 infelici
1351 2121 1494 2162 pugna
1523 2107 1701 2149 recentis

272 2164 446 2206 uictorie
490 2165 660 2205 titulum
705 2163 992 2219 perdiderunt.
1068 2163 1218 2218 Neque
1272 2163 1401 2205 ullum
1450 2165 1546 2205 uicti
1592 2166 1701 2219 regis

273 2223 499 2277 uestigium
539 2222 763 2275 extitisset,
805 2222 882 2263 nisi
923 2227 1019 2276 post
1061 2222 1230 2262 modum
1271 2221 1324 2262 ab
1364 2223 1600 2276 agrestibus
1631 2222 1701 2263 ob-

272 2293 394 2320 scuro
425 2277 676 2335 sollitudinis
706 2280 798 2320 loco
832 2284 1021 2334 repertus
1052 2279 1312 2333 proderetur.
1358 2279 1485 2321 Cuius
1517 2280 1588 2321 filii
1621 2280 1700 2321 duo
1755 2297 1782 2321 v·
1802 2289 1852 2316 556

204 2349 238 2375 35
271 2337 488 2379 confestim
518 2337 561 2378 in
581 2337 756 2378 Daniam
790 2351 881 2377 cum
916 2350 1060 2378 sorore
1091 2337 1331 2390 migrarunt.
1394 2337 1509 2384 Quos
1545 2337 1699 2389 Sueno,

271 2395 434 2449 paterni
475 2409 617 2438 eorum
655 2395 793 2436 meriti
834 2394 1010 2446 oblitus,
1045 2394 1357 2447 consanguinee
1387 2396 1554 2448 pietatis
1586 2409 1700 2437 more

274 2453 460 2507 excepit,
501 2453 773 2508 puellamque
807 2452 1071 2493 Rutenorum
1101 2451 1188 2503 regi
1222 2450 1512 2502 Waldemaro,
1559 2454 1626 2507 qui
1660 2458 1701 2492 et

271 2510 361 2564 ipse
382 2510 611 2552 Iarizlauus
643 2524 665 2550 a
688 2510 773 2550 suis
806 2514 870 2551 est
890 2510 1139 2564 appellatus,
1168 2512 1341 2563 nuptum
1374 2509 1502 2551 dedit.
1549 2510 1698 2552 Eidem

272 2573 371 2622 post
401 2568 570 2609 modum
603 2569 733 2608 nostri
764 2568 961 2622 temporis
1001 2566 1088 2607 dux
1120 2573 1166 2607 ut
1197 2566 1432 2620 sanguinis,
1470 2568 1526 2609 ita
1557 2572 1598 2609 et
1630 2582 1701 2608 no-

205 2635 241 2663 40
271 2624 391 2666 minis
433 2624 552 2668 heres
593 2640 645 2668 ex
684 2624 770 2666 filia
809 2638 942 2680 nepos
973 2625 1159 2666 obuenit.
1218 2623 1366 2678 Itaque
1407 2625 1504 2666 hinc
1533 2624 1699 2666 Britan-
