1884 3126
198 910 232 937 10

198 1197 228 1223 15

170 1468 227 1512 ’ρο

191 1773 229 1800 25

195 2062 231 2089 30

198 2353 234 2380 35

270 263 350 304 386
489 249 491 252 ’
833 262 894 282 -“
945 249 1012 308 XI.
1073 273 1126 317 ἡ

267 385 476 435 firmitate,
499 381 571 423 sed
594 380 723 421 eciam
746 378 862 420 uocis
887 376 1027 419 officio
1050 377 1270 431 spoliatus,
1294 376 1472 430 elinguis
1495 391 1544 418 ac
1565 381 1716 419 mutus'

267 448 362 484 ante
394 440 591 490 triduum,
623 441 844 491 grassante
876 435 1009 475 lacius
1043 434 1206 477 ardore.
1241 433 1436 485 decessit,
1471 434 1624 489 dignus
1658 449 1708 476 ea
1748 450 1750 453 ·

269 498 451 553 corporis
492 499 609 551 parte
652 494 811 549 puniri,
857 506 938 546 qua
981 491 1165 533 diuinam
1207 492 1396 546 ingratus
1427 492 1705 546 fragranciam

268 558 476 597 hauserat.
548 551 638 592 Nec
678 551 877 592 leuiorem
908 549 1139 591 Arnfastus
1174 564 1394 590 excessum
1427 550 1600 604 habuitg
1637 551 1715 606 qui·

267 627 359 655 cum
410 610 709 665 impotencium
760 621 990 649 neruorum
1043 606 1291 648 hebetudini
1343 606 1501 649 mederi
1563 603 1706 660 uellet,

266 670 441 724 pocione
475 681 547 723 per
578 667 779 707 incuriam
811 661 1018 719 sumlpta,
1051 679 1134 720 quo
1167 665 1347 706 salutem
1381 666 1603 707 conciliare
1637 666 1706 707 de-

266 730 424 778 buerat,
456 726 703 778 languorem
734 723 943 764 instruxit.
996 723 1079 763 Sed
1105 728 1147 764 et
1177 722 1287 777 rupti
1310 723 1479 764 tandem
1511 724 1705 765 iocinoris

263 791 404 839 partes
448 782 655 824 frustatim
674 788 866 836 -egestas
909 781 1071 820 uomitu
1094 780 1296 836 protulit,
1330 795 1455 836 quas,
1487 795 1512 822 a
1542 782 1705 823 medico

263 842 375 896 pelui
409 845 626 894 exceptas,
658 840 868 880 maximus
900 838 1095 893 pontifex
1115 838 1322 888 Absolon,
1354 839 1452 880 dum
1485 839 1537 880 ad
1571 840 1706 882 uisen-

263 900 357 940 dum
387 912 481 940 eum
504 898 775 938 humanitatis
801 896 937 936 officio
965 897 1167 948 uenisset,
1183 897 1361 951 aspexit.
1396 896 1487 945 Quo
1510 899 1706 952 presente

249 970 362 1010 eger
403 956 475 997 hec
515 971 561 997 se
596 955 648 995 ob
693 955 873 996 uiolatos
906 953 1124 995 Wilhelmi
1157 954 1318 996 cineres
1362 957 1526 1010 perpeti
1563 961 1703 1010 prote-

262 1019 408 1065 status,
442 1014 682 1054 manifestas
725 1012 909 1064 neglecti
947 1011 1120 1066 imperii·
1154 1012 1243 1052 eius
1283 1026 1416 1067 penas
1456 1013 1706 1068 pependisse

262 1071 442 1117 dicebat,
476 1085 605 1126 seque
639 1084 717 1111 sua
739 1085 833 1111 cum
856 1075 947 1110 tota
970 1084 1014 1111 re
1038 1069 1231 1110 familiari
1254 1071 1446 1124 religioni
1478 1071 1705 1125 pollicitus,
1720 1119 1728 1130 ·

263 1129 460 1170 trimestri
492 1129 699 1182 languore
731 1128 891 1179 habito,
923 1140 999 1181 per
1031 1141 1235 1168 summam
1269 1128 1395 1169 animi
1425 1129 1704 1184 penitenciam

261 1187 483 1241 expirau-it.
557 1186 822 1243 Miserandos
864 1186 1044 1227 duorum
1090 1185 1228 1226 exitus
1261 1187 1415 1227 tercius
1456 1187 1742 1228 temeritatis*

260 1249 407 1285 auctor
454 1244 681 1299 aspiciens,
732 1258 861 1299 seque
907 1243 1112 1285 similibus
1163 1243 1376 1298 suppliciis
1424 1242 1704 1300 propinquum

260 1302 435 1352 ueritus,
466 1302 540 1343 fati
570 1302 888 1343 inclemenciam
920 1301 1090 1355 pietatis
1115 1301 1254 1342 officio
1277 1303 1551 1355 precucurrit.
1595 1302 1706 1344 Nam

259 1360 301 1400 in
334 1359 411 1401 ede
446 1359 578 1400 Marie
612 1373 764 1413 magno
798 1360 857 1400 rei
890 1359 1107 1400 familiaris
1130 1359 1342 1413 impendio
1377 1373 1591 1401 sacrarum
1624 1360 1705 1402 uir-

259 1417 403 1470 ginum
444 1418 686 1458 conuictum
726 1418 923 1468 instituit,
957 1417 1113 1471 eisque,
1146 1416 1286 1472 quoad
1328 1418 1457 1467 uixit,
1500 1418 1703 1473 pudicicie

259 1475 519 1530 disciplinam
550 1475 830 1530 ingenerauit.
903 1473 994 1515 Nec
1037 1481 1173 1515 tamen
1210 1488 1375 1516 omnem
1411 1489 1583 1530 prorsus
1615 1477 1704 1517 uin-

261 1531 414 1574 dictam
446 1532 606 1588 effugit'.
655 1532 827 1574 Diutino
861 1545 1044 1587 namque
1077 1532 1218 1573 uiciati
1250 1533 1461 1587 pulmonis
1495 1534 1702 1588 languore

261 1596 535 1645 consumptus
577 1591 745 1632 interiit.
824 1591 891 1632 Ita
930 1590 1064 1645 primo
1111 1590 1186 1631 fati
1231 1590 1444 1632 celeritate
1492 1597 1743 1647 corrept0,'

260 1648 446 1703 reliquos
477 1663 500 1688 a
528 1649 712 1690 diuersis
745 1649 933 1703 corporis
966 1647 1157 1702 partibus
1190 1648 1383 1703 profecta
1414 1650 1544 1704 pestis
1575 1649 1704 1691 tardi-

260 1710 350 1748 tate
383 1706 435 1747 ad
467 1706 655 1747 ultimam
688 1706 829 1748 tabem
862 1706 1058 1747 redactos
1083 1706 1330 1764 absumpsitt
1375 1706 1511 1761 Igitur
1542 1711 1703 1748 tantum

260 1763 546 1819 unusquisque
579 1778 686 1818 pene
723 1764 930 1816 sumebat,
962 1767 1164 1819 quantum
1198 1764 1238 1805 in
1274 1764 1474 1806 uiolanda
1506 1765 1703 1807 antistitis

261 1821 477 1877 sepultura
507 1827 722 1863 auctorem
755 1826 910 1877 egerat.
973 1822 1082 1870 Quia
1117 1822 1225 1863 enim
1257 1821 1551 1864 salubritatem
1583 1820 1700 1864 suam

261 1879 489 1933 prudencie
520 1880 778 1922 munimento
812 1881 918 1921 tueri
945 1881 1185 1933 noluerunt,
1219 1880 1381 1921 cladem
1415 1881 1537 1935 culpe
1572 1876 1703 1935 preci-

261 1938 372 1992 picio
405 1942 722 1980 contraxerunt.

400 1995 463 2036 Ne
495 2001 635 2037 autem
669 1997 810 2038 Sueno
852 1995 1098 2050 promissam
1143 1996 1285 2049 templi
1328 1995 1603 2038 refeccionem
1635 2010 1705 2038 ne-

260 2052 492 2106 gligencius
525 2055 676 2108 exequi
714 2054 953 2105 uideretur,
996 2057 1164 2108 ceptam
1195 2053 1503 2108 Roskyldensis
1535 2055 1704 2095 sacrarii

266 2110 469 2151 fabricam
500 2111 551 2152 ad
583 2112 708 2152 finem
745 2126 881 2167 usque
911 2110 1122 2166 perduxit.
1169 2110 1298 2152 Cuius
1322 2112 1547 2153 excolendi
1562 2113 1704 2167 gracia

267 2181 465 2209 coronam
500 2174 591 2222 arte
623 2170 897 2225 impensaque
933 2168 1227 2223 operosissime
1258 2169 1517 2211 elaboratam
1548 2171 1589 2210 in
1614 2170 1703 2211 eius

268 2230 560 2267 ornamentum
607 2227 830 2282 appendit,
882 2224 1158 2283 exilstimans,
1199 2227 1351 2280 ,regias
1404 2241 1504 2282 opes
1555 2228 1700 2282 pocius

267 2297 481 2325 sacrorum
513 2284 725 2341 splendori
758 2299 883 2339 quam
905 2284 1088 2325 humane
1110 2284 1292 2325 auaricie
1313 2285 1702 2340 seruireoportere.

268 2340 442 2396 Egynus
474 2354 642 2397 quoque
675 2342 837 2383 hisdem
861 2341 992 2383 ferme
1014 2341 1289 2396 temporibus,
1321 2341 1557 2397 opitulante
1586 2357 1702 2397 rege,

266 2398 559 2441 Laurenciane
602 2400 692 2441 edis
736 2400 977 2441 inchoatum
1010 2414 1034 2440 a
1065 2414 1109 2441 se
1142 2412 1246 2453 opus
1279 2400 1494 2454 explicuit.
1540 2401 1701 2448 Quibus

267 2455 352 2496 rex‘
385 2457 567 2498 dedicari
609 2457 743 2510 iussis,
773 2457 989 2498 mirificam
1020 2456 1130 2498 dotis
1161 2456 1329 2498 nomine
1371 2458 1701 2499 munificenciam

269 2513 472 2568 erogauit.
533 2514 640 2556 Nam
681 2515 722 2556 in
763 2515 840 2556 ede
871 2515 1164 2567 Laurenciana
1202 2528 1340 2555 annua
1380 2512 1702 2563 cantorum'sti-

267 2571 433 2625 pendia,
463 2573 672 2626 pontificis
702 2572 887 2614 subsidio
919 2572 1064 2618 fultus,
1095 2571 1286 2613 instituit.
1348 2572 1703 2628 Ipsewenim'par-

201 2640 237 2666 40
267 2628 341 2668 tim
373 2630 555 2672 ex'fisco
595 2644 691 2683 suc,
734 2631 926 2686 regisque
966 2628 1217 2683 latifundiis«,
1260 2630 1409 2685 partim
1443 2632 1616 2672 antistes
1650 2646 1700 2673 ex

1760 675 1787 699 p.
1806 666 1856 693 579

1757 2248 1781 2273 p.
1801 2239 1853 2266 580
1865 2255 1868 2257 >
