1884 3126
60 914 95 940 Ἡ)

59 1205 94 1231 15

57 2075 94 2101 30

55 2368 90 2394 35

58 2657 93 2683 ⁴1)

674 270 722 274 -ν
783 245 923 287 XIIII
999 270 1036 275 —
1499 244 1582 286 489

128 375 330 426 secreuit3
374 375 415 415 in
448 375 583 416 altera
615 373 877 416 Sialandiam
908 388 959 416 ac
989 374 1207 428 Fioniam,
1249 375 1290 416 in
1322 373 1453 416 tercia
1483 372 1583 415 Sca-

129 433 238 474 niam
271 447 366 474 cum
398 432 674 474 attinentibus
706 432 932 488 prouinciis
979 433 1147 475 locauit.
1211 433 1406 489 Cumque
1450 446 1582 488 penes

128 493 266 547 ipsum
298 495 344 532 ut
365 491 621 546 particioniS,
652 492 712 532 ita
736 490 923 546 opcionis
948 505 1119 546 quoque
1143 496 1333 547 potestas
1367 491 1581 542 existeret,

128 550 305 605 primam
337 550 428 603 sibi,
461 549 693 591 secundam
724 549 910 591 Suenoni
952 549 1151 602 indulsit,
1193 550 1394 605 priorque
1426 548 1583 590 Iutiam

128 610 218 663 ipse
252 607 426 662 delegit.
474 608 593 649 Tunc
616 607 772 659 Sueno,
805 608 871 648 cui
892 612 989 663 post
1009 608 1151 662 ipsum
1174 608 1296 664 opcio
1330 607 1583 659 debebatur,

129 681 181 707 ne
214 665 400 707 medium
423 666 532 708 inter
555 666 718 708 emulos
740 666 879 707 locuni
903 666 1130 721 acciperet,
1152 666 1348 708 Scaniam
1374 665 1582 722 poposcit.

130 725 196 766 Ita
229 724 409 765 minores
454 724 615 778 insule,
660 723 841 766 duorum
883 724 1094 766 eleccione
1138 725 1364 780 preterite,
1406 723 1580 765 Kanuto

129 796 309 825 cessere.
373 782 498 824 Fides
529 783 643 837 pacti
673 786 938 824 sacramento
973 783 1255 837 componitur,
1287 787 1334 824 ut
1366 782 1582 837 religionis

128 846 243 883 metu
285 841 463 896 perfidia
504 841 747 896 pelleretur.
810 840 981 883 Deinde
1023 854 1173 882 manus
1217 840 1270 882 ad
1313 840 1449 882 celum
1493 850 1582 882 ten-

129 901 305 947 duntur3
339 906 490 940 auctor
521 914 663 941 rerum
695 899 735 941 in
769 900 1020 941 caucionem
1053 904 1253 954 uocatur3
1285 913 1364 941 nec
1395 899 1583 941 contenti

128 957 354 1000 concordie
394 957 546 1013 pignus
590 958 784 999 humanis
830 958 1016 999 stabilire
1051 958 1257 1012 consiliis,
1299 956 1427 999 deum
1459 957 1581 999 simul

128 1021 170 1058 et
197 1015 408 1072 paccionis
439 1015 651 1071 presidem
694 1021 735 1058 et
775 1017 1075 1058 teineracionis
1108 1016 1289 1058 ultorem
1333 1016 1580 1071 efflagitant.

127 1074 357 1116 Pontifices
390 1088 573 1130 quoque,
607 1088 782 1116 censure
810 1089 886 1116 sue
909 1074 1101 1129 partibus
1132 1075 1381 1127 intersertis,
1413 1074 1477 1128 iis,
1509 1075 1582 1130 qui

127 1138 298 1188 pactum
354 1134 589 1188 rupissent,
642 1133 931 1175 execracionis
982 1134 1246 1175 sentenciam
1296 1133 1580 1175 intentabant.

127 1192 330 1233 Preterea
362 1191 638 1247 condictum,
686 1191 901 1234 delatores
941 1197 1090 1233 mutuo
1133 1191 1258 1247 prodi
1300 1191 1481 1244 debere,
1528 1205 1580 1232 ne

127 1249 447 1292 mendaciorum
471 1249 730 1291 obscuritate
751 1250 1003 1292 sinceritatis
1041 1249 1212 1291 habitus
1234 1255 1582 1305 corrumperetur

128 1308 440 1362 concor-dieque
484 1313 761 1364 quassaretur
803 1309 1041 1363 integritas,
1103 1308 1184 1350 His
1225 1309 1286 1350 ita
1326 1307 1580 1363 compositis,

128 1366 324 1408 Kanutus
366 1367 408 1407 in
442 1366 721 1418 Sialandiam,
768 1366 887 1408 cuius
930 1367 1014 1408 iam
1055 1367 1366 1422 possessionem
1400 1366 1580 1422 adeptus

127 1426 278 1477 fuerat,
311 1424 591 1466 VValdemaro
625 1424 873 1478 comitante,
914 1426 1127 1481 precedit,
1173 1425 1419 1467 Suenonem
1463 1424 1581 1466 breui

58 1497 74 1522 ι»
127 1483 456 1524 subsecuturum
487 1483 678 1538 hospicio
712 1483 929 1539 suscipere
954 1484 1139 1537 cupiens.
1204 1483 1343 1532 Quem
1375 1482 1580 1538 postridie

126 1540 396 1597 Ryngstadio
440 1546 688 1597 susceptum
730 1546 958 1597 expertus,
999 1542 1099 1583 dum
1141 1542 1183 1583 in
1225 1542 1314 1583 eius
1359 1555 1579 1583 occursum

128 1600 238 1640 bone
268 1599 366 1640 fidei
400 1599 540 1640 studio
574 1603 789 1655 pergeret,
821 1598 1154 1656 Ryngstadi<c>e
1187 1600 1404 1655 religionis
1444 1599 1580 1656 prela-

126 1661 216 1699 tum
249 1672 345 1698 cum
377 1657 577 1710 Radulfo,
610 1657 751 1712 equite
783 1658 1031 1713 Teutonico,
1065 1659 1240 1700 obuium
1273 1659 1434 1712 habuit,
1468 1658 1579 1699 affir-

126 1721 330 1768 mantem,
362 1716 606 1757 nunciatum
638 1716 769 1758 fuisse
801 1716 1012 1770 Suenoni,
1059 1731 1153 1758 oum
1185 1722 1446 1759 armatorum
1477 1716 1581 1757 mul-

59 1786 74 1811 2
128 1774 307 1815 titudine
328 1788 424 1815 eum
447 1775 610 1817 uenire.
653 1773 810 1816 Hausit
843 1788 944 1829 ergo
969 1789 1063 1817 cum
1086 1776 1322 1830 suspicione
1355 1775 1579 1828 cautelam,

126 1836 463 1888 argumentoque
506 1832 684 1888 perfidie
729 1837 926 1888 sumpto,
958 1834 1229 1886 concionem,
1271 1848 1353 1888 que
1386 1846 1435 1874 eo
1468 1833 1579 1875 forte

126 1890 191 1932 die
236 1905 390 1945 magna
440 1891 711 1945 popularium
762 1890 1008 1946 frequencia
1058 1891 1313 1946 gerebatur,
1368 1891 1578 1933 declinato

126 1948 351 2000 Suenone,
392 1948 559 2003 petiuit.
627 1948 932 1991 waldemarus
959 1952 963 2000 l
993 1963 1121 2002 uero,
1163 1949 1277 2005 apud
1316 1964 1442 2006 quem
1474 1949 1578 1990 fides

125 2006 358 2062 suspicioni
388 2006 746 2061 preponderabat,
778 2009 892 2063 pacti
922 2007 1080 2050 fiducia
1102 2008 1350 2051 Suenonem
1383 2012 1579 2050 constan-

125 2064 213 2106 cius
246 2078 371 2120 quam
403 2065 574 2107 caucius
607 2065 797 2120 petebat.
845 2066 1026 2108 Stabant
1050 2066 1203 2108 milites
1225 2067 1337 2120 regis
1370 2066 1577 2121 gregatim

124 2124 289 2175 armati,
321 2122 540 2165 Kanutum
573 2128 616 2166 et
651 2123 998 2178 Waldemarum,
1033 2124 1134 2165 dum
1165 2124 1293 2166 modo
1326 2125 1486 2179 pariter
1518 2123 1578 2164 af-

126 2181 317 2228 fuissent,
350 2194 507 2223 necare
536 2181 655 2224 iussi.
706 2181 938 2237 Comperta
970 2182 1145 2224 alterius
1178 2183 1389 2234 absencia,
1421 2182 1578 2235 Sueno,

124 2239 334 2281 reuocatis
366 2239 634 2294 satellitibus,
666 2241 799 2282 multa
829 2241 1074 2283 uenientem
1107 2242 1398 2296 gratulacione
1430 2254 1577 2295 prose-

127 2298 279 2353 quitur.
329 2298 687 2340 Percunctantem
719 2299 850 2350 illum,
873 2313 960 2353 cur,
991 2299 1109 2340 nullo
1133 2299 1369 2341 discrimine
1401 2300 1574 2354 inruperi-

123 2355 263 2408 dente,
297 2356 522 2398 comitibus
553 2360 745 2399 uteretur
777 2358 973 2412 armatis,
1006 2357 1106 2412 quid
1137 2358 1318 2399 rumoris
1351 2357 1573 2412 acceperit,

126 2414 286 2456 edocet.
357 2414 397 2454 A
439 2428 522 2469 quo
571 2415 859 2470 compluribus
904 2415 1081 2471 perfidie
1133 2416 1296 2471 probris
1348 2416 1607 2472 laceratus,-

125 2472 349 2514 consilium
371 2472 725 2527 propositumque
746 2487 869 2514 suum
891 2488 1057 2515 summa
1078 2474 1206 2515 animi
1234 2473 1577 2515 dissimulacione

126 2529 372 2585 suppressit.
433 2529 697 2571 Roskildiam
730 2530 907 2582 deinde,
939 2530 1137 2579 Kanuto,v
1172 2531 1238 2573 cui
1269 2531 1354 2572 illic
1387 2531 1575 2586 hospita—

125 2588 256 2630 litatis
295 2588 359 2629 ius
401 2592 505 2641 erat,
548 2588 780 2642 inuitante,
825 2589 1071 2644 procedens,
1103 2593 1229 2631 nocte
1271 2603 1345 2643 per
1376 2589 1500 2630 ludos
1533 2595 1575 2631 et

125 2645 528 2688 commess-acioncm
562 2649 727 2699 exacta,
760 2646 944 2691 diluculo
977 2647 1214 2691 Thorberni
1257 2648 1419 2701 uicum,
1462 2647 1575 2690 haud

1635 1970 1661 1995 p.
1681 1960 1730 1986 7⁴21

1630 2304 1724 2341 (275)
