1884 3126
265 858 301 886 10

266 1145 301 1172 15

265 1434 303 1462 20

266 1721 303 1750 25

263 2011 302 2039 30

263 2298 301 2325 35

337 206 418 248 582
867 222 921 228 —-
979 196 1118 239 XIIII
1177 218 1230 226 --

336 331 446 371 latus
478 327 738 377 aduerteret,
778 328 896 365 tanta
937 336 1139 364 saxorum
1181 322 1222 363 ui
1253 322 1306 364 ab
1330 321 1344 375 ΙΙ
1368 322 1489 364 hoste
1527 323 1659 376 petita
1691 326 1766 375 est,

339 393 384 428 ut
415 385 616 439 remiges,
655 396 732 424 sua
775 385 939 423 tantum
981 394 1159 435 corpora
1204 380 1365 421 munire
1397 381 1601 434 contenti,
1633 380 1769 422 aliena

337 446 546 486 attentare
576 440 813 495 nequirent,
845 452 924 479 nec
955 437 1037 479 iam
1058 437 1286 479 inferendis
1318 437 1470 478 ictibus
1492 438 1565 478 sed
1588 438 1769 479 uitandis

335 503 546 544 uacarent.
589 498 683 539 Hec
704 500 928 552 postquam
949 495 1166 537 Esbernus
1187 494 1501 549 animaduertit,
1522 509 1576 538 116
1598 496 1770 549 sanguis

336 557 474 611 regius
506 557 662 596 frustra
695 554 772 595 sibi
795 553 976 595 creditus
998 552 1229 605 uideretur,
1262 558 1462 594 strennua
1490 554 1770 618 nauigacione

335 614 619 659 continentem
640 611 837 667 petendo,
869 611 1017 652 mediis
1040 624 1084 652 se
1112 610 1389 652 iaculancium
1413 611 1527 652 saxis
1557 610 1771 664 immersit,

336 675 642 725 oneratumque
671 669 902 725 periculis
892 683 1087 710 1uuenem
1119 669 1172 709 ab
1191 668 1424 710 imminenti
1457 668 1594 710 exicio
1617 668 1773 722 nauigii

334 731 398 772 sui
442 728 661 769 interiectu
705 727 907 769 seruauit.
985 725 1108 774 Quod
1153 725 1346 780 protinus
1392 725 1560 767 barbari
1606 727 1772 780 magnis

333 787 493 829 uiribus
533 785 870 840 apprehensum,
910 784 1171 837 uulneratis,
1214 784 1283 839 qui
1326 797 1451 839 prore
1483 790 1699 838 preerant,
1730 784 1772 824 in

331 846 449 887 littus
491 843 603 884 haud
653 842 839 897 segniter
884 841 1219 898 pertrahendum
1266 846 1481 883 curarunt.
1557 841 1772 884 Esbernus

336 916 429 945 cum
462 915 520 950 se,
552 900 685 942 tribus
713 900 884 955 spiculis
916 899 1086 941 ballista
1117 899 1292 950 emissis,
1324 899 1455 940 tocies
1487 899 1574 941 ictu
1604 899 1772 941 frauda-

334 966 424 1002 tum
456 957 658 1011 uide*ret,
692 957 907 1000 confracto
941 962 1170 1009 tormento,
1203 957 1319 998 cuius
1342 971 1462 998 usum
1493 956 1649 999 frustra
1682 963 1772 999 ten-

333 1020 511 1068 tauerat,
542 1030 567 1056 a
597 1015 730 1071 puppi
759 1015 802 1056 in
834 1029 998 1070 proram
1022 1018 1207 1056 armatus
1239 1014 1456 1067 concessit,
1488 1015 1688 1070 solusque
1711 1019 1773 1056 tot

332 1076 477 1116 hostes
508 1073 724 1128 aliquanto
749 1073 831 1114 diei
862 1073 1005 1128 spacio
1028 1073 1132 1113 mira
1155 1071 1281 1113 animi
1312 1072 1584 1127 corporisque
1617 1074 1772 1115 uirtute

333 1131 544 1174 sustinuit.
614 1130 805 1172 'Tandem
846 1131 1032 1172 silicibus
1071 1129 1177 1171 adeo
1223 1136 1422 1172 contusus
1465 1131 1642 1185 telisque
1681 1145 1773 1197 per-

334 1191 521 1242 strictus,
554 1192 600 1230 ut
620 1189 801 1243 pedibus
824 1202 989 1243 quoque
1013 1188 1278 1241 deficeretur,
1310 1201 1410 1242 egre
1439 1188 1569 1243 puppi
1592 1189 1773 1243 repetita

335 1246 538 1290 consedit.
585 1246 762 1302 Iamque
794 1261 818 1287 a
840 1246 1058 1288 comitibus
1081 1245 1271 1287 desertus
1304 1245 1418 1298 (nam
1451 1245 1601 1298 cuncti,
1632 1250 1773 1301 preter

335 1320 486 1356 unum,
528 1304 714 1359 pellente
757 1301 905 1360 meltu,
946 1303 1155 1358 piofundo
1197 1318 1243 1345 se
1289 1303 1514 1355 dederant)
1546 1310 1773 1359 postquam

336 1363 552 1405 barbaros
574 1362 803 1417 nauigium,
836 1362 953 1403 cuius
984 1361 1067 1401 iam
1088 1362 1221 1402 latera
1253 1360 1437 1402 dolabris
1468 1361 1772 1417 perfregerant,

332 1420 495 1462 insilire
527 1420 760 1474 conspexit,
792 1419 962 1461 uirtutis
992 1419 1166 1474 pristine
1197 1432 1282 1460 non
1315 1419 1486 1471 oblitus,
1517 1419 1675 1461 uiribus
1708 1434 1773 1461 re-

335 1478 540 1527 collectis,
564 1477 695 1518 semel
725 1478 966 1532 iterumque
988 1491 1037 1518 ac
1068 1477 1196 1518 tercio
1226 1480 1429 1531 exceptos
1460 1476 1638 1529 fugauit,
1671 1478 1773 1519 tela-

336 1535 490 1592 quein
534 1549 578 1576 se
622 1540 822 1590 congesta
863 1534 1065 1576 acerrime
1106 1535 1146 1574 in
1189 1534 1354 1576 hostem
1385 1535 1579 1585 retorsit,
1611 1536 1771 1577 auxilio

333 1594 412 1636 sibi
444 1596 629 1647 uertens,
663 1593 776 1648 quod
807 1593 849 1634 in
881 1593 970 1634 eius
1001 1592 1229 1647 perniciem
1261 1593 1324 1634 uis
1352 1592 1489 1633 aliena
1521 1592 1770 1636 contulerat.

334 1651 402 1692 Ad
433 1651 626 1692 ultimum
659 1650 867 1693 hebetatis
910 1651 1081 1703 neruis,
1122 1650 1378 1691 lassitudinis
1420 1650 1637 1691 nimietate
1675 1665 1772 1692 con-

333 1709 487 1759 fectus,
519 1722 614 1749 cum
644 1709 791 1763 pocius
824 1707 1033 1749 debilitati
1063 1721 1186 1762 quam
1221 1708 1331 1749 hosti
1363 1708 1530 1758 cedens,
1560 1722 1772 1751 resumen-

334 1766 485 1808 darum
516 1766 667 1807 uirium
701 1767 866 1820 gracia,
907 1765 1122 1821 paululum
1167 1766 1345 1820 gradum
1386 1765 1545 1807 referre
1577 1767 1771 1820 cepisset,

334 1829 422 1865 tam
452 1838 630 1879 grauem
662 1823 814 1878 lapidis
845 1824 977 1865 ictum
1009 1823 1146 1877 capite
1178 1824 1360 1878 excepit,
1391 1828 1439 1865 ut
1470 1827 1566 1864 ante
1596 1825 1772 1879 puppim

333 1895 441 1937 pene
475 1882 680 1923 exanimis
713 1881 1001 1924 collaberetur.
1054 1880 1188 1929 Quem
1211 1895 1306 1922 cum
1328 1881 1507 1934 barbari,
1541 1894 1769 1923 conscenso

332 1939 519 1994 nauigio,
563 1939 768 1980 iacentem
811 1939 1103 1981 obtruncaturi
1147 1944 1467 1992 concurrerent,
1498 1939 1646 1980 unicus
1679 1940 1770 1981 eius

333 2010 488 2050 comes,
510 2010 604 2038 cum
625 2009 732 2038 uoce
753 1997 1042 2038 semianimem
1064 1996 1270 2038 suscitare
1300 2010 1384 2037 non
1418 2001 1572 2051 posset,
1595 1996 1772 2038 dextera

335 2053 685 2110 comprehensum
718 2055 866 2105 erexit,
897 2055 1071 2109 solaque
1095 2054 1362 2095 consistentis
1388 2054 1571 2109 imagine
1601 2054 1771 2109 propin-

334 2126 438 2167 quas
471 2112 655 2153 hostium
689 2117 882 2154 cateruas
913 2113 1110 2167 reppulit.
1153 2111 1291 2153 Tanta
1322 2112 1478 2167 quippe
1511 2111 1769 2154 fortitudinis

333 2170 423 2212 eius
471 2171 761 2225 experimenta
807 2170 997 2221 fuerant,
1044 2174 1089 2210 ut
1134 2174 1309 2225 aspectu
1349 2184 1433 2210 non
1465 2170 1599 2211 minus
1644 2184 1771 2222 quam

332 2227 493 2269 uiribus
536 2228 699 2269 hostem
741 2227 1000 2281 terrere[n]t.
1074 2227 1299 2269 Postremo
1341 2228 1535 2269 sensibus
1582 2227 1770 2280 redditis,

333 2286 526 2328 comitem
557 2290 866 2340 percunctatus,
898 2299 1071 2327 curnam
1102 2286 1155 2327 ab
1186 2299 1234 2326 eo
1255 2285 1528 2352 fatigaretur,
1550 2290 1771 2351 postquam

333 2344 551 2398 nauigium
580 2343 770 2384 barbaris
791 2343 1044 2398 completum
1066 2342 1241 2394 audiuit,
1264 2343 1438 2398 pristino
1462 2344 1590 2384 animi
1613 2343 1769 2396 uigore,

282 2422 285 2429 ·
333 2401 463 2456 pulsis
496 2401 710 2453 omnibus,
751 2401 795 2442 in
833 2415 1005 2456 proram
1045 2401 1270 2453 concessit,
1313 2414 1537 2455 pugnaque
1574 2405 1770 2442 strennue

264 2586 299 2616 40

334 2458 467 2508 edita,
511 2472 619 2511 cum,
662 2433 822 2499 uiribus
862 2472 993 2514 prope
1033 2458 1204 2499 modum
1243 2459 1496 2513 absumptis,
1528 2458 1581 2499 ad
1613 2458 1770 2499 malum

334 2516 502 2570 regredi
532 2516 675 2569 uellet,
707 2530 871 2557 rursum
903 2515 1160 2558 semianimis
1190 2515 1384 2568 concidit,
1415 2516 1696 2571 perissetque,
1727 2516 1770 2556 ni

331 2587 427 2619 611111
459 2573 706 2627 Christofori
746 2573 927 2632 remiges
968 2573 1082 2615 ocius
1122 2587 1232 2616 naue
1263 2577 1488 2629 exceptum
1520 2578 1769 2616 seruassent.

1837 333 1884 367 (3³

1803 966 1884 1015 CLX,

1829 1317 1856 1342 p·
