1884 3126
377 189 459 233 238
945 209 991 215 ——
1054 183 1143 228 VII
1202 206 1255 214 —-

377 317 528 360 norint.
589 313 673 357 Sed
705 317 746 356 et
777 314 920 366 Hako,
952 314 1046 369 plus
1079 312 1220 356 damni
1261 313 1303 355 in
1335 313 1510 356 fratrum
1540 329 1643 357 nece
1685 329 1810 371 quam

377 375 567 441 pugilum
599 371 838 414 defeccione
869 385 1088 427 reponens,
1119 372 1162 412 in
1191 376 1373 426 portum,
1405 372 1476 427 qui
1510 372 1671 414 Danice
1706 373 1810 415 Her-

379 433 475 486 wig,
497 430 648 472 Latine
668 429 941 471 Exercituum
965 430 1079 471 sinus
1101 429 1264 480 dicitur,
1296 430 1427 471 classe
1450 430 1614 484 collata,
1639 431 1811 472 militem

379 489 566 545 exponit,
596 487 922 542 pedestremque
952 488 1084 528 aciem
1115 461 1290 537 instruit,
1322 501 1404 542 quo
1436 488 1518 528 loci
1548 502 1660 528 nunc
1693 489 1809 544 oppi-

328 563 344 588 5
378 547 475 588 dum
509 545 562 587 ab
594 545 820 587 Hesberno
867 549 1175 596 constructum,
1216 545 1443 586 munimine
1474 559 1549 586 suo
1581 545 1810 600 presidium

378 605 532 646 accolis
564 603 665 645 facit
696 603 941 657 aditumque
973 602 1149 643 barbare
1182 601 1358 644 feritatis
1390 603 1588 644 eliminat.
1645 603 1811 644 Deinde

378 662 532 727 sparsis
564 661 764 702 trifariam
797 661 940 715 copiis,
972 660 1182 713 geminam
1213 661 1383 701 nauium
1415 665 1592 715 partem,
1628 661 1771 715 paucis
1807 658 1811 716 Ι

377 718 552 774 remigio
596 718 839 771 destinatis,
879 718 931 758 ad
966 717 1115 758 Susam
1155 730 1320 758 amnem
1361 718 1588 772 premittit,
1629 732 1708 773 que
1738 732 1813 773 per
1868 731 1882 756 p

379 777 571 832 obliquos
602 776 714 817 aluei
743 751 878 817 flex⁷us
910 774 1081 830 ancipiti
1112 774 1388 828 nauigacione
1425 750 1711 830 pr·ogre'diens,
1742 790 1814 830 pe-

309 851 346 879 10
377 835 546 887 ditibus,
579 834 611 875 si
642 848 708 875 res
739 836 955 898 posceret,
999 832 1230 874 subsidium
1263 833 1531 874 ministraret.
1591 832 1690 887 Ipse
1722 847 1814 874 cum

378 893 554 934 residuis
592 891 775 946 pedestri
816 890 965 932 itinere
1005 890 1142 941 facto,
1184 889 1444 932 siluestribus
1484 891 1668 932 maxime
1699 891 1814 944 locis,

377 964 429 991 ne
461 953 714 1002 cerneretur,
746 949 928 989 incessit.
981 947 1074 996 Que
1106 948 1188 999 uia,
1221 947 1374 989 crebris
1407 947 1617 1003 quondam
1649 948 1816 990 occlusa

377 1007 643 1059 nemoribus,
683 1021 794 1048 nunc
826 1006 978 1058 partim
1020 1005 1168 1046 aratris
1202 1009 1302 1060 apta
1343 1005 1459 1047 tenui
1489 1005 1685 1047 fruticum
1716 1007 1815 1047 rari-

378 1070 466 1107 tate
510 1064 760 1120 pretexitur.
819 1062 876 1103 Et
918 1076 969 1104 ne
1011 1064 1242 1118 progressis
1289 1064 1329 1104 in
1375 1063 1546 1118 planum
1592 1065 1814 1106 arboreum

309 1139 345 1166 17»
378 1122 543 1164 deesset
573 1121 888 1172 umbraculum,
918 1120 1092 1162 ramalia
1123 1121 1175 1162 ab
1208 1121 1265 1162 eis
1295 1120 1421 1161 incidi
1453 1122 1692 1176 gestarique
1723 1135 1815 1176 pre-

380 1181 502 1234 cepit.
546 1180 760 1244 Preterea,
792 1178 945 1233 nequid
979 1179 1303 1233 properantibus
1336 1179 1452 1219 oneri
1482 1178 1605 1231 foret,
1636 1180 1817 1221 uestium

378 1243 542 1294 partem
574 1251 622 1278 ac
663 1237 839 1292 uaginas
872 1236 991 1277 abiici
1040 1236 1260 1291 nudosque
1303 1236 1466 1301 gladios
1499 1210 1651 1278 desei-ri
1681 1237 1815 1278 iussit.

381 1295 446 1338 Ob
491 1295 608 1336 cuius
655 1294 755 1335 facti
793 1291 1050 1355 mellmoriam
1094 1298 1285 1335 eternum
1326 1293 1460 1335 monti
1505 1294 1702 1349 uadoque
1747 1308 1813 1335 co-

380 1366 562 1409 gnomen
595 1351 775 1406 reliquit.
836 1351 903 1392 Ita
952 1349 1017 1391 bi³
1019 1365 1092 1392 nas
1142 1351 1315 1416 uigilum
1359 1351 1568 1393 staciones
1612 1355 1818 1393 nocturna
1865 1352 1884 1383 ¹⁴

309 1427 347 1454 20
377 1410 672 1467 p1·og1essione
721 1409 967 1462 frustiatus,
1015 1423 1109 1450 cum
1149 1409 1190 1449 in
1232 1408 1403 1450 terciam
1443 1409 1675 1464 incidisset,
1718 1423 1817 1450 mox

381 1469 633 1524 speculator,
663 1467 880 1509 insolitum
911 1467 1011 1508 facti
1046 1467 1353 1521 contemplatus
1386 1471 1605 1520 euentum,
1647 1481 1816 1509 accesso

379 1526 531 1582 Sygari
576 1525 791 1576 cubiculo,
838 1524 1043 1579 stupende
1084 1525 1145 1565 rei
1186 1525 1380 1565 nuncium
1422 1524 1572 1567 afferre
1613 1539 1658 1566 se
1699 1524 1817 1578 dixit,

380 1584 491 1639 quod
520 1582 692 1624 frondes
722 1597 770 1624 ac
800 1581 968 1623 frutices
991 1582 1174 1623 humano
1197 1596 1312 1623 more
1334 1581 1575 1648 gradientes
1597 1583 1815 1638 aspiceret.

379 1642 499 1683 Tunc
529 1643 803 1696 percontatus
834 1655 923 1694 rex,
954 1644 1158 1695 quantum
1189 1641 1371 1682 nemoris
1392 1639 1567 1691 distaret
1594 1639 1816 1692 aduentus,

310 1715 347 1743 25
378 1703 424 1740 ut
468 1699 748 1755 propinquum
796 1711 887 1740 esse
934 1698 1162 1752 cognouit,
1208 1697 1288 1739 hoc
1334 1694 1516 1739 monstro
1564 1696 1699 1739 fatum
1738 1697 1815 1739 sibi

380 1756 574 1812 portendi
616 1756 846 1798 subiunxit.
909 1755 1002 1804 Quo
1036 1756 1198 1808 euenit,
1240 1759 1287 1796 ut
1320 1755 1579 1797 succismum
1619 1755 1816 1796 fruticum

379 1815 501 1871 palus
522 1814 683 1856 Letalis
704 1814 872 1869 publico
897 1817 1210 1868 nuncuparetur
1242 1813 1420 1868 eloquio.
1463 1812 1598 1868 Igitur
1626 1813 1814 1855 locorum

381 1873 597 1928 angustias
620 1873 792 1924 ueritus,
824 1872 968 1913 relicto
997 1872 1002 1922 Ι
1031 1871 1200 1927 oppido,
1223 1870 1560 1926 conspecciorem
1582 1871 1660 1912 soli
1682 1871 1814 1926 plani-

380 1931 483 1972 ciem
514 1930 646 1986 prelio
680 1929 821 1971 hostes
853 1934 1107 1984 excepturus
1143 1929 1304 1983 petiuit.
1366 1928 1484 1969 Idem
1517 1928 1629 1983 apud
1660 1930 1813 1982 locum,

312 2004 348 2030 30
379 1989 450 2044 qui
472 1989 601 2042 uulgo
624 1987 901 2037 Walbrunna,
933 1987 1083 2028 Latine
1115 1986 1369 2028 cadauerum
1402 1986 1470 2028 ue]
1492 1987 1641 2040 stragis
1664 1992 1816 2042 puteus

380 2046 641 2101 appellatur,
682 2049 804 2100 gesta
848 2045 1068 2086 infeliciter
1098 2058 1268 2099 pugna,
1309 2045 1508 2100 protritus
1542 2044 1815 2099 extinguitur.

375 2103 500 2148 ,Tunc
531 2079 873 2154 Haoo‚⁰11ict0ria
906 2103 945 2144 in
978 2102 1269 2145 crudelitatem
1301 2115 1449 2153 uersa,
1479 2106 1597 2142 tanto
1629 2101 1816 2143 facinor‹

379 2161 590 2203 fortunam
621 2162 821 2216 prosequi
853 2160 977 2215 cepit,
1008 2164 1054 2201 ut
1083 2159 1322 2215 promiscue
1356 2159 1466 2200 cedis
1498 2159 1669 2212 auidus,
1715 2159 1816 2200 nihil

382 2218 617 2260 condicioni
667 2222 740 2260 aut
790 2218 913 2260 sexui
963 2217 1236 2259 deferendum
1285 2220 1468 2272 putaret.
1546 2215 1629 2258 Sed
1681 2230 1816 2272 neque

312 2292 348 2319 35»
378 2277 665 2318 miseracionis
698 2280 771 2318 aut
802 2275 1057 2317 uerecundie
1087 2276 1299 2331 respectui
1330 2274 1522 2326 indulsit,
1564 2289 1647 2330 quo
1679 2275 1814 2315 minus

344 2372 351 2381 ,
381 2333 563 2376 femineo
595 2333 752 2376 ferrum
790 2348 937 2375 cruore
975 2338 1242 2388 respergeret
1278 2335 1517 2387 matresque
1549 2347 1641 2374 cum
1673 2333 1815 2374 liberis

382 2391 592 2433 communi
623 2393 774 2446 stragis
805 2391 961 2433 seuicia
991 2391 1184 2433 uiolaret.

517 2449 598 2491 His
630 2449 782 2491 auditis
814 2448 1028 2504 Syualdus
1059 2448 1194 2502 Sigari
1225 2448 1347 2501 filius,
1380 2461 1471 2488 cum
1503 2447 1688 2502 paternis
1720 2447 1814 2488 hac-

380 2512 503 2548 tenus
532 2506 758 2562 penatibus
792 2507 1028 2551 inhesissetq
1061 2505 1207 2547 ultoris
1240 2509 1384 2560 partes
1418 2509 1673 2546 executurus
1695 2518 1814 2546 exer-

312 2580 349 2608 40
380 2566 505 2616 citum
544 2564 765 2607 contrahit.
825 2564 960 2620 Igitur
990 2563 1137 2619 Haeo,
1178 2562 1452 2604 multitudinis
1484 2576 1686 2604 concursu
1719 2576 1815 2603 con-
