1884 3126
209 911 240 939 10

200 1487 238 1514 20

202 2063 238 2089 30

201 2351 238 2378 35

203 2640 238 2668 40

280 264 361 305 418
823 280 872 286 -
933 253 1047 296 XIII
1108 277 1161 283 ——

277 389 512 442 presentem
565 383 650 423 eius
700 380 1068 422 mansuetudinem
1129 393 1253 435 quam
1304 379 1531 433 preteritas
1580 393 1713 422 noxas

277 444 482 485 attencius
523 442 710 489 intuens,
751 439 995 493 frequencie
1037 437 1285 478 damnorum
1320 437 1442 477 unius
1477 438 1491 489 Η
1525 437 1715 479 beneficii

276 499 583 553 indulgenciam
617 497 869 550 anteposuit.
931 495 1014 536 Sed
1061 509 1198 549 neque
1238 494 1436 535 Kanutus
1478 494 1713 548 profectum

278 573 301 599 a
331 558 489 612 pietate
520 567 731 594 merorem
763 554 950 607 ingratus
984 553 1163 607 excepit.
1226 552 1335 599 Quin
1372 552 1513 602 eciam,
1545 553 1639 607 plus
1673 554 1710 594 in

276 614 455 656 creanda
497 625 600 667 pace
643 625 767 666 quam
808 610 986 651 fruenda
1029 611 1135 664 dape
1169 609 1399 663 uoluptatis
1433 623 1639 664 reponens
1672 619 1714 652 et

276 671 395 726 quasi
427 669 669 710 mediatoris
703 674 841 724 partes
874 682 999 721 agere
1023 681 1214 715 exorsus,
1248 667 1478 708 Henricum
1515 669 1713 710 auunculi

274 729 456 782 graciam
490 732 690 781 expetere
722 726 856 778 iussit,
890 740 938 766 ac
970 726 1137 766 denium
1168 739 1417 766 consensum
1453 726 1540 767 eius
1572 740 1713 780 perse-

272 785 470 827 uerancia
502 784 820 824 ammonicionis
864 783 1056 824 obtinuit.
1119 781 1336 837 Siquidem
1378 783 1587 825 Hem-icus
1624 799 1712 825 rem

273 848 527 892 maternam,
576 841 692 882 cuius
739 840 970 895 repetende
1016 855 1145 881 causa
1191 840 1371 881 aduersa
1416 841 1545 882 Danis
1597 856 1712 882 arma

273 901 438 949 tulerat,
470 899 599 954 precii
620 899 821 954 paccione
844 899 1104 952 interposita,
1135 897 1308 938 Kanuto
1332 899 1373 938 in
1399 899 1711 953 possessionem

273 957 486 1011 ascripsit,
534 958 796 1011 eandemque
837 956 1032 997 Kanutus
1079 955 1129 995 ad
1178 970 1321 1010 regem
1371 955 1712 1010 condicione[m].

271 1028 354 1069 qua
385 1020 620 1069 acceperat,
653 1014 877 1056 transtulit,
911 1029 958 1054 ac
991 1012 1141 1053 deinde
1173 1018 1384 1068 receptam
1420 1014 1472 1054 ab
1506 1028 1555 1055 eo
1585 1028 1712 1069 pecu-

270 1072 380 1112 niam
424 1072 610 1114 Hem-ico
650 1072 903 1112 nurnerauit.
969 1072 1000 1111 A
1037 1085 1120 1125 quo
1152 1071 1283 1112 eciam
1328 1076 1422 1126 post
1452 1072 1623 1112 modum
1657 1072 1708 1113 ad

271 1130 585 1170 conuiuandum
631 1130 858 1170 accersitus
902 1129 1132 1184 excipitur,
1165 1130 1428 1182 affirmante,
1461 1131 1590 1183 priori
1624 1131 1711 1171 eius

269 1188 471 1229 aduentui
506 1188 655 1238 minus,
689 1202 812 1242 quam
856 1187 1015 1238 decuit,
1048 1187 1237 1241 impense
1281 1188 1495 1229 semitoni.
1558 1189 1594 1228 A
1626 1201 1708 1242 quo

270 1246 401 1286 eciam
436 1245 644 1286 Heni-icus
678 1259 812 1300 nuper
843 1259 888 1285 se
919 1245 1007 1284 uita
1037 1250 1164 1299 atque
1186 1245 1476 1286 incolumitate
1508 1245 1711 1286 donatum

268 1302 481 1352 iudicans,
514 1303 723 1343 Sclauiam
758 1304 795 1343 ei
826 1302 1093 1343 iurisiurandi
1135 1303 1330 1344 firmitate
1361 1302 1535 1356 legauit.
1598 1302 1709 1344 Huic

270 1361 468 1411 accessit,
509 1360 618 1415 quod
662 1361 713 1401 ad
754 1360 940 1415 gerenda
982 1374 1075 1400 cum
1117 1359 1368 1411 Teutonilcis
1405 1361 1524 1409 bella,
1556 1361 1708 1415 quibus

269 1418 470 1473 precipue
504 1419 671 1459 Sclauia
704 1418 964 1468 uexabatur,
1006 1418 1186 1458 filiorum
1217 1418 1446 1459 uirtutibus
1479 1419 1708 1472 diffidebat,

268 1476 501 1530 maluitque
542 1482 752 1516 maturum
793 1475 1040 1516 fortitudine
1083 1475 1278 1517 heredem
1325 1476 1612 1530 circunspecta
1645 1490 1708 1516 ar-

269 1532 382 1574 bitrii
422 1534 484 1574 sui
525 1533 720 1575 libertate
763 1531 1085 1587 con<s>ciscere,
1129 1547 1255 1588 quam
1289 1534 1366 1574 sub
1399 1534 1603 1585 naturali,
1636 1533 1708 1574 sed

267 1590 473 1642 inualido,
525 1592 825 1645 patrimonium
881 1592 1037 1632 exteris
1089 1591 1408 1646 pei-uadendum
1459 1592 1710 1646 relinquere.

269 1648 363 1690 Hec
386 1648 633 1689 offerentem
657 1649 851 1689 Kanutus
875 1649 1105 1703 impietatis
1128 1649 1205 1689 sibi
1228 1654 1370 1689 notam
1396 1650 1708 1690 immerencium

267 1707 496 1748 liberorum
538 1712 783 1761 contemptu
825 1707 1057 1760 pariturum
1103 1706 1304 1759 affirmat,
1346 1722 1478 1762 seque
1520 1713 1606 1748 tam
1648 1707 1709 1748 in-

270 1764 388 1806 iustis
422 1765 512 1805 eius
544 1765 759 1819 promissis
791 1780 963 1805 usurum
988 1770 1131 1818 negat.
1179 1765 1401 1816 Postremo
1434 1780 1710 1820 perseueran-

270 1822 437 1864 tissimis
471 1821 643 1863 Hem-ici
676 1823 872 1877 precibus
907 1829 1157 1877 superatur,
1203 1824 1410 1877 propositi
1441 1823 1655 1864 racionem
1686 1837 1710 1863 a

268 1886 463 1921 natorum
506 1880 696 1921 secordia
739 1881 983 1922 mutuantis.
1057 1879 1096 1920 A
1142 1894 1224 1935 quo
1266 1881 1397 1921 eciam
1445 1880 1710 1936 imperatoris

268 1938 423 1992 gracia,
458 1938 567 1992 quod
593 1938 760 1979 Sclauia
791 1939 829 1979 in
855 1940 944 1980 eius
981 1939 1180 1979 beneficio
1214 1939 1360 1992 reponi
1395 1938 1621 1987 uideretur,
1655 1938 1708 1979 ad

271 1995 440 2037 modum
475 2010 600 2049 egere
633 1997 907 2050 permonitus,
941 2010 1092 2050 equum
1128 1996 1163 2037 ei
1197 1997 1330 2038 calces
1363 2011 1465 2037 auro
1498 1996 1709 2037 confixum

268 2053 453 2094 muneris
488 2054 579 2094 loco
613 2054 854 2105 transmisit,
887 2054 1130 2109 donumque
1161 2069 1236 2108 per
1260 2070 1304 2095 se
1327 2055 1468 2095 habile
1499 2054 1709 2094 inusitatis

270 2111 522 2164 ungularum
576 2112 832 2153 ornamentis
889 2112 1107 2166 accipienti
1168 2112 1451 2153 uenerabilius
1513 2111 1708 2153 reddidit.

271 2167 551 2220 Crediderim,
595 2173 694 2210 tunc
725 2170 1024 2224 imperatorem
1055 2170 1149 2225 plus
1181 2169 1316 2210 laudis
1347 2169 1388 2210 in
1420 2170 1557 2210 dantis
1590 2169 1708 2209 indu-

270 2227 369 2267 stria
412 2240 535 2280 quam
579 2227 688 2267 dono
733 2228 993 2281 reposuisse,
1037 2241 1131 2268 cum
1168 2227 1288 2282 primi
1321 2227 1446 2282 precii
1479 2227 1708 2279 metallum,

271 2297 353 2338 quo
387 2284 745 2340 contemptibilius
790 2285 997 2338 habiturn,
1032 2285 1111 2325 hoc
1143 2285 1366 2339 gloriosius
1399 2284 1562 2325 uideret
1595 2284 1710 2325 obla-

268 2346 370 2383 tum.
432 2341 674 2397 Absu'mpto
717 2342 929 2396 Henrico,
970 2344 1155 2397 legatam
1193 2342 1273 2383 sibi
1305 2343 1562 2398 prouinciam
1597 2342 1708 2384 nullo

269 2398 510 2454 refragante
540 2399 740 2455 possedit.

406 2457 575 2499 Interea
618 2456 854 2508 Har-aldus,
895 2472 990 2499 eum
1026 2472 1103 2499 nec
1142 2457 1257 2498 domi
1299 2458 1436 2499 clarus
1482 2472 1561 2499 nec
1606 2457 1707 2498 foris

271 2514 435 2555 celeber
467 2515 704 2567 haberetur,
738 2515 903 2556 uirtutis
935 2516 1120 2570 inopiam
1154 2521 1379 2570 qucstuum
1413 2516 1534 2570 copia
1564 2516 1708 2556 leuare

272 2571 467 2626 cupiens,
508 2572 715 2615 refertum
758 2573 950 2627 nequicia
982 2574 1167 2614 animum
1208 2574 1248 2614 in
1281 2573 1403 2613 imam
1438 2572 1708 2628 turpitudinis

269 2629 511 2684 uoraginem
545 2631 644 2685 egit.
706 2629 774 2672 Ad
816 2631 984 2686 rapinas
1027 2636 1067 2673 ct
1098 2631 1211 2672 furta
1243 2631 1459 2686 mancipiis
1497 2630 1704 2672 utebatur.

1769 447 1862 481 (⁶234)

1764 1376 1794 1400 p.
1814 1368 1865 1394 626
