1884 3126
680 271 727 277 —
791 245 929 288 XIIII
991 271 1043 277 ——
1498 251 1581 292 599

132 375 296 422 lentem
327 378 625 421 familiaritatis
649 378 789 420 locum
813 383 1040 429 meruerat,
1064 394 1157 422 eum
1182 382 1441 423 sentenciam
1463 395 1582 423 suam

133 435 346 479 sociorum
380 437 555 479 arbitrio
589 435 832 479 damnatam
867 437 1240 493 animaduerteret,
1272 439 1581 496 pacificandum

132 509 229 537 cum
260 495 415 537 nostris
448 500 578 546 ratus,
605 494 819 538 Sunonem
852 496 1059 551 poposcit,
1093 511 1228 553 eoque
1262 498 1582 554 composicionis

131 557 275 611 partes
297 554 463 609 plenius
488 552 733 606 exhibente,
766 567 901 609 usque
925 554 978 595 ad
1000 554 1179 598 Henriei
1210 555 1328 598 ducis
1351 570 1373 598 e
1397 555 1582 599 Bauaria

83 617 100 644 ⁵
131 611 317 655 reditum
361 612 461 653 belli
501 611 753 654 dilacionem
799 613 995 654 obtinuit.
1065 612 1160 655 Rex
1203 614 1357 656 deinde
1397 614 1581 667 Rugiam

135 670 354 721 aduectus,
370 669 716 725 Circipanensem
733 670 882 712 statuit
899 674 1110 713 attentare
1124 672 1413 727 proluinciam.
1445 673 1582 722 Quam
1637 685 1667 711 p·
1686 677 1737 705 884

132 729 231 771 dum
263 733 441 785 peteret,
474 729 672 770 eximiam
706 733 828 770 uaste
860 728 1170 786 cenulenteque
1200 730 1366 786 paludis
1401 731 1582 773 difficul-

130 791 263 830 tatem
304 786 495 829 offendit.
559 786 690 829 Cuius
721 786 978 842 superficies,
1019 791 1165 830 tenero
1207 790 1362 831 uestita
1406 790 1580 846 cespite,

130 845 332 902 graminis
365 844 535 902 quidem
569 844 705 897 feraX,
738 844 815 888 sed
847 845 1018 898 uestigii
1049 846 1105 887 ita
1137 847 1353 903 inpaciens
1386 852 1502 898 erat,
1533 853 1580 889 ut

65 909 98 936 10
128 904 365 960 plerunque
408 903 617 946 calcantes
662 903 876 946 obrueret.
938 902 1049 946 Nam
1080 904 1180 947 limo
1223 904 1414 947 funditus
1446 906 1580 948 subsi-

131 963 271 1015 dente,
303 962 344 1003 in
376 961 514 1003 luteas
546 963 774 1016 uoragines
807 961 1107 1017 sordidamque
1129 963 1352 1005 colluuiem
1384 963 1578 1019 prolabe-

129 1022 298 1062 bantur.
333 1018 461 1062 Haud
485 1020 598 1061 aliud
622 1020 911 1076 progressuris
933 1020 1011 1061 iter
1033 1021 1219 1076 patebat.
1261 1021 1381 1064 Tunc
1404 1022 1578 1077 equites,

132 1077 407 1122 extenuande
429 1077 692 1120 difficultatis
715 1078 975 1134 uitandeque
996 1079 1256 1121 lassitudinis
1277 1080 1432 1134 gracia,
1464 1094 1580 1122 arma

131 1136 210 1179 sibi
242 1136 435 1178 detracta
467 1137 585 1192 equis
607 1138 857 1191 'imponunt,
891 1150 1052 1192 eosque
1085 1138 1219 1193 preuii
1252 1137 1427 1179 ductare
1459 1152 1581 1194 cepe-

66 1198 97 1226 15
128 1198 240 1237 runt.
304 1194 423 1243 Quos
454 1199 502 1237 ut
533 1195 665 1237 alcius
700 1209 803 1236 ceno
834 1194 1014 1237 'obrutos
1046 1196 1357 1249 sustentabant,
1388 1196 1459 1247 ita,
1483 1211 1580 1238 cnm

128 1258 172 1295 et
201 1252 281 1308 ipsi
304 1252 520 1296 ductando
543 1252 823 1304 subsiderent,
846 1267 1055 1308 equorum
1083 1267 1249 1296 comam
1281 1254 1466 1310 amplexi
1498 1254 1578 1296 ful-

128 1311 361 1353 ciebantur.
423 1311 603 1353 Riuulos
645 1325 841 1367 quoque,
882 1311 953 1367 qui
994 1311 1034 1353 in
1078 1326 1126 1353 ea
1158 1312 1315 1367 palude
1356 1312 1490 1355 crebri
1522 1312 1575 1354 ad

127 1369 304 1412 modum
326 1369 628 1419 discurrebant,
659 1370 781 1411 nexis
814 1369 1029 1425 uirgarum
1056 1370 1328 1425 compagibus
1360 1376 1574 1426 superant.

127 1427 247 1474 Tunc
277 1440 380 1469 uero
405 1426 419 1481 ΙΙ
442 1427 617 1484 insignis
643 1427 911 1484 quorundam
933 1428 1123 1483 probitas
1144 1427 1233 1470 fuit.
1272 1428 1381 1470 Nam
1406 1428 1574 1484 quidam
1632 1431 1725 1465 (344)

58 1489 95 1516 2⁰
126 1501 180 1528 ex
211 1486 425 1541 equitibus
457 1487 583 1528 armis
617 1486 782 1539 onusti,
823 1486 960 1528 ductis
992 1490 1091 1542 post
1122 1501 1168 1528 se
1200 1487 1338 1542 equis,
1381 1487 1574 1542 passibus

126 1543 404 1597 incedebant,
452 1545 653 1599 agilitatis
699 1545 855 1586 fiducia
901 1558 1032 1586 onera
1082 1545 1264 1586 abiicere
1315 1549 1575 1588 recusantes.

127 1602 319 1652 Quorum
366 1602 523 1644 factum
579 1603 659 1645 hoc
713 1603 937 1654 illustrius,
997 1617 1081 1658 quo
1130 1603 1372 1645 inusitacius
1424 1603 1578 1644 extitit.

126 1660 211 1702 Sed
243 1665 285 1702 et
308 1660 417 1716 equi,
451 1660 552 1702 dum
576 1675 729 1716 corpus
752 1661 914 1702 lacunis
936 1661 1181 1703 immersum
1205 1661 1370 1703 auidius
1394 1661 1575 1716 erigunt,

124 1718 337 1760 interdum
379 1718 580 1761 ductores
622 1719 791 1774 ungulis
838 1720 1036 1761 obruunt.
1099 1718 1194 1761 Rex
1240 1719 1351 1774 ipse,
1396 1719 1577 1760 duorum

55 1780 93 1808 25
124 1777 303 1819 militum
336 1777 524 1818 humeris
564 1777 759 1830 innixus,
801 1777 995 1818 omnibus
1033 1782 1176 1832 preter
1216 1778 1455 1832 proximam
1487 1791 1578 1818 cor-

126 1835 219 1891 pori
251 1839 416 1876 uestem
456 1835 644 1888 reiectis,
688 1849 787 1890 egre
819 1835 905 1876 limi
929 1835 1172 1888 ¹molliciem
1213 1839 1398 1890 superat.
1460 1834 1574 1876 Raro

126 1907 328 1948 umquam
359 1893 454 1949 plus
486 1893 653 1936 sudoris
686 1893 851 1935 Danica
891 1894 1026 1935 uirtus
1071 1892 1287 1947 expendit.
1349 1893 1575 1947 Ingentem

125 1951 319 1994 hostibus
360 1957 592 2007 peragrate
631 1951 797 2008 paludis
845 1951 1087 1993 ammiracio
1134 1955 1351 2007 stuporem
1398 1952 1575 2004 inuexit,

125 2024 265 2065 neque
306 2008 384 2051 illis
426 2010 622 2052 resistere
663 2013 803 2051 tutum
846 2009 1082 2064 ducebant,
1125 2024 1149 2050 a
1182 2010 1332 2064 quibus
1370 2013 1411 2051 et
1442 2010 1575 2065 ipsam

55 2073 93 2101 30
124 2081 265 2109 rerum
309 2070 504 2109 naturam
545 2072 789 2123 superatam
824 2067 1068 2110 cernebant.
1131 2067 1281 2109 Victor
1312 2071 1428 2109 tante
1468 2067 1575 2109 diffi-

126 2125 294 2167 cultatis
343 2126 557 2168 exercitus
605 2126 717 2167 haud
760 2140 905 2179 secuS,
949 2139 1075 2181 quam
1106 2126 1138 2167 si
1171 2124 1335 2167 hostem
1379 2124 1574 2177 fudisset,

125 2183 264 2225 alacer
295 2182 531 2229 incedebat.
576 2183 779 2239 Ingentes
802 2183 955 2225 deinde
987 2183 1115 2226 siluas
1144 2197 1355 2235 emensus,
1387 2183 1575 2224 animad-

125 2241 257 2283 uertit
300 2242 444 2283 uicum
475 2246 576 2297 apta
609 2242 791 2297 nauigiis
823 2241 980 2297 palude
1012 2241 1318 2283 circundatum.
1373 2241 1415 2282 Is
1448 2255 1575 2296 aqua-

124 2313 217 2340 rum
238 2303 392 2341 natura
414 2313 540 2354 quam
574 2303 664 2343 arte
685 2300 895 2341 municior
917 2304 1021 2351 erat,
1055 2312 1189 2354 eaque
1220 2298 1430 2340 duntaxat
1452 2303 1574 2354 parte

56 2363 92 2391 35
122 2356 280 2398 uallum
323 2357 534 2410 habebat,
576 2372 703 2413 quam
743 2372 851 2413 pons
894 2358 1006 2399 inter
1046 2357 1181 2411 ipsum
1214 2360 1256 2397 et
1288 2356 1573 2398 continentem

124 2417 346 2470 porrectus
377 2416 594 2470 tangebat.
643 2415 771 2457 Hunc
793 2415 988 2471 princeps
1019 2414 1150 2465 urbis,
1169 2414 1400 2462 Otimarus,
1432 2414 1575 2469 prohi-

124 2472 254 2514 bendi
285 2472 423 2515 aditus
456 2474 610 2527 gracia,
642 2473 902 2516 aduentante
937 2473 1141 2525 exercitu,
1174 2471 1296 2513 undis
1326 2471 1438 2513 illico
1473 2486 1573 2514 exe-

125 2543 254 2584 quare
286 2531 469 2584 curauit,
502 2532 601 2573 solis
635 2531 824 2586 stipitum
856 2530 1043 2586 reliquiis
1075 2530 1185 2571 inter
1216 2543 1370 2584 aquam
1402 2543 1575 2572 manen-

123 2587 248 2630 tibus.
321 2587 438 2636 Quas
481 2589 616 2631 nostri
658 2603 736 2630 ceu
768 2587 951 2644 quedam
994 2588 1168 2628 alterius
1211 2587 1354 2642 pontis
1396 2586 1574 2629 iaciendi

56 2656 92 2683 40
122 2645 402 2688 fundamenta
423 2647 574 2700 sortiti,
605 2647 845 2703 propinque
879 2646 978 2687 uille
1000 2645 1172 2700 sepibus
1200 2644 1438 2700 applicatis,
1470 2658 1573 2701 pau-
