1884 3126
5 2627 42 2655 40

611 235 665 241 —
726 209 871 253 XIIII
935 235 985 242 -
1444 212 1527 253 529

71 339 319 395 prebuerat,
352 344 555 395 tanquam
585 343 760 394 recepta
803 339 858 381 ab
891 339 1130 382 Octauiano
1163 339 1399 395 dignitate,
1433 353 1529 382 con-

71 397 212 440 ciliato
234 399 346 453 regis
369 398 532 452 fauore,
558 397 872 440 Slesuicensem
896 398 1038 439 sedem
1061 397 1268 453 sacrilego
1302 401 1529 453 occuparat

69 456 288 511 regimine.
366 456 505 505 Quem
551 455 763 508 Eskillus‚
815 456 1025 498 catholice
1071 456 1203 512 partis
1247 456 1528 512 emulacione,

70 515 182 556 inter
212 515 274 556 rei
305 514 449 557 diuine
483 515 698 559 accionem
722 514 737 569 ΙΙ
762 528 858 555 cum
891 515 978 556 suis
1011 514 1253 557 fautoribus
1286 518 1528 570 execratus,

68 587 330 629 magnopere
381 587 526 629 regem
576 573 804 629 permonit.
887 573 956 615 Ita
999 574 1276 616 contencione
1324 573 1527 629 paulatim

71 630 123 672 ad
155 631 359 672 inuidiam
393 632 739 686 simultatemque
774 645 1017 686 progressa,
1049 632 1184 673 accito
1218 631 1332 688 apud
1365 631 1528 674 Sialan-

70 689 183 730 diam
216 690 452 742 Absalone,
482 690 803 746 ,querimoniam
846 704 969 731 suam
1001 704 1025 731 a
1057 704 1158 745 rege
1198 695 1289 733 tum
1322 694 1528 746 spretam,

70 752 159 789 tum
184 749 316 789 eciam
339 749 506 790 irrisam
528 748 816 803 conqueritur.
866 748 1034 804 Quippe
1061 763 1157 790 eum
1182 762 1283 804 erga
1303 749 1529 804 pecuniam

70 806 270 848 amissam
301 821 451 862 parum
486 808 668 848 honesta
699 807 966 848 consciencia
988 821 1107 861 essc;
1141 808 1462 850 restitucionem
1485 808 1526 849 in

69 864 276 906 facultate
319 865 504 921 habere,
550 865 584 907 si
624 864 735 907 uelle
777 870 1036 921 suppeteret.
1099 865 1214 913 Quin
1259 866 1392 907 eciam
1431 880 1527 908 cum

73 922 258 975 Oenone,
287 923 615 966 scismaticarum
632 924 830 979 ‘parcium
853 924 1019 975 comite,
1043 923 1316 965 criminosum
1337 924 1528 967 iunxisse

73 981 315 1036 collegium,
347 983 475 1037 inque
509 983 598 1024 eius
633 982 869 1024 excolenda
911 982 1116 1024 societate
1158 982 1366 1024 catholice
1413 983 1528 1038 pacis

72 1038 326 1081 aduersariis
349 1040 634 1083 execrabilem
656 1040 882 1082 obtentum
903 1040 1107 1096 prebere3
1136 1054 1261 1096 quam
1285 1041 1339 1082 ob
1362 1055 1450 1083 rem
1482 1056 1528 1082 se

74 1098 170 1139 belli
201 1098 429 1140 aduersum
462 1113 559 1141 eum
591 1099 848 1154 suscipiendi
875 1099 1039 1140 infinita
1070 1098 1302 1154 cupiditate
1333 1099 1527 1154 flagrare.

71 1155 182 1211 Sepe
223 1157 333 1198 enim
376 1171 552 1199 numero
597 1157 827 1199 consimilia
869 1172 1043 1211 ausum,
1089 1158 1322 1213 pociusque
1354 1172 1528 1213 preesse

73 1215 244 1268 regibus
267 1229 395 1271 quam
418 1216 594 1271 obsequi
617 1215 801 1259 solitum.
848 1215 1054 1258 Preterea
1086 1215 1139 1257 ad
1172 1216 1251 1257 hoc
1282 1215 1529 1258 audendum

73 1287 119 1315 se
152 1287 235 1315 non
266 1274 418 1316 infimis
451 1275 685 1316 amicorum
709 1273 903 1330 presidiis
935 1274 1167 1317 abundare.
1229 1274 1406 1317 Veritus
1438 1275 1527 1316 Ab·

74 1331 192 1372 salon
236 1332 376 1387 palam
419 1334 527 1374 tanti
569 1332 648 1374 uiri
692 1333 950 1375 sentenciam
993 1334 1242 1388 obiurgare,
1290 1337 1527 1388 temperato

74 1390 393 1444 reprehensoris
436 1390 599 1444 officio,
646 1391 919 1446 impaciencie
966 1393 1055 1433 eius
1104 1405 1289 1433 errorem
1336 1391 1527 1434 modesto

72 1461 230 1502 genere
275 1449 570 1504 castigacionis
619 1450 811 1505 excepit,
857 1449 971 1504 regis
1016 1450 1303 1505 integritatem
1351 1449 1528 1492 deformi

72 1510 224 1548 notatu
256 1521 461 1563 perquam
493 1507 710 1562 indignam
733 1508 978 1563 iudicando,
1007 1509 1182 1564 eiusque
1207 1508 1527 1563 conscienciam,

75 1565 237 1607 collatis
280 1566 529 1607 innocencie
571 1567 837 1620 racionibus,
869 1566 924 1608 ab
957 1567 1069 1608 omni
1113 1567 1364 1623 suspicionis
1398 1567 1529 1623 turpi-

73 1622 223 1666 tudine
275 1624 570 1666 alienissimam
631 1625 962 1681 comprobando.
1047 1625 1249 1667 Ceterum
1303 1639 1389 1667 non
1439 1630 1528 1666 tam

75 1682 381 1724 catholicarum
412 1682 601 1738 parcium
634 1683 749 1737 odio,
782 1697 906 1739 quam
940 1684 1028 1726 eius
1061 1684 1261 1739 regisque
1287 1684 1423 1738 litigio
1447 1683 1528 1726 Oc-

25 1754 37 1762 *
72 1741 184 1782 conis
217 1741 537 1796 suscepcionem
570 1741 860 1797 imputandam
895 1742 1090 1785 docebat.
1132 1742 1199 1784 Ad
1229 1742 1322 1797 hec,
1355 1743 1388 1784 si
1411 1742 1526 1783 litem

73 1797 385 1853 ingrederetur,
420 1813 526 1855 quos
558 1799 790 1842 auxiliares
823 1801 1079 1855 sperauerit,
1114 1801 1257 1843 hostes
1289 1814 1526 1844 sensurum.

75 1856 244 1912 Quippe
275 1857 465 1900 homines
497 1858 608 1900 inter
639 1858 822 1900 aduersa
844 1859 1080 1915 plerunque
1102 1873 1253 1914 parum
1283 1859 1394 1900 iusta
1429 1873 1528 1901 con-

74 1915 235 1957 stancia
268 1916 477 1958 amicicias
510 1916 661 1958 colere.
707 1916 795 1958 Sibi
816 1918 961 1972 pocius
983 1918 1037 1959 ad
1059 1918 1199 1973 ipsum
1222 1918 1349 1972 legati
1382 1923 1527 1973 partes

73 1973 265 2015 mandari
282 1979 498 2030 precatur,
513 1974 814 2017 discordiarum
832 1976 1022 2030 pericula
1039 1976 1363 2032 composicionis
1379 1975 1527 2017 officiis

71 2036 269 2074 auertere
285 2036 515 2075 tentatum.
558 2033 759 2084 Eskillus,
782 2034 889 2075 tanti
913 2035 1073 2076 consilii
1097 2035 1353 2077 documento
1376 2048 1529 2089 parum

74 2089 300 2131 salubriter
333 2091 545 2144 estimato,
576 2092 976 2147 percontacionibus
1000 2108 1098 2134 eum
1130 2093 1293 2149 fatigat,
1325 2107 1425 2134 num
1449 2092 1529 2134 sibi

73 2148 116 2189 in
148 2161 242 2189 eam
273 2163 362 2190 rem
403 2150 606 2192 auxilium
651 2150 704 2192 sit
734 2151 923 2205 laturus,
967 2166 1092 2207 quem
1133 2166 1218 2193 non
1259 2155 1346 2193 tam
1379 2165 1529 2206 geren-

74 2205 222 2247 dorum
255 2207 463 2249 arbitrum
492 2222 621 2264 quam
654 2208 752 2251 belli
776 2209 947 2250 socium·
968 2209 1185 2266 deposcat,
1218 2208 1414 2260 dicendo,
1445 2209 1527 2250 iam

74 2277 160 2305 non
191 2279 236 2306 se
268 2266 528 2308 consultorie
561 2280 655 2309 cum
689 2281 754 2321 ec,
786 2267 863 2309 sed
895 2268 1086 2322 precarie
1117 2282 1258 2322 agere.
1320 2267 1527 2321 Absalon,

74 2323 272 2364 antistitis
305 2324 608 2366 sublimitatem
629 2326 742 2380 regis
765 2325 932 2367 caritati
956 2325 1308 2381 componderans,
1346 2324 1527 2379 Cu[e]m,

73 2379 225 2436 inquit,
258 2395 326 2423 me
357 2382 433 2424 tibi
476 2384 558 2424 iam
590 2383 753 2438 pridem
785 2382 1057 2426 iurisiurandi
1088 2384 1238 2438 religio
1280 2383 1380 2425 fidei
1412 2383 1527 2425 debi-

74 2443 211 2480 torem
246 2439 402 2495 effecit,
435 2442 546 2483 malo
582 2441 896 2497 simplicitatem
928 2446 1046 2484 tuam
1088 2442 1326 2483 uerioribus
1356 2441 1526 2483 monitis

76 2497 319 2552 obiurgare,
353 2511 474 2553 quam
499 2498 792 2542 blandioribus
815 2499 977 2554 fallere,
999 2515 1063 2552 ne,
1086 2500 1212 2542 rebus
1234 2501 1275 2541 in
1298 2500 1527 2555 perniciem

76 2555 373 2610 uergentibus,
396 2571 578 2598 uacuum
600 2558 900 2612 promissorem
924 2559 1061 2614 egisse
1082 2559 1243 2600 uidear.
1283 2557 1367 2600 Sed
1390 2572 1528 2614 neque

75 2614 285 2655 ceruicem
317 2628 453 2656 meam
487 2629 536 2657 eo
561 2630 694 2671 usque
716 2613 964 2673 sponlsionis
988 2618 1138 2659 titulus
1162 2616 1394 2658 obnoxiam
1414 2615 1529 2672 facit,

145 2686 223 2714 Saxo
244 2687 332 2714 (ἔπι-11111
339 2689 449 2715 matieu
455 2697 476 2718 s.
1344 2686 1389 2722 34

1587 521 1680 556 (298)

1585 2635 1613 2661 p.
1632 2626 1685 2653 770
