1884 3126
77 838 110 866 10

72 1128 106 1156 15

66 1417 105 1445 20

65 1706 102 1735 25

64 1997 101 2026 30

64 2288 102 2317 35

695 201 748 207 -
809 178 918 221 VIII
979 204 1030 209 —
1504 187 1585 227 279

146 319 304 361 genere
335 304 678 360 Hellesponticos
712 306 861 348 obuios
893 308 1045 362 pelago
1078 308 1213 351 factos
1244 311 1502 366 piraticeque
1534 313 1584 354 ad

145 363 317 422 modum
359 363 509 405 studiis
555 368 748 405 assuetos
799 366 1009 407 maritima
1053 381 1195 420 pugna
1240 373 1450 411 attentare
1500 385 1585 413 non

145 421 322 463 distulit.
386 422 479 470 Qua
509 421 647 463 triduo
680 426 814 476 gesta,
848 437 1035 465 sororem
1063 439 1206 466 eorum
1241 440 1332 467 cum
1356 427 1584 471 medietate

145 479 303 532 tributi,
336 494 417 535 quo
448 480 585 527 uictos
623 486 914 531 onerauerant,
946 486 1092 536 pactus
1137 484 1309 536 prelium
1355 487 1584 527 reuocauit.

279 537 384 579 Post
406 537 485 579 hec
507 537 711 579 Liuorum
744 538 854 592 regis
876 538 983 580 filius
1018 539 1144 581 Bicco
1168 542 1428 596 captiuitate,
1460 557 1584 598 quam

144 594 221 636 sub
254 595 496 637 memoratis
538 595 739 637 fratribus
772 596 979 646 ducebat,
1012 598 1200 653 elapsus,
1233 599 1528 648 Iarmericum,
1560 617 1584 643 a

144 667 226 708 quo
269 653 365 695 olim
405 652 604 695 fratribus
646 654 848 708 spoliatus
887 654 1048 707 fuerat,
1093 656 1239 698 iniurie
1276 657 1388 698 haud
1429 659 1582 702 oblitus

142 712 334 753 accessit.
394 711 524 766 Apud
556 726 678 766 quem
712 712 933 766 benignius
966 712 1145 763 habitus,
1179 714 1297 755 breui
1333 729 1582 758 arcanorum

142 770 329 811 omnium
362 769 518 811 arbiter
540 770 763 825 singularis
796 771 940 812 euasit.
994 770 1121 813 Hunc
1154 776 1200 813 ut
1221 773 1306 814 suis
1336 787 1411 827 per
1443 775 1583 816 omnia

140 827 403 869 tractabilem
447 828 613 870 monitis
660 829 815 882 sensit,
867 828 907 869 in
956 843 1022 870 res
1069 844 1193 883 quam
1239 831 1422 871 maxime
1467 831 1581 874 factu

141 884 420 927 detestabiles
451 886 763 927 consultantem
795 886 986 936 adduxit,
1025 890 1150 942 atque
1182 888 1232 929 ad
1266 888 1422 930 scelera
1465 890 1580 944 flagi-

141 943 286 999 oiaque
319 942 622 985 committenda
665 944 893 999 compellit.
955 944 1077 986 Adeo
1121 945 1297 987 nocendi
1336 951 1467 988 artem
1510 948 1581 988 ob-

140 1001 273 1057 sequii
308 1001 583 1043 simulacione
616 1002 829 1057 captabat.
878 1002 1086 1058 Precipue
1118 1017 1213 1044 eum
1234 1003 1459 1045 aduersum
1493 1019 1580 1059 eos,

139 1073 244 1115 quos
278 1060 485 1114 sanguine
506 1061 696 1115 proxime
728 1060 988 1114 contigisset,
1011 1060 1214 1103 armabat.
1263 1061 1328 1102 Ita
1354 1061 1581 1104 fraternam

139 1118 362 1171 ulcionem,
396 1118 493 1172 quia
514 1119 676 1160 uiribus
706 1118 920 1173 nequibat,
952 1118 1102 1159 fraude
1123 1120 1277 1174 exequi
1299 1120 1579 1175 pertentabat.

140 1175 236 1223 Quo
269 1175 436 1229 euenit,
468 1180 515 1217 ut
556 1191 653 1226 rex,
696 1177 899 1218 uirtutum
940 1177 1032 1217 loco
1076 1176 1277 1218 uiciorum
1310 1176 1455 1219 sordes
1492 1192 1580 1219 am-

137 1233 311 1289 plexus,
360 1233 415 1275 ob
463 1247 536 1287 ea,
587 1248 668 1289 que
713 1234 862 1290 perfidi
905 1234 1121 1276 monitoris
1160 1235 1340 1289 impulsu
1383 1236 1581 1277 atrociter

137 1295 339 1346 gesserat,
373 1293 665 1334 communibus
697 1293 739 1334 in
771 1307 815 1334 se
846 1293 984 1333 locum
1019 1292 1123 1333 odiis
1156 1292 1286 1334 daret.
1331 1292 1578 1334 Aduersum

139 1363 264 1405 quem
297 1350 428 1392 eciam
461 1349 712 1392 Sclauorum
742 1351 947 1392 tumultus
979 1350 1178 1392 exoritur.
1232 1350 1360 1392 Cuius
1384 1350 1579 1405 sopiendi

134 1408 275 1461 gracia
307 1407 434 1450 duces
468 1422 612 1450 eorum
653 1412 818 1464 captos,
863 1408 1048 1449 traiectis
1090 1407 1189 1450 fune
1222 1408 1353 1457 tibiis,
1389 1409 1505 1463 equis
1536 1408 1576 1449 in

138 1465 306 1508 diuersa
337 1466 602 1521 raptantibus
642 1466 810 1523 prebuit
841 1465 1101 1508 lacerandos.
1172 1466 1221 1507 In
1251 1466 1362 1507 hunc
1403 1466 1575 1507 modum

135 1524 373 1579 consumpti
403 1524 614 1581 principes
647 1538 870 1580 corporum
901 1522 1083 1579 suolrum
1116 1523 1317 1565 distractu
1349 1524 1575 1578 pertinacis

135 1582 259 1623 animi
296 1595 427 1637 penas
466 1582 689 1625 dederunt.
761 1582 854 1630 Que
896 1595 962 1623 res
1005 1581 1251 1623 Sclauorum
1294 1581 1494 1636 obsequia
1535 1581 1575 1621 in

134 1654 212 1682 suo
246 1644 358 1681 statu
390 1641 530 1695 equali
562 1654 612 1682 ac
643 1640 778 1682 solida
810 1640 1077 1682 subieccione
1109 1639 1327 1681 continuit.

270 1697 464 1751 Interea,
497 1698 569 1754 qui
613 1713 666 1739 ex
707 1712 854 1740 sorore
895 1697 1110 1739 Iarmerici
1152 1698 1262 1752 apud
1307 1696 1573 1738 Germaniam

135 1756 213 1798 orti
246 1756 498 1818 educatique
530 1756 710 1810 fuerant,
753 1756 868 1798 auito
909 1756 1079 1797 nomine
1109 1755 1203 1796 freti
1235 1755 1276 1795 in
1318 1754 1571 1795 auunculum

134 1828 250 1855 arma
282 1815 539 1869 suscipiunt,
582 1827 690 1871 eque
721 1814 799 1856 sibi
841 1828 1020 1868 regnum
1058 1816 1186 1868 atque
1222 1813 1259 1854 ei
1300 1812 1448 1853 deberi
1489 1824 1574 1852 oer—

134 1876 283 1913 tantes.
336 1871 526 1921 Quorum
549 1872 808 1914 municiones
840 1887 914 1914 rex
947 1870 1059 1927 apud
1085 1870 1349 1912 Germaniam
1372 1868 1573 1910 machinis

133 1929 381 1980 demolitus,
429 1930 595 1985 oppidis
641 1930 925 1986 compluribus
974 1935 1050 1971 aut
1091 1929 1272 1970 obsessis
1316 1932 1389 1968 aut
1429 1926 1572 1980 captis,

131 1988 343 2030 nonnullis
367 1989 499 2030 eciam
530 1988 617 2031 solo
651 1988 827 2044 equatis,
859 1988 1121 2030 incruentam
1145 1986 1195 2027 ad
1218 1987 1329 2028 ciues
1351 1985 1571 2027 uictoriam

132 2046 377 2101 reportauit.
427 2046 666 2088 Occurrunt
689 2046 1011 2102 Hellespontici,
1033 2045 1166 2100 pactis
1189 2058 1377 2086 sororem
1411 2042 1572 2097 nupciis

133 2104 370 2147 offerentes.
443 2104 607 2153 Quibus
650 2105 897 2156 celebratis,
942 2117 1106 2145 rursum
1137 2102 1331 2143 Bicconis
1372 2100 1572 2142 instinctu

131 2161 401 2204 Germaniam
437 2167 608 2218 petens,
651 2163 783 2218 captis
823 2162 933 2204 bello
977 2161 1145 2203 sororiis
1189 2160 1340 2215 laqueo
1382 2158 1570 2212 spiritum

133 2221 294 2275 eripere
339 2234 425 2262 non
457 2220 682 2262 dubitauit.
745 2220 983 2276 Optimates
1028 2231 1195 2274 quoque
1238 2216 1416 2259 conuiuii
1447 2215 1570 2255 simu-

130 2278 295 2320 lacione
327 2283 566 2321 contractos
600 2278 745 2321 eodem
778 2277 975 2332 exemplo
1008 2274 1316 2318 consumendos
1350 2272 1523 2314 curauit.

270 2336 442 2379 Interea
475 2336 702 2389 Broderus,
735 2349 861 2390 quem
894 2335 991 2376 olim
1027 2348 1102 2375 rex
1135 2348 1186 2374 cx
1228 2332 1309 2373 alio
1342 2330 1571 2372 sustulerat

130 2394 410 2444 matrimonio,
441 2408 625 2437 nouerce
658 2407 798 2436 curam
826 2393 880 2434 ab
901 2406 950 2434 eo
985 2395 1223 2446 susceptam
1255 2390 1388 2444 plenis
1420 2386 1570 2428 sancti-

132 2451 229 2493 tatis
272 2452 463 2494 excubiis
507 2451 764 2494 celebrabat.
838 2450 975 2499 Quem
1006 2449 1131 2490 Bicco
1164 2447 1275 2503 apud
1316 2450 1479 2501 patrem
1511 2444 1570 2484 in-

131 2510 234 2551 cesti
274 2510 444 2551 crimine
486 2513 753 2562 accusatum,
800 2523 854 2550 ne
893 2507 999 2548 falso
1041 2505 1304 2547 insimulasse
1343 2502 1570 2549 uideretur,

1628 1542 1657 1567 p.
1676 1532 1729 1559 413

63 2580 102 2608 40
131 2567 461 2611 subornatorum
493 2567 736 2611 testimonio
766 2566 984 2611 insecutus
1017 2569 1091 2607 est.
1134 2563 1327 2621 Cumque
1345 2559 1571 2614 Broderus,
