1884 3126
269 193 354 235 242
834 218 883 224 -—
944 189 1037 236 VII
1097 215 1151 224 -ι

266 320 342 362 tati
383 318 675 374 parcentibus,
721 318 789 360 hic
831 319 963 361 eciam
1002 319 1257 362 secreciores
1306 334 1530 376 corporum
1576 324 1716 377 partes

268 377 523 433 tegminibus
567 377 750 432 spoliare
791 376 981 418 deforme
1025 392 1111 419 non
1154 378 1343 421 duceret.
1405 379 1531 420 Vnde
1563 393 1717 434 graues

266 436 406 476 adhuc
428 435 715 489 immanesque
737 434 748 488 Η
769 434 936 490 rapinas
954 435 1174 478 Rethoran
1195 438 1495 490 cognominare
1514 438 1711 479 solemus.

266 493 349 535 Sed
374 497 415 533 et
436 493 660 547 torquendi
683 493 896 534 interdum
918 493 1030 534 hunc
1057 501 1062 543 Ι
1091 494 1283 548 supplicii
1306 495 1474 536 modum
1507 495 1709 537 adhibere

216 567 232 592 5
263 550 455 602 solebat⁷
498 555 567 602 ut,
613 551 774 592 dextris
807 564 953 592 eorum
984 550 1162 605 pedibus
1194 555 1306 592 terre
1337 553 1528 594 tenacius
1560 553 1714 603 affixis,

198 856 233 882 lo

197 1145 232 1171 15

199 2008 236 2035 30

200 2298 235 2325 35

201 2585 237 2612 40

267 609 388 649 leuos
420 608 602 649 curuatis
636 609 687 649 de
720 608 924 649 industria
955 609 1080 650 ramis
1112 614 1372 662 annecteret,
1405 624 1583 665 quorum
1607 611 1716 651 sala·
1771 643 1775 646 .

267 667 370 707 citas
403 665 529 707 medii
561 667 748 720 corporis
782 666 1063 707 distraccione
1095 671 1345 708 recurreret.
1399 668 1532 716 Quem
1571 668 1716 708 Fionie

269 738 342 765 rex
376 724 524 776 Hane,
568 724 666 765 dum
709 724 923 779 speciosos
966 724 1042 765 sibi
1075 724 1221 766 titulos
1253 723 1555 780 con<s>ciscere
1587 726 1714 780 cupit,

267 782 483 823 maritimis
516 782 677 823 uiribus
709 795 956 837 oppugnare
989 786 1178 830 conatus,
1210 781 1357 837 fugam
1389 798 1471 825 uno
1496 785 1716 825 comitatus

264 840 509 894 ingreditur
561 840 609 880 In
641 841 758 881 cuius
791 839 1170 894 exprobracionem
1201 841 1477 895 picuerbium
1501 842 1714 882 manauit:

266 898 313 938 ln
357 898 526 954 proprio
570 898 663 952 plus
705 898 792 938 lare
835 896 1059 938 Hanonem
1106 898 1264 940 ualere
1325 898 1447 939 Tunc
1489 900 1716 948 Borcarus,

266 955 510 996 ulter-iorem
533 955 686 995 ciuium
710 956 913 996 iacturam
944 955 1183 1010 inspectare
1214 969 1297 997 non
1331 970 1498 1021 passus,
1530 956 1716 998 Rotlioni

265 1027 310 1053 se
342 1014 505 1061 obiicit·
547 1027 724 1068 quorum
758 1017 804 1053 ut
835 1017 1028 1053 mutuum
1061 1012 1240 1058 bellum
1274 1013 1332 1054 ita
1366 1014 1500 1055 cciun
1533 1015 1714 1056 exicium

265 1072 355 1112 fuit.
409 1070 570 1112 Eadem
605 1085 747 1125 pugna
780 1069 1026 1111 Haldanum
1059 1071 1244 1125 grauiter
1276 1071 1474 1113 affectum
1508 1072 1620 1113 fama
1654 1077 1716 1112 est

267 1128 509 1184 aliquandiu
538 1129 744 1183 susceptis
768 1128 1038 1182 oblanguisso
1062 1127 1332 1182 uulneribus3
1368 1144 1389 1171 e
1412 1131 1564 1184 quibus
1589 1144 1715 1171 unum

266 1186 511 1227 euidencius
544 1187 604 1226 ori
638 1186 843 1227 inflictum
875 1185 1077 1239 habebat,
1110 1186 1223 1241 quod
1254 1186 1362 1227 adeo
1397 1187 1588 1229 cicatrice
1619 1202 1716 1229 con-

266 1245 458 1299 spicuum
493 1249 594 1296 erat,
628 1253 685 1296 ut,
720 1244 869 1284 ceteris
900 1243 1068 1285 medela
1099 1244 1322 1296 recreatis,
1353 1245 1584 1299 patenciori
1616 1260 1716 1300 qua·

268 1303 362 1343 dam
408 1302 607 1355 lentigine
653 1305 883 1342 teneretur.
946 1301 1132 1343 Oblisam
1176 1301 1331 1357 quippe
1376 1302 1513 1343 labelli
1554 1312 1716 1358 partem

267 1361 326 1401 ita
357 1373 534 1400 uerruce
568 1359 722 1400 uicium
755 1358 996 1412 ulcerabat,
1038 1363 1085 1399 ut
1119 1359 1209 1401 eius
1240 1361 1396 1401 rimosa
1428 1360 1547 1402 tabes
1581 1362 1716 1402 carnis

267 1424 536 1458 excremento
581 1417 723 1458 sarciri
764 1416 968 1471 nequiret.
1031 1417 1124 1465 Que
1165 1431 1233 1458 res
1276 1418 1312 1458 ei
1355 1419 1528 1473 plenum
1570 1423 1716 1459 contu-

266 1476 387 1516 melie
429 1489 667 1529 cognomen
711 1474 943 1529 impressit,
986 1488 1081 1516 cum
1123 1475 1271 1529 pocius
1317 1476 1492 1516 uulnera
1539 1477 1716 1517 aduerso

265 1547 442 1587 corpore
493 1537 672 1587 exeoptt
722 1532 891 1573 laudem
945 1547 1072 1587 quam
1123 1532 1305 1574 dedecus
1347 1533 1497 1574 afferre
1534 1535 1714 1575 soleant.

265 1590 387 1632 Adeo
422 1592 606 1645 maligna
639 1591 843 1631 uirtutum
877 1590 1084 1643 interpres
1117 1590 1304 1644 uulgaris
1335 1591 1545 1633 interdum
1575 1592 1717 1632 existit

267 1649 421 1704 opinio.

404 1706 573 1748 Interea
603 1706 686 1747 Alfi
722 1706 805 1746 filia
838 1705 1030 1757 Guritha⁷
1063 1718 1158 1746 cum
1191 1705 1348 1759 regiam
1382 1707 1555 1762 stirpem
1587 1707 1639 1748 ad
1672 1722 1716 1748 se

266 1764 398 1805 solam
431 1764 642 1805 redactam
676 1764 1046 1816 animaduerteret,
1080 1763 1387 1819 neminemque,
1426 1765 1492 1805 cui
1525 1765 1716 1817 nuberet,

267 1822 485 1863 nobilitate
532 1836 677 1877 parem
726 1822 925 1874 haberet,
973 1821 1224 1876 nuncupatis
1274 1822 1384 1862 uotis
1430 1823 1713 1864 uoluntariam

267 1879 344 1920 sibi
368 1880 654 1921 castimoniam
679 1879 843 1925 indixit,
867 1879 1182 1945 concubituque
1204 1893 1345 1920 carere
1368 1894 1492 1945 quam
1516 1896 1568 1921 ex
1591 1881 1715 1935 plebe

267 1938 463 1979 maritum
512 1938 746 1979 adsciscere
794 1938 932 1979 sacius
980 1936 1115 1978 duxit.
1189 1936 1298 1984 Quin
1348 1938 1478 1979 eciam
1528 1938 1716 1979 canende

266 1995 415 2036 iniurie
446 1996 586 2050 gracia
619 1995 820 2036 conclaue
852 2009 977 2035 suum
1009 1994 1144 2035 electo
1177 1996 1369 2049 pugilum
1407 1997 1573 2050 agmine
1607 2003 1713 2038 tut-t-

269 2053 407 2095 batut.
469 2053 535 2093 Ad
585 2067 710 2108 quun
757 2066 851 2094 cum
902 2051 1123 2093 Haldanus
1169 2049 1310 2107 selmel
1358 2053 1466 2095 forte
1515 2054 1714 2099 uenisset,

268 2110 550 2166 abessentque
591 2111 782 2166 pugiles,
823 2123 1001 2165 quorum
1044 2109 1135 2164 ipse
1164 2109 1336 2152 fratrem
1369 2111 1548 2166 impubis
1581 2112 1715 2152 extin-

267 2174 402 2218 xerat,
427 2174 623 2223 oportere
647 2182 739 2208 eam
762 2167 909 2223 inquit,
941 2168 1077 2209 soluto
1102 2168 1357 2222 uirginitatis
1381 2169 1561 2223 cingulo,
1596 2170 1715 2209 casti-

268 2226 408 2267 monie
439 2227 621 2280 rigorem
653 2226 780 2267 rebus
814 2230 1055 2281 permutare
1086 2226 1301 2276 uenereis,
1334 2241 1386 2267 ne
1416 2226 1474 2267 ita
1507 2226 1714 2282 pudicicie

267 2283 377 2325 uotis
417 2261 657 2338 indulgeat
698 2291 744 2324 ut
786 2284 903 2338 lapsa
951 2282 1067 2337 regni
1115 2283 1403 2337 gubernacula
1448 2285 1599 2339 copule
1640 2298 1714 2325 sue

270 2341 476 2383 beneficio
521 2356 720 2397 reparare
763 2344 1021 2383 contemnat.
1083 2340 1137 2382 Se
1181 2355 1282 2395 ergo
1314 2342 1546 2383 nobilitatis
1577 2342 1715 2395 splen-

269 2398 372 2440 dore
417 2400 691 2454 conspicuum
739 2398 1001 2453 nupcialibus
1047 2399 1099 2439 ab
1141 2412 1189 2439 ea
1232 2401 1343 2440 uotis
1390 2400 1537 2454 respici
1584 2399 1714 2450 iubet,

270 2456 382 2511 quod
416 2458 469 2498 ob
502 2457 657 2498 dictam
691 2470 858 2497 causam
894 2456 1104 2511 uoluptati
1136 2455 1297 2498 aditum
1329 2456 1478 2498 datura
1505 2457 1711 2498 uideatur.

270 2513 338 2555 Ad
370 2515 448 2556 hec
479 2514 681 2561 Guritha
722 2514 873 2554 adduci
916 2527 960 2554 se
1001 2527 1085 2554 non
1127 2527 1274 2568 posse,
1316 2515 1481 2569 retulit,
1525 2519 1569 2555 ut
1600 2514 1714 2568 regie

265 2572 363 2614 nobi
366 2572 497 2614 litatis
526 2571 722 2628 reliquias
745 2570 954 2613 inferioris
976 2567 1131 2612 ordinis
1153 2572 1245 2613 uiro
1269 2573 1467 2629 copulare
1490 2572 1712 2615 sustineat.

1785 446 1876 481 (135)

1781 513 1808 537 p.
1829 504 1878 530 5152

1771 2074 1799 2099 p.
1817 2066 1870 2093 355
