1884 3126
110 887 140 913 10

109 1176 142 1202 15

106 1471 143 1497 20

106 1759 143 1785 ‘25

105 2048 142 2074 30

106 2336 141 2363 35

107 2627 142 2659 40

173 232 255 271 310
751 252 797 257 -
863 229 928 272 IX
993 250 1043 256 --

172 359 291 414 regni
306 358 587 413 cupiditatem
609 357 828 409 adductus,
861 358 1027 400 abiecta
1057 357 1221 413 paterni
1251 361 1472 413 respectus
1498 371 1615 399 uere-

174 417 339 469 cundia,
373 416 499 471 capiti
530 430 606 457 suo
639 417 798 471 regium
847 417 1059 471 arrogauit
1081 415 1095 469 ll
1118 416 1293 469 insigne.
1357 414 1487 456 Cuius
1519 429 1612 456 curn

172 474 396 530 Regnerus
436 474 706 516 insolenciam
741 489 794 516 ex
825 474 969 516 Suetic
1010 474 1184 514 ducibus
1233 472 1440 515 Kelthero
1481 472 1613 514 Thor-

174 532 358 587 killoque
401 538 699 586 cognosceret,
739 532 938 573 Gothiam
971 546 1120 574 uersus
1152 544 1409 587 perpropere
1442 531 1615 585 nauiga-

174 590 337 631 cionem
370 591 571 632 exercuit.
617 590 733 638 Quos
758 590 1004 632 Hesbernus
1035 589 1221 643 Regneri
1253 589 1443 644 partibus
1475 589 1616 643 singu-

173 648 247 688 lari
280 648 363 688 fide
394 648 610 690 deuinctos
643 653 871 703 expertus,
904 648 1061 702 premio
1086 652 1091 697 1
1121 647 1370 688 sollicitatos
1402 647 1513 701 regis
1546 646 1617 687 de-

173 712 361 748 sertores
403 706 570 747 efficere
612 706 848 747 laborabat.
910 705 1000 758 Illi,
1048 719 1131 746 non
1178 705 1290 746 flexo
1337 719 1359 745 e
1401 704 1617 746 sentencia

173 764 415 818 proposito,
459 778 510 805 ex
548 763 692 805 Biorni
724 763 897 804 arbitrio
930 777 1053 804 suum
1096 763 1328 804 consistere
1369 763 1617 812 retulerunt,

174 822 379 874 confessi,
423 821 639 863 Sueonum
683 822 915 873 neminem,
956 820 1066 876 quod
1101 820 1153 861 ab
1186 821 1276 861 eius
1310 820 1461 875 placito
1495 819 1618 861 desti-

172 879 301 932 tisset,
335 894 547 920 ausurum.
609 878 698 920 Nec
739 879 925 933 segniter
955 879 1092 934 ipsum
1126 877 1375 919 Hesbernus
1409 878 1618 933 benignis-

174 938 288 978 simis
321 938 563 991 legatorum
594 937 790 992 alloquiis
829 937 1030 991 captauit.
1094 936 1175 984 Qui
1208 951 1253 978 se
1285 935 1459 990 perfidie
1492 949 1615 991 quam

177 995 286 1037 bone
318 995 416 1036 fidei
449 996 687 1051 propiorem
721 995 812 1036 fore
844 995 1081 1049 denegans,
1121 993 1293 1051 piissimi
1324 994 1455 1049 patris
1486 994 1618 1035 amori

173 1053 474 1108 improbissimi
515 1052 657 1094 fratris
698 1052 883 1108 graciam
926 1051 1122 1093 anteferri
1164 1066 1367 1107 perquam
1408 1051 1617 1094 nefarium

174 1112 399 1153 iudicabat.
461 1111 510 1152 In
557 1111 672 1167 ipsos
718 1125 822 1152 uero
867 1111 1033 1164 legatos
1074 1110 1250 1165 perinde
1291 1123 1339 1150 ac
1379 1110 1618 1164 grauissimi

174 1170 354 1210 criminis
386 1169 625 1210 hortatores
658 1169 808 1223 laqueo
840 1168 1150 1209 animaduertit.
1211 1167 1331 1209 Sueti
1365 1182 1532 1223 quoque
1566 1167 1617 1209 de

174 1228 335 1282 reliqua
379 1228 616 1280 legatorum
661 1226 788 1267 turba
827 1227 919 1281 pari
966 1225 1085 1267 clade
1129 1226 1257 1267 noxie
1304 1225 1617 1267 exhortacionis

173 1300 308 1340 penas
340 1290 625 1339 sumpserunt.
674 1284 811 1339 Igitur
844 1284 1106 1336 Hesbernus,
1140 1284 1303 1325 occulto
1336 1283 1617 1325 clandestino-

174 1358 255 1399 que
289 1344 455 1398 paratui
488 1357 634 1397 parum
667 1356 919 1398 prosperum
960 1346 1075 1383 ratus
1107 1347 1301 1383 constare
1334 1355 1618 1396 progressum.

173 1401 322 1442 adcitis
366 1401 507 1456 palam
552 1400 708 1456 copiis,
750 1400 970 1441 manifeste
1002 1400 1212 1456 procurrit
1244 1399 1295 1440 ad
1328 1399 1498 1441 bellum.
1559 1399 1619 1441 At

173 1459 384 1514 prefectus
427 1459 542 1500 Iutie
583 1459 757 1509 Iuarus,
799 1463 993 1499 neutram
1036 1457 1239 1511 sacrilege
1278 1471 1421 1512 pugne
1455 1461 1616 1512 partem

175 1517 328 1572 pietati
369 1517 649 1572 propinquam
691 1520 935 1569 autumans,
980 1515 1155 1570 impium
1188 1515 1342 1556 bellum
1376 1515 1616 1557 uoluntario

174 1575 441 1630 precucurrit
474 1574 612 1616 exilio.
654 1573 880 1628 Regnerus
910 1588 1013 1615 uero
1037 1573 1307 1615 Hesbcrnum
1330 1573 1442 1627 apud
1465 1574 1616 1626 sinum,

176 1632 245 1688 qni
277 1632 499 1674 Latialiter
530 1632 675 1673 uiridis
707 1632 960 1686 appellatur,
992 1645 1220 1686 aggressus
1253 1631 1427 1684 occidit,
1473 1632 1615 1672 exani-

176 1691 339 1745 misque
371 1689 622 1744 ab<s>cisum
657 1694 783 1745 caput
813 1703 940 1745 prora
983 1689 1118 1744 excipi
1163 1690 1389 1740 mandans,
1429 1689 1617 1730 terribile

174 1748 366 1790 facciosis
408 1749 695 1803 spectaculum
740 1747 883 1789 edidit.
944 1747 1069 1789 Vbbo
1102 1761 1230 1798 uero,
1272 1747 1469 1802 profugio
1502 1761 1614 1795 usus,

176 1807 361 1861 itemque
402 1810 564 1860 patrem
606 1810 806 1846 reuocato
852 1805 965 1860 apud
999 1804 1255 1847 Sialandiam
1288 1805 1396 1847 bello
1428 1804 1615 1855 adortus,

176 1863 290 1915 dum,
320 1863 464 1905 laxata
496 1877 669 1905 suorum
702 1864 805 1915 acie,
838 1863 1026 1919 undique
1050 1864 1166 1904 solus
1188 1862 1418 1918 impetitur,
1450 1867 1615 1904 tantum

175 1921 344 1962 aduersi
375 1922 554 1976 agminis
584 1921 706 1971 fudit,
738 1927 784 1960 ut
816 1921 1031 1962 hostilium
1066 1920 1320 1962 cadauerum
1348 1924 1615 1962 excremento

175 1978 351 2034 perinde
383 1993 432 2019 ac
462 1980 700 2020 municione
741 1979 980 2020 firmissima
1027 1979 1301 2020 circumactus
1341 1977 1487 2020 *facile
1520 1992 1614 2033 pro-

174 2038 423 2078 uocancium
455 2038 668 2078 inhiberet
699 2050 928 2078 accessum.
992 2037 1055 2077 Ad
1091 2037 1287 2077 ultimum
1317 2036 1617 2092 frequenciori-

175 2095 250 2136 bus
283 2095 467 2136 hostium
499 2095 635 2149 globis
669 2093 844 2136 obfusus
877 2094 1292 2149 comprehensusque
1324 2094 1504 2149 publicis
1526 2094 1617 2135 uin-

174 2153 276 2193 culis
300 2152 540 2194 onerandus
571 2151 845 2194 abstrahitur.
885 2151 944 2194 At
975 2153 1059 2202 ille,
1091 2152 1294 2193 immensa
1326 2152 1366 2193 ui
1399 2152 1615 2193 extricatis

173 2210 400 2266 recisisque
432 2211 616 2254 eatenis,
657 2210 816 2251 inditos
847 2210 925 2250 sibi
957 2223 1092 2252 nexus
1125 2209 1317 2253 disiicere
1350 2223 1398 2251 ac
1428 2210 1616 2252 lacerare

173 2268 363 2321 adorsus,
395 2269 518 2310 nullis
551 2268 706 2310 obicem
730 2267 865 2309 modis
887 2267 1075 2319 effugere
1095 2268 1249 2323 potuit.
1292 2268 1349 2309 At
1373 2267 1613 2315 ubiJuarus

174 2327 403 2367 tumultum
450 2327 587 2382 patrie
632 2326 804 2367 facciosi
851 2323 1069 2382 suplplicio
1118 2325 1352 2368 discussum
1398 2326 1614 2381 comperit,

173 2384 354 2425 Daniam
398 2385 535 2439 peciit.
598 2384 736 2432 Quem
780 2383 1024 2438 Regnerus,
1066 2383 1179 2439 quod
1221 2384 1331 2426 inter
1373 2384 1613 2426 senissimas

173 2442 490 2496 parricidiorum
535 2441 742 2497 procellas
784 2441 1101 2495 integerrimum
1133 2455 1178 2483 se
1208 2441 1375 2497 pietatis
1407 2441 1611 2483 cultorem

173 2505 376 2554 gesserat,
409 2500 664 2555 amplissima
697 2499 976 2541 ueneracione
1008 2499 1204 2554 suscepit.

311 2557 483 2600 Interea
505 2557 663 2599 Daxon
681 2556 982 2608 Withsercum,
1014 2556 1159 2599 Suetie
1190 2557 1509 2613 principantem,
1542 2555 1613 2597 diu

175 2616 457 2676 nequicquam
481 2629 683 2675 superare
705 2618 895 2667 conatus,
917 2614 1087 2662 tandem
1110 2614 1219 2660 facte
1240 2615 1354 2674 pacis
1377 2619 1613 2660 commento

1071 2679 1084 2694 ἱ

1670 432 1753 463 (¹74)

1672 672 1698 696 p.
1719 663 1770 690 455

1652 1987 1777 2016 xciii·

1669 2344 1695 2367 μ.
1714 2334 1766 2361 456
