1884 3126
707 247 763 256 —
823 222 938 269 VIII
996 251 1050 258 —
1517 230 1599 275 285

155 353 345 396 Primum
375 353 521 410 itaque
552 352 820 408 Blekingiam
858 355 1046 409 aduecti,
1089 371 1138 398 ac
1168 357 1319 399 deinde
1351 358 1598 413 Moringiam

155 414 575 468 preternauigantes,
618 413 672 454 ad
706 413 980 454 Gutlandiam
1014 413 1093 469 [se]
1125 416 1394 471 appulerunt,
1430 418 1515 469 ubi,
1557 423 1600 459 et

156 471 293 512 Paulo
326 474 447 522 teste,
479 474 653 512 auctore
676 470 777 526 Frig
799 471 891 524 dea,
924 472 1303 527 Longobardorum
1330 474 1599 527 uocabulum,

158 543 334 585 qu01um
385 533 536 584 postea
586 532 757 583 gentem
809 530 1106 582 condiderunt,
1170 531 1391 573 traduntur
1439 532 1598 599 adepti.

61 587 64 589 ’
106 599 122 627 5
154 586 345 628 Tandem
387 587 440 628 ad
463 587 656 653 Rugiam
689 600 733 628 se
767 588 1053 643 applicanteS,
1086 563 1347 645 desertisque
1379 591 1558 644 nauigiis
1588 589 1599 646 ΙΙ

154 644 335 687 solidum
359 645 440 687 iter
461 645 655 700 ingressi,
689 659 785 686 cum
817 646 992 688 multam
1017 651 1221 688 terrarum
1253 652 1416 702 partem
1439 652 1596 690 emensi
1651 659 1744 694 (160)

155 704 364 758 armisque
426 703 674 758 depopulati
737 709 902 754 essent
962 709 1059 759 post
1119 707 1253 747 editas
1301 706 1385 746 late
1434 711 1596 760 stiages

155 766 388 817 postremo,
431 762 573 816 petitis
607 762 648 802 in
680 761 805 803 Italia
836 735 1034 817 sedibus,
1066 764 1248 818 priscum
1293 765 1431 818 gentis
1471 778 1597 806 uoca-

155 821 304 861 bulum
335 833 412 861 suo
446 820 617 860 nomine
649 824 956 875 permutarunt.

90 890 124 918 10
292 877 464 920 Interea
494 878 712 919 Danorum
746 878 892 930 tellus,
924 884 1163 921 rarescente
1206 880 1413 921 cultorum
1456 894 1596 934 opera,

153 936 453 991 sulcorumque
483 935 673 990 uestigiis
704 937 788 977 situ
822 937 1028 986 obductis,
1062 938 1297 978 siluestrem
1331 937 1465 978 induit
1509 939 1598 979 uul-

153 997 266 1047 tum,
302 999 343 1036 et
374 994 495 1050 quasi
525 994 659 1035 natiui
691 995 860 1049 cespitis
903 996 1132 1037 amenitate
1176 995 1391 1050 deposita,
1431 995 1599 1038 informi

153 1053 515 1094 succrescencium
533 1055 751 1093 nemorum
775 1052 984 1094 densitate
1001 1053 1254 1109 perhorruit.
1289 1053 1412 1102 Quod
1428 1068 1598 1108 presens

155 1124 325 1165 quoque
368 1125 610 1166 camporum
657 1111 746 1152 eius
777 1111 918 1152 facies
973 1111 1127 1166 prodit.
1209 1111 1302 1159 Que
1349 1112 1457 1153 enim
1501 1113 1597 1152 olim

88 1181 122 1208 15
150 1168 307 1210 feiacia
339 1168 510 1224 frugum
543 1170 692 1224 iugera
722 1169 903 1220 fuerant,
936 1170 1082 1211 eadem
1115 1183 1226 1210 nunc
1248 1170 1425 1211 arboreo
1459 1170 1599 1224 stipite

154 1231 347 1269 conserta
378 1228 588 1280 uisuntur,
621 1231 765 1283 atque,
807 1227 878 1268 ubi
919 1229 1019 1269 olim
1061 1228 1244 1269 cultores
1281 1232 1436 1269 terram
1467 1228 1595 1269 alcius

153 1290 374 1327 uersantes
421 1290 564 1327 uastas
610 1285 873 1341 dissipauere
923 1286 1092 1341 glebas,
1143 1286 1227 1326 illic
1272 1300 1382 1326 nunc
1429 1291 1597 1326 enatum

153 1357 302 1385 nemus
336 1344 556 1385 seruancia
577 1343 717 1384 adhuc
747 1344 904 1385 ueteris
937 1344 1098 1385 culture
1121 1343 1345 1398 uestigium
1368 1358 1465 1385 rura
1487 1357 1595 1384 com-

155 1401 366 1457 plectitur.
422 1401 515 1450 Que
540 1402 617 1442 nisi
649 1402 812 1444 cultore
844 1415 981 1443 uacua
1011 1416 1059 1443 ac
1092 1402 1290 1443 diuturno
1312 1402 1393 1442 situ
1420 1402 1424 1453 Ι
1452 1400 1596 1443 uasta*
1650 1428 1676 1453 p.
1702 1420 1751 1446 421)

85 1472 124 1500 20
153 1459 427 1512 mansissent,
474 1473 743 1515 nequaquam
789 1461 913 1501 unius
956 1461 1063 1501 ruris
1104 1460 1269 1514 glebam
1312 1460 1418 1500 inter
1460 1459 1593 1501 factos
1617 1476 1785 1505 Lxxva

155 1523 295 1559 aratro
318 1518 456 1560 sulcos
478 1523 734 1574 tenacesque
762 1518 961 1559 arborum
984 1518 1146 1559 radices
1179 1518 1325 1572 partiri
1346 1517 1596 1572 potuissent.

157 1575 298 1617 Colles
320 1578 500 1632 quoque,
533 1575 638 1631 quos
659 1578 699 1617 in
732 1577 858 1632 plano
883 1576 1191 1617 humandorum
1224 1575 1476 1616 cadauerum
1500 1589 1598 1617 cura

157 1638 347 1676 ueterum
381 1635 503 1675 labor
525 1639 790 1688 extruxerat,
821 1648 995 1691 presens
1027 1635 1132 1675 silue
1155 1633 1371 1688 congeries
1404 1639 1595 1688 occupat.

158 1691 341 1734 Cernere
373 1694 504 1734 eciam
537 1697 601 1733 est
634 1693 803 1734 crebros
835 1698 1050 1747 petrarum
1084 1705 1256 1734 aceruos
1288 1691 1487 1732 siluarum
1519 1691 1598 1732 sal-

86 1762 125 1790 25
156 1750 267 1792 tibus
289 1752 513 1803 intersitos,
546 1765 648 1806 quas
678 1754 768 1792 toto
800 1751 1014 1806 quondam
1047 1764 1144 1791 rure
1166 1749 1388 1804 dispersas,
1420 1763 1472 1790 ne
1504 1763 1597 1804 pro-

156 1808 394 1851 scindendis
441 1810 598 1864 ubique
650 1809 774 1850 sulcis
823 1808 1068 1861 officerent,
1115 1808 1316 1849 coniectis
1358 1808 1396 1848 in
1440 1811 1597 1848 struem

156 1867 359 1919 molibus,
392 1868 548 1909 rustica
582 1881 682 1908 cura
713 1867 919 1922 sublegit,
952 1867 1110 1908 malens
1145 1867 1342 1919 exiguum
1383 1866 1473 1920 agri
1503 1879 1597 1920 per-

157 1925 258 1967 dere
299 1939 425 1980 quam
465 1930 600 1967 totum
644 1924 813 1966 difficile
855 1925 1052 1980 reperire.
1123 1924 1248 1965 Vnde
1289 1937 1342 1964 ex
1374 1936 1442 1976 e0,
1484 1922 1596 1977 quod

156 1988 258 2024 tunc
309 1983 645 2025 exercendorum
699 1983 871 2024 liberius
928 1996 1127 2024 aruoium
1178 1982 1319 2036 gracia
1369 1981 1594 2035 agrestium

89 2052 126 2080 30
155 2041 277 2083 labor
319 2045 485 2096 egerat,
520 2042 669 2096 p1ioris
715 2042 781 2082 eui
814 2042 995 2096 populus
1026 2044 1196 2095 postero
1228 2040 1492 2081 numerosior
1525 2053 1596 2079 ex-

156 2099 290 2141 titisse
311 2099 602 2154 perpenditur,
635 2099 704 2164 qui
738 2099 936 2141 bieuibus
965 2098 1111 2153 agellis
1144 2103 1364 2139 contentus
1387 2102 1595 2151 agrestem

157 2171 329 2213 operam
374 2156 478 2198 citra
528 2158 686 2198 ueteris
742 2158 906 2199 culture
953 2157 1135 2211 uestigia
1185 2155 1366 2197 cohibet.
1446 2155 1596 2208 Itaque

156 2229 331 2270 presens
370 2215 502 2258 seculi
545 2215 689 2257 uultus
732 2229 867 2270 capax
907 2215 1119 2270 quondam
1156 2214 1281 2254 ariste
1314 2213 1448 2255 solum
1487 2226 1595 2252 nunc

157 2272 382 2328 gignendis
439 2273 661 2327 glandibus
716 2273 890 2323 idoneo,
950 2270 1287 2327 agrestem<que>
1342 2271 1491 2312 stiuam
1548 2284 1595 2310 ac

90 2341 126 2370 35
157 2332 341 2374 cereales
394 2332 554 2373 culmos
607 2332 767 2373 consita
817 2330 1037 2372 arboribus
1082 2329 1188 2370 facie
1238 2344 1283 2370 se
1334 2332 1595 2391 permutasse

157 2390 347 2431 miratur.
389 2389 444 2430 Et
474 2389 552 2430 hec
583 2390 754 2444 quidem
785 2389 837 2431 de
858 2388 1027 2440 Snione,
1061 2402 1187 2443 quam
1218 2387 1431 2428 uerissime
1462 2384 1594 2440 potui,

158 2446 322 2501 digesta
352 2447 576 2489 sufficiant.

295 2505 409 2546 Huic
441 2504 628 2546 succedit
661 2505 812 2555 Biorn3
852 2504 1035 2558 itemque
1075 2489 1173 2558 post
1215 2502 1350 2556 ipsum
1364 2498 1594 2542 Haraldus

157 2576 297 2604 rerum
350 2563 587 2618 assequitur
637 2576 855 2604 summam.
933 2561 1063 2602 Cuius
1109 2561 1193 2601 filio
1241 2558 1443 2605 Gormoni
1489 2558 1595 2599 inter

89 2634 127 2663 40
156 2620 316 2677 priscos
360 2621 579 2663 Danorum
623 2620 751 2663 duces
793 2634 875 2662 non
917 2620 1058 2661 infime
1101 2617 1236 2660 laudis
1280 2616 1418 2658 locum
1457 2629 1597 2658 rerum
