1884 3126
784 191 1013 223 PREFAcio.
1594 186 1619 226 5

120 324 125 329 ¹
176 311 414 361 prouentus
460 306 666 348 beneficio
701 306 862 348 Oceani
903 307 1146 350 inundantis
1178 309 1428 364 assequitur.
1491 310 1620 353 Cuius

106 841 140 868 10

111 1132 140 1158 15

100 1421 137 1448 20

101 2003 137 2030 30

101 2292 136 2318 35

100 2581 138 2610 40

176 364 423 406 refluxionis
455 366 517 406 uis
551 365 647 419 plus
678 365 873 406 utilitatis
896 379 948 406 an
971 366 1148 420 periculi
1168 366 1315 407 incolis
1344 367 1503 421 afferat,
1535 382 1621 410 am-

177 422 350 476 biguum
391 426 544 466 exstat.
623 422 842 478 Siquidem
885 425 1147 478 tempestatis
1193 424 1483 479 magnitudine
1527 440 1619 481 per-

174 482 309 535 ruptis
354 481 569 531 estuariis,
613 481 766 546 quibus
809 481 921 536 apud
966 495 1038 523 eos
1082 482 1277 523 maritimi
1306 483 1460 524 fluctus
1492 483 1618 524 inter-

174 539 253 594 cipi
285 538 438 590 solent,
470 543 588 580 tanta
620 540 733 579 aruis
764 539 973 580 undarum
995 540 1130 581 moles
1158 540 1355 583 incedere
1384 542 1617 596 consueuit,

172 602 219 637 ut
250 595 462 638 interdum
493 611 580 638 non
610 597 747 638 solum
780 611 979 651 agrorum
1018 598 1153 651 culta,
1199 612 1346 639 uerum
1380 600 1512 640 eciam
1544 599 1619 640 110-

172 655 304 696 mines
362 669 457 696 cum
511 655 737 709 penatibus
783 656 947 697 obruat.
1025 656 1127 697 Post
1179 656 1331 697 Iutiam
1379 657 1518 698 insula
1565 658 1617 699 ad

173 713 379 754 orientem
412 727 561 755 uersus
594 712 744 755 Fionia
774 714 1003 768 reperitur,
1049 727 1176 769 quam
1213 729 1237 755 a
1270 712 1513 770 conltinenti
1544 729 1615 757 an-

171 771 284 826 gusti
315 770 368 811 ad
403 770 576 812 modum
609 772 777 836 equoris
808 771 1055 814 interiectus
1097 772 1323 828 abrumpit.
1385 773 1478 814 Hee
1511 773 1618 815 sicut

170 829 223 870 ab
256 843 410 871 occasu
443 829 614 882 Iutiam‚
644 829 703 871 ita
735 830 788 871 ab
815 835 909 871 ortu
935 830 1194 871 Sialandiam
1226 835 1484 885 pr,ospectat
1518 845 1616 873 con-

172 887 318 942 spicua
363 888 697 928 necessariarum
745 902 883 929 rerum
933 889 1125 930 ubertate
1177 888 1445 930 laudandam.
1522 889 1615 937 Que

172 945 321 996 insula,
354 945 584 988 amenitate
618 951 792 987 cunctas
825 951 971 988 nostre
1003 946 1186 1001 regionis
1230 947 1467 1001 prouincias
1500 952 1615 988 ante-

173 1003 339 1069 cedens,
370 1003 556 1044 medium
588 1003 726 1046 Danie
759 1005 899 1046 locum
934 1004 1125 1046 obtinere
1156 1008 1341 1059 putatur,
1374 1004 1428 1046 ab
1460 1005 1616 1046 extime

172 1062 424 1104 remocionis
455 1062 587 1103 limite
618 1063 710 1117 pari
742 1063 982 1118 spaciorum
1029 1062 1343 1117 intercapedine
1389 1062 1614 1117 disperata.

173 1120 239 1161 Ab
287 1120 412 1162 huius
460 1120 597 1161 ortiuo
643 1121 795 1163 latere
824 1121 1065 1162 occasiuum
1107 1120 1258 1162 scanie
1299 1120 1436 1162 media
1475 1122 1616 1176 pelagi

171 1177 355 1220 disciscit
376 1178 647 1234 interrupcio,
677 1179 858 1234 opimam
882 1179 1011 1234 prede
1034 1179 1367 1233 magnitudinem
1390 1180 1615 1234 quotannis

169 1236 429 1292 piscancium
469 1237 629 1279 retibus
673 1238 845 1292 adigere
887 1237 1012 1279 soliti.
1074 1236 1214 1278 Tanta
1253 1237 1459 1292 siquidem
1501 1237 1613 1279 sinus

172 1295 306 1336 omnis
338 1294 516 1349 piscium
547 1295 793 1351 frequencia
836 1295 987 1350 repleri
1025 1295 1272 1349 consueuit,
1315 1299 1361 1335 ut
1402 1295 1615 1336 interdum

169 1353 353 1408 impacta
375 1353 546 1407 nauigia
568 1354 643 1394 uix
665 1354 827 1409 remigii
850 1368 1053 1395 conamen
1080 1353 1240 1407 eripiat,
1273 1367 1351 1394 nec
1377 1353 1460 1394 iam
1483 1353 1615 1407 preda

168 1412 268 1452 artis
313 1411 619 1462 instrumento,
675 1411 751 1453 sed
797 1411 974 1467 simplici
1024 1425 1171 1453 manus
1221 1410 1358 1452 officio
1413 1411 1613 1466 capiatur.

171 1469 369 1511 Ceterum
421 1469 648 1511 Hallandia
698 1484 747 1511 ac
792 1470 1023 1525 Blekingia
1070 1470 1123 1511 ab
1173 1469 1416 1523 integritate
1463 1468 1612 1510 Scanic

170 1542 246 1569 ceu
268 1527 371 1568 rami
394 1526 588 1582 duplices
612 1543 666 1570 ex
700 1529 823 1569 unius
856 1528 1017 1570 arboris
1050 1528 1193 1582 stipite
1224 1532 1493 1593 promeantes
1528 1526 1613 1567 Go-

169 1585 257 1626 11116
289 1580 612 1641 Noruagieque,
645 1587 771 1641 longe
803 1586 1100 1628 declinacionis
1133 1586 1307 1640 spaciis,
1349 1584 1613 1640 diuersisque

169 1657 412 1685 recessuum
436 1644 673 1685 intersticiis
696 1645 996 1686 adnectuntur.
1029 1643 1189 1685 Verum
1212 1643 1324 1697 apud
1346 1643 1613 1697 Blekingiam

172 1759 442 1814 conspicitur
475 1760 692 1815 Siquidem
715 1775 739 1802 a
762 1761 993 1802 meridiano
1016 1760 1121 1802 mari
1142 1759 1184 1800 in
1207 1759 1374 1801 deserta
1392 1757 1612 1800 Verundie

171 1821 339 1883 petrosa
369 1818 599 1873 porrigitur
631 1820 795 1872 semita,
828 1832 955 1874 quam
983 1819 1080 1860 bine
1111 1817 1220 1859 linee
1243 1818 1398 1872 exiguo
1433 1817 1612 1858 discrete

170 1875 312 1932 spacio
344 1877 568 1930 protractis
604 1877 644 1918 in
677 1877 854 1932 longum
895 1876 1090 1918 ductibus
1131 1876 1462 1930 amplectuntur3
1505 1874 1612 1915 inter

172 1948 298 1989 quas,
331 1933 469 1977 medio
500 1934 593 1976 loco
625 1935 814 1990 planum,
847 1935 969 1976 factis
1002 1935 1053 1976 ad
1088 1933 1313 1988 legendum
1346 1932 1504 1987 figuris,
1538 1946 1612 1972 un-

168 1992 295 2048 dique
326 2005 448 2034 secus
481 1997 704 2035 exaratum
747 1992 999 2035 ostenditur.
1073 1992 1199 2040 Quod
1241 1992 1338 2033 licet
1378 1990 1485 2032 adeo
1529 1991 1611 2031 situ

166 2049 360 2105 inequale
394 2050 560 2101 existat,
594 2056 638 2093 ut
671 2052 796 2093 modo
830 2051 1039 2094 moncium
1070 2051 1156 2092 alta
1185 2049 1451 2107 proscindat,
1485 2048 1609 2090 modo

167 2108 344 2149 uallium
389 2109 474 2150 ima
520 2114 755 2165 pretereat,
814 2109 966 2151 eodem
1011 2115 1152 2150 tamen
1199 2114 1346 2150 tenore
1396 2107 1610 2148 literarum

167 2166 351 2220 uestigia
391 2180 565 2209 seruare
606 2167 849 2210 dinoscitur.
911 2167 1101 2215 Quarum
1138 2165 1493 2232 318011103010116111
1534 2179 1609 2205 rex

167 2223 468 2272 Voldemarus,
497 2225 604 2267 sacri
626 2225 788 2267 Kanuti
808 2226 949 2267 fausta
970 2225 1123 2280 proles,
1156 2223 1462 2265 ammiracionis
1485 2236 1610 2263 causa

168 2296 426 2336 cognoscere
450 2284 636 2338 cupiens,
658 2284 785 2338 misit,
809 2283 878 2339 qui
901 2298 1051 2349 rupem
1069 2287 1346 2339 peimeantes,
1370 2280 1609 2335 patencium

167 2340 250 2381 illic
282 2340 579 2382 characterum
610 2342 759 2383 seriem
793 2342 1012 2383 curiosiori
1054 2341 1332 2396 indagacione
1364 2338 1610 2392 colligerent

169 2411 216 2438 ac
250 2402 346 2451 post
376 2398 550 2440 modum
583 2400 759 2453 uirgulis
792 2399 1046 2456 quibusdam
1087 2399 1166 2441 sub
1203 2398 1350 2440 iisdem
1381 2395 1610 2437 formarum

169 2456 358 2510 apicibus
380 2456 652 2499 a.dnotarent
707 2457 790 2505 Qui
820 2457 916 2498 ideo
939 2457 1038 2498 nihil
1073 2472 1126 2499 ex
1160 2457 1218 2497 eis
1249 2452 1611 2517 interpretamenti

169 2513 533 2568 comprehendere
574 2518 826 2569 potuerunt,
872 2515 985 2570 quod
1028 2515 1121 2569 ipsa
1153 2514 1337 2555 celatuie
1369 2510 1611 2552 concauitas

169 2572 322 2630 partim
354 2585 459 2613 ceno
492 2572 689 2627 interlita,
722 2574 874 2633 partim
900 2573 1231 2616 commeanciurn
1255 2572 1384 2613 adesa
1411 2568 1612 2623 uestigiis,

1664 731 1721 756 .11

103 1712 137 1739 ι’
172 1705 273 1756 apta
297 1701 302 1755 Ι
332 1702 571 1744 meantibus
594 1717 721 1758 rupes
754 1702 953 1743 mirandis
975 1702 1194 1744 literarum
1217 1703 1326 1742 notis
1349 1701 1612 1742 interstincta
1654 1717 1670 1734 v·
1709 1708 1722 1733 ὲ
