1884 3126
236 930 272 956 10

236 1219 271 1245 15

235 1506 272 1533 20

234 1793 271 1819 25

237 2083 274 2110 30

237 2367 273 2396 35

307 272 387 313 628
841 290 894 298 —-
954 261 1093 308 XIIII
1152 288 1205 296 -›

306 412 407 439 uera
457 395 665 452 pontificis
715 393 952 435 assercione
1005 393 1213 434 calumnie
1266 391 1548 448 suspicionem
1593 390 1742 434 uitare.

305 456 448 509 Rogat
488 451 658 504 deinde,
700 465 751 492 an
792 464 989 505 umquam
1023 451 1140 505 regia
1169 452 1397 492 seueritate
1429 464 1561 505 penas
1595 450 1647 491 ab
1679 450 1742 491 his

307 513 477 565 exigere
504 509 821 565 supersedisset,
851 509 1079 549 aduersum
1101 522 1207 563 quos
1238 508 1307 549 ille
1331 507 1615 563 pontificalem
1648 521 1743 550 cen-

305 582 443 610 suram
477 568 586 622 prior
617 565 950 620 distringendam
993 570 1194 608 curasset.
1258 565 1353 613 Quo
1386 565 1488 607 nihil
1537 565 1618 607 tale
1649 579 1743 606 eum

305 627 439 681 egisse
481 624 666 675 fatente,
708 623 827 678 graui
859 629 974 664 metu
1019 624 1244 665 liberatum
1288 637 1332 665 se
1377 623 1504 675 dixit,
1548 623 1742 674 ueritum,

304 697 356 724 ne
396 683 536 723 subita
584 682 782 723 antistitis
828 681 1040 722 abdicacio
1089 682 1295 723 occultam
1342 681 1457 735 apud
1503 681 1743 735 complures

303 741 382 782 sibi
412 745 555 781 notam
587 743 761 781 crearet.
806 738 987 780 Romani
1021 738 1174 780 deinde
1198 739 1406 794 pontificis
1439 738 1743 794 epistola,.sine

304 799 422 838 cuius
466 801 571 838 nutu
615 811 689 837 rex
722 796 970 850 dignitatem
1003 797 1056 837 ab
1088 797 1179 851 ipso
1218 796 1512 852 deponendam
1545 797 1742 850 negabat,

303 857 344 895 in
377 869 601 896 commune
633 854 858 908 relegenda
889 854 1113 909 profertur.
1173 854 1236 895 Ea
1268 854 1554 908 scribebatur,
1586 854 1742 896 Roma-

302 927 403 954 num
435 913 662 954 antistitem
685 911 913 964 Lundensi,
946 912 1196 967 pontificalis
1228 912 1446 954 ministerii
1478 913 1741 954 laxacionem

304 971 478 1026 petenti,
510 970 622 1026 quod
656 984 750 1011 eum
775 970 869 1011 huic
901 970 1064 1011 muneri
1096 968 1329 1025 perssutilem
1350 971 1510 1021 scisset,
1533 970 1739 1011 hactenus

304 1042 579 1083 repugnasse,
611 1042 721 1069 nunc
753 1041 870 1078 uero,
902 1041 1071 1082 precum
1106 1029 1195 1069 eius
1217 1027 1540 1083 perseuerancia
1570 1041 1743 1082 supera-

305 1091 407 1138 tum,
442 1087 543 1127 etati
573 1086 702 1140 ipsius
735 1085 990 1141 assiduoque
1034 1086 1228 1140 languori
1269 1087 1400 1140 petite
1433 1086 1493 1126 rei
1524 1085 1743 1126 licenciam

305 1144 520 1186 detulisse.
592 1143 719 1184 Cuius
765 1143 1005 1185 auctoritati
1050 1156 1150 1198 rege
1195 1142 1498 1199 refragandum
1543 1147 1741 1197 negante,

304 1216 379 1243 sua
410 1201 508 1242 sede
533 1215 755 1255 exurgens,
787 1202 951 1255 uirgam
973 1202 1247 1257 anulumque,
1269 1202 1469 1257 precipua
1489 1200 1742 1256 pontificalis

307 1259 533 1301 sacerdocii
556 1259 748 1313 insignia,
780 1260 931 1300 altario
954 1259 1188 1314 imponens,
1221 1259 1454 1314 perfectam
1474 1259 1538 1299 sui
1558 1258 1741 1300 muneris

305 1317 618 1358 abdicacionem
665 1331 790 1371 agere
834 1321 1090 1371 protestatus
1131 1323 1207 1359 est.
1271 1316 1401 1359 Cuius
1442 1316 1543 1358 facti
1574 1317 1743 1358 misera-

306 1375 424 1416 cione
466 1375 680 1429 lachryme
726 1375 960 1415 astantibus
1007 1374 1156 1415 oborte
1195 1375 1470 1430 suspiriisque
1518 1374 1741 1416 murmuris

305 1433 436 1474 instar
467 1432 744 1473 reddentibus
776 1432 873 1474 edes
907 1432 1080 1487 repleta.
1122 1432 1258 1487 Igitur
1290 1431 1490 1486 Eskillus,
1522 1432 1592 1487 qui
1622 1432 1743 1487 regni

305 1491 460 1531 clerum
493 1491 712 1531 excussius
743 1495 910 1543 nosset,
943 1489 1054 1531 sedis
1086 1504 1110 1531 a
1141 1505 1186 1532 se
1217 1490 1362 1532 relicte
1395 1504 1685 1532 successorem
1716 1504 1741 1530 a

306 1562 405 1602 rege
439 1548 745 1602 circunspicere
775 1553 964 1602 rogatus,
988 1548 1256 1603 comprobata
1278 1549 1496 1590 monitoris
1520 1547 1741 1601 industria,

307 1606 427 1646 aliam
461 1606 653 1647 Romane
685 1605 898 1660 dignitatis
922 1605 1144 1661 epistolam
1176 1607 1373 1661 explicat,
1396 1620 1477 1662 qua
1502 1605 1595 1659 sibi,
1628 1606 1741 1658 lega-

306 1663 435 1705 cionis
469 1664 656 1705 habenas
681 1663 852 1714 tenenti,
884 1663 1143 1717 subrogandi
1167 1665 1362 1706 antistitis
1385 1663 1602 1705 arbitrium
1625 1677 1740 1704 man-

304 1721 496 1762 dabatur.
558 1720 621 1762 Ea
652 1722 857 1776 perlecta,
890 1725 1167 1777 potestatem,
1199 1736 1325 1777 quam
1362 1722 1443 1763 sibi
1473 1721 1740 1775 indulgencia

302 1779 496 1820 Romana
529 1779 760 1830 detulerat,
793 1779 846 1821 ad
878 1793 973 1834 eos,
1007 1779 1157 1834 quibus
1188 1780 1371 1835 eligendi
1409 1780 1474 1821 ius
1516 1793 1610 1821 esse
1644 1792 1740 1820 con-

307 1838 448 1887 suerit,
481 1837 706 1878 transferre
730 1851 775 1879 se
797 1837 916 1889 dixit,
950 1837 1061 1893 quod
1082 1837 1192 1880 ultro
1214 1838 1305 1879 iure
1334 1851 1410 1879 suo
1443 1837 1592 1879 cedere
1614 1850 1738 1891 quam

306 1894 489 1935 alienum
522 1895 734 1936 offendere
756 1895 887 1948 malit,
918 1909 970 1937 ne
992 1895 1228 1949 ecclesiam,
1260 1909 1336 1950 pro
1370 1895 1487 1936 cuius
1518 1894 1738 1936 maiestate

306 1952 464 1992 tuenda
507 1967 673 2008 semper
718 1953 991 2007 excubuerit,
1040 1957 1240 1994 consueto
1281 1953 1486 1995 libertatis
1532 1952 1736 1994 beneficio

304 2009 501 2052 fraudare
532 2011 762 2052 uideretur.
806 2011 924 2052 Tunc
944 2010 1107 2064 iisdem,
1130 2009 1258 2065 [regi]
1283 2011 1343 2052 uti
1374 2010 1591 2052 consilium
1614 2024 1736 2052 suum

306 2073 562 2122 exponeret,
607 2069 944 2122 obsecrantibus,
989 2083 1172 2124 regeque
1205 2070 1220 2121 Η
1253 2069 1354 2110 cleri
1403 2068 1737 2123 postulacionem

306 2125 386 2166 sub
416 2125 549 2180 plebis
582 2127 770 2180 nomine,
812 2127 928 2168 cuius
968 2142 1014 2169 se
1046 2127 1236 2182 partibus
1277 2126 1472 2182 proloqui
1513 2125 1735 2179 referebat,

306 2184 597 2224 consentaneis
630 2185 824 2239 precibus
856 2190 1153 2240 prosequente,
1185 2185 1438 2226 sentenciam
1472 2197 1589 2225 suam
1628 2183 1737 2225 inter

309 2240 494 2281 diuinam
525 2241 834 2297 humanamque
865 2243 1081 2284 caritatem
1113 2243 1308 2283 fluctuari
1338 2242 1525 2295 asseruit,
1558 2255 1734 2297 quarum

306 2298 483 2340 alteram
514 2300 705 2351 tacendo,
737 2301 911 2341 alteram
944 2299 1155 2355 loquendo
1190 2299 1402 2341 offendere
1434 2304 1591 2353 posset.
1653 2299 1735 2340 Dei

305 2370 487 2411 namque
527 2363 710 2399 mentem
753 2362 1104 2412 exasperaturum
1135 2372 1180 2399 se
1212 2372 1325 2410 esse,
1365 2358 1400 2399 si
1431 2357 1564 2410 illius,
1609 2371 1734 2413 quem

307 2413 402 2455 huic
443 2415 625 2456 maxime
673 2416 864 2470 regimini
911 2416 1108 2457 idoneum
1158 2416 1325 2468 scisset,
1378 2415 1557 2456 indicem
1607 2428 1732 2470 agere

307 2472 631 2526 supersedisset3
663 2474 697 2514 si
727 2487 827 2515 uero
858 2474 1070 2515 hominem
1102 2472 1222 2514 huius
1255 2473 1381 2514 officii
1412 2486 1602 2527 gnarum,
1633 2486 1747 2528 pon--

306 2530 514 2585 tificisque
555 2534 696 2586 partes
738 2531 837 2572 alibi
873 2530 1139 2572 laudabiliter
1179 2535 1427 2583 executum,
1469 2530 1542 2571 sed
1584 2537 1626 2572 et
1658 2544 1731 2584 pro

306 2588 443 2640 patria
483 2588 667 2630 difficilia
704 2588 862 2630 audere
893 2589 1081 2641 solitum,
1118 2593 1403 2644 nuncuparet,
1433 2587 1646 2630 familiaris
1689 2591 1733 2629 et

238 2653 275 2681 40
303 2646 529 2701 propinqui
550 2646 951 2725 graciamipiolaret,
989 2659 1111 2702 quem
1134 2646 1255 2688 liuius
1278 2646 1450 2688 honoris
1472 2646 1731 2688 oblacionem
