1884 3126
219 636 234 661 5

201 923 236 950 10

203 1211 238 1237 15

201 1500 237 1526 20

202 2077 239 2103 30

201 2368 237 2394 35

203 2656 240 2684 40

956 195 973 214 Ι

270 263 351 304 102
829 286 876 291 -
937 262 1030 304 IIII
1094 286 1141 290 —-

269 388 462 444 proprios
494 402 661 443 semper
693 402 866 430 exosam
898 402 1064 444 procos,
1097 389 1356 431 amatoribus
1399 390 1483 430 suis
1515 391 1710 432 ultimum

268 448 480 500 irrogasse
496 445 757 501 supplicium,
772 445 876 487 adeo
892 452 938 487 ut
952 460 1004 487 ne
1019 461 1126 488 unus
1141 447 1308 502 quidem
1323 462 1344 488 e
1358 447 1497 490 multis
1509 454 1710 502 exstaret,

270 505 340 559 qui
374 504 636 558 procacionis
668 504 755 544 eius
787 518 920 559 penas
953 505 1089 560 capite
1123 519 1205 545 non
1237 505 1396 546 luisset.

409 561 695 603 Proficiscitur
734 562 874 617 itaque
907 562 1156 613 Amlethus,
1197 577 1437 618 quanquam
1478 563 1711 618 periculosa

267 620 428 674 legacio
462 620 750 674 imperaretur,
783 620 958 661 iniuncti
980 621 1162 662 muneris
1187 621 1437 675 obsequium
1459 635 1542 662 non
1576 621 1711 662 detre-

270 682 400 730 ctans,
433 676 507 718 sed
538 677 691 732 partim
714 677 955 720 domesticis
977 679 1124 731 seruis,
1158 679 1312 734 partim
1334 679 1444 732 regis
1475 679 1711 719 uernaculis

268 735 412 776 fretus.
474 734 780 790 Ingressusque
825 735 1051 789 Scottiam,
1093 750 1190 776 cum
1232 736 1342 776 haud
1389 737 1534 791 procul
1566 737 1711 790 regine

269 793 495 848 penatibus
527 793 720 837 abesset,
753 793 1084 835 recreandorum
1117 807 1320 848 equorum
1353 794 1493 848 gracia
1523 795 1712 835 iunctum

270 850 339 892 uie
370 855 539 906 pratum
573 851 770 904 accessit,
803 851 959 906 ibique,
991 850 1073 892 loci
1105 852 1243 906 specie
1285 850 1539 894 delectatus.
1584 852 1712 907 quieti

270 909 502 962 consuluit,
546 907 788 949 iocundiore
828 909 907 950 riui
948 909 1126 964 strepitu
1157 910 1293 951 somni
1334 909 1573 964 cupidinem
1617 922 1713 964 pro-

271 970 483 1018 uocante,
535 966 756 1019 ordinatis,
811 967 879 1021 qui
927 967 1158 1007 stacionem
1211 967 1373 1008 eminus
1425 968 1712 1009 obseruarent.

272 1024 365 1072 Quo
415 1022 559 1064 audito
603 1024 748 1078 legina
790 1023 920 1065 denos
962 1025 1138 1066 iuuenes
1180 1030 1423 1066 exterorum
1481 1025 1713 1067 aduentum

271 1085 606 1147 apparatumque
649 1082 944 1137 speculaturos
987 1083 1150 1123 emittit.
1215 1082 1405 1129 Quorum
1436 1098 1544 1124 unus
1588 1097 1713 1135 uege-

274 1140 399 1181 cioris
431 1139 600 1194 ingenii,
634 1139 759 1181 elusis
792 1140 1001 1193 uigilibus,
1032 1140 1294 1194 peruicacius
1328 1141 1495 1182 subiens
1520 1140 1714 1196 clypeum

269 1197 473 1250 Amlethi‚
509 1211 632 1251 quem
667 1198 791 1252 capiti
823 1198 928 1238 forte
952 1197 1208 1239 domiturus
1231 1198 1438 1252 affixelQat
1471 1203 1590 1240 tanta
1610 1198 1712 1240 leni-

273 1260 359 1297 tate
381 1256 610 1305 submouit,
642 1261 688 1296 ut
711 1270 763 1297 ne
786 1256 1086 1310 superiacentis
1113 1256 1281 1310 quidem
1304 1256 1489 1311 quietem
1511 1256 1712 1307 turbaret,

271 1318 345 1354 aut
378 1313 610 1367 cuiuspiam
642 1327 694 1354 ex
727 1318 842 1354 tanto
876 1314 1043 1368 agmine
1080 1327 1276 1354 somnum
1307 1320 1609 1369 perrumperet,
1636 1314 1713 1368 ,do-

271 1372 430 1413 minam
462 1385 543 1426 non
578 1371 704 1412 modo
739 1372 903 1421 nuncio,
937 1371 1009 1411 sed
1042 1372 1174 1412 eciam
1206 1385 1347 1412 rerum
1378 1371 1529 1413 indicio
1563 1372 1715 1413 cercio-

272 1444 362 1470 rem
395 1428 646 1471 redditurus.
708 1429 937 1483 Delegatas
969 1443 1137 1484 quoque
1170 1429 1207 1470 ei
1237 1429 1380 1471 literas
1412 1430 1585 1483 loou‘is,
1626 1430 1713 1485 qui-

270 1486 347 1528 bus
370 1487 713 1538 asseruabantur,
747 1487 834 1542 pari
866 1486 1093 1528 calliditate
1115 1486 1333 1528 subduxit.
1381 1487 1545 1535 Quibus
1567 1488 1714 1540 regina

270 1544 323 1585 ad
355 1559 400 1585 se
433 1544 623 1600 perlatis„
666 1545 862 1600 clypeum
895 1543 1108 1600 curiolsius
1141 1544 1447 1600 contemplata,
1491 1559 1545 1586 ex
1575 1545 1714 1586 affixis

271 1603 425 1644 notulis
466 1602 601 1644 tocius
646 1604 884 1657 argumenti
926 1617 1131 1654 summam
1174 1603 1328 1653 elicuit,
1369 1617 1551 1658 eumque
1583 1603 1716 1644 affore

271 1660 500 1714 intellexit,
545 1661 637 1716 qui,
678 1661 947 1703 exactissimo
990 1660 1220 1715 prudencie
1262 1660 1436 1701 consilio
1468 1661 1621 1713 frctus,
1663 1660 1715 1702 de

275 1722 426 1773 patruo
472 1723 648 1773 paterne
695 1718 824 1760 cladis
867 1732 999 1773 penas
1045 1718 1270 1773 acceperit.
1338 1717 1504 1760 Literas
1547 1732 1714 1774 quoquc

205 1789 236 1815 Ψ
276 1776 526 1831 nupciarum
569 1790 739 1818 suarum
781 1777 1034 1831 peticionem
1078 1776 1341 1817 continentes
1384 1775 1556 1829 intuita,
1602 1781 1714 1817 totos

275 1834 517 1875 obliterauit
549 1835 701 1890 apices,
735 1834 847 1889 quod
875 1848 1026 1875 senum
1058 1833 1110 1875 ad
1142 1832 1315 1875 modum
1350 1834 1604 1875 connubium
1645 1833 1716 1874 ab·

273 1890 477 1939 horr'eiet
507 1892 709 1933 iuuenum
741 1892 990 1947 complexus
1022 1894 1255 1947 appeten-‚et
1316 1890 1534 1946 Inscripsit
1575 1897 1713 1932 autem

272 1949 519 1990 mandatum
575 1950 751 2005 perinde
798 1955 925 2004 atque
967 1963 990 1990 a
1032 1949 1252 1990 britannie
1308 1962 1407 2003 rcge
1460 1948 1539 1990 sibi
1582 1954 1714 1990 trans-

273 2008 460 2060 missum,
494 2012 536 2048 et
570 2008 657 2048 eius
690 2007 813 2049 titulo
845 2007 1002 2062 pariter
1025 2021 1074 2048 ac
1105 2007 1274 2050 nomine
1296 2007 1600 2072 consignatum,
1632 2020 1713 2061 quo

271 2079 315 2105 se
362 2040 509 2105 latei-is
553 2066 638 2120 peti
686 2065 879 2119 coniugio
942 2065 1169 2106 simularet.
1244 2063 1353 2111 Quin
1407 2065 1540 2106 eciam
1590 2063 1714 2116 facta,

273 2137 353 2177 que
406 2136 458 2162 ex
506 2122 595 2164 eius
656 2127 772 2164 scuto
836 2127 1128 2176 cognouerat,
1188 2122 1342 2176 scripto
1395 2121 1716 2177 complectenda

273 2179 458 2231 curauit,
490 2183 537 2220 ut
569 2184 610 2221 et
641 2180 835 2236 clypeum
875 2181 1090 2222 literarum
1131 2182 1281 2221 testem
1325 2183 1365 2220 et
1395 2180 1536 2221 literas
1581 2179 1715 2234 clypei

272 2239 523 2293 interpretes
556 2238 836 2280 existimares.
890 2237 1055 2280 Deinde
1087 2251 1173 2290 eos,
1206 2251 1383 2292 quorum
1417 2238 1715 2293 exploracione

271 2311 347 2337 usa
379 2296 544 2348 fuerat,
587 2301 753 2337 scutum
785 2295 963 2345 referre,
1007 2296 1233 2350 literasque
1261 2296 1357 2337 loco
1389 2310 1463 2338 suo
1495 2295 1713 2336 restituere

268 2354 399 2405 iubet,
445 2353 598 2395 eodem
629 2354 797 2396 fallacie
839 2367 995 2408 genere
1036 2352 1282 2394 Amlethum
1332 2355 1579 2408 insequuta,
1630 2366 1712 2408 quo

272 2426 370 2454 eum
401 2412 442 2452 in
477 2411 726 2452 cauillandis
759 2412 980 2453 comitibus
1016 2425 1138 2452 usum
1170 2415 1407 2466 acceperat.

409 2469 579 2510 Interea
611 2469 834 2510 Amlethus
877 2470 1073 2525 clypeum
1105 2469 1231 2524 capiti
1273 2468 1424 2511 fraude
1456 2467 1711 2509 subductum

273 2531 496 2582 expertus,
547 2527 726 2569 occlusis
771 2526 823 2568 de
866 2526 1072 2568 industria
1119 2526 1250 2568 oculis
1291 2527 1475 2581 quietem
1523 2525 1711 2566 callidius

273 2585 461 2637 simulat,·
488 2583 596 2639 quod
627 2598 730 2627 uero
774 2599 927 2640 sopore
968 2584 1190 2637 amiserat,
1235 2584 1332 2625 ficto
1376 2587 1710 2638 recuperaturus,

270 2642 462 2685 Alteram
506 2642 673 2701 quippe
700 2641 874 2686 fallendi
912 2642 1047 2686 uicem
1087 2641 1169 2697 hoc
1199 2642 1371 2700 pronius
1414 2642 1468 2686 ab
1509 2641 1711 2684 insidioso

1752 1563 1779 1588 p.
1803 1554 1849 1581 1237
