<?xml version="1.0" encoding="UTF-8"?>
<!DOCTYPE html PUBLIC "-//W3C//DTD XHTML 1.0 Transitional//EN"
    "http://www.w3.org/TR/xhtml1/DTD/xhtml1-transitional.dtd">
<html xmlns="http://www.w3.org/1999/xhtml" xml:lang="en" lang="en">
 <head>
  <title>
</title>
<meta http-equiv="Content-Type" content="text/html;charset=utf-8" />
  <meta name='ocr-system' content='tesseract 3.04.00' />
  <meta name='ocr-capabilities' content='ocr_page ocr_carea ocr_par ocr_line ocrx_word'/>
</head>
<body>
  <div class='ocr_page' id='page_1' title='image "./saxonisgrammatic00saxouoft_0506.png"; bbox 0 0 1884 3126; ppageno 0'>
   <div class='ocr_carea' id='block_1_1' title="bbox 248 919 279 945">
    <p class='ocr_par' dir='ltr' id='par_1_1' title="bbox 248 919 279 945">
     <span class='ocr_line' id='line_1_1' title="bbox 248 919 279 945; baseline -0.032 0"><span class='ocrx_word' id='word_1_1' title='bbox 248 919 279 945; x_wconf 86' lang='lat'>10</span> 
     </span>
    </p>
   </div>
   <div class='ocr_carea' id='block_1_2' title="bbox 249 1206 279 1232">
    <p class='ocr_par' dir='ltr' id='par_1_2' title="bbox 249 1206 279 1232">
     <span class='ocr_line' id='line_1_2' title="bbox 249 1206 279 1232; baseline -0.033 0"><span class='ocrx_word' id='word_1_2' title='bbox 249 1206 279 1232; x_wconf 84' lang='lat'>15</span> 
     </span>
    </p>
   </div>
   <div class='ocr_carea' id='block_1_3' title="bbox 244 1494 278 1519">
    <p class='ocr_par' dir='ltr' id='par_1_3' title="bbox 244 1494 278 1519">
     <span class='ocr_line' id='line_1_3' title="bbox 244 1494 278 1519; baseline -0.029 0"><span class='ocrx_word' id='word_1_3' title='bbox 244 1494 278 1519; x_wconf 71' lang='lat'>20</span> 
     </span>
    </p>
   </div>
   <div class='ocr_carea' id='block_1_4' title="bbox 241 1783 277 1809">
    <p class='ocr_par' dir='ltr' id='par_1_4' title="bbox 241 1783 277 1809">
     <span class='ocr_line' id='line_1_4' title="bbox 241 1783 277 1809; baseline 0 0"><span class='ocrx_word' id='word_1_4' title='bbox 241 1783 277 1809; x_wconf 80' lang='lat'>25</span> 
     </span>
    </p>
   </div>
   <div class='ocr_carea' id='block_1_5' title="bbox 241 2072 277 2099">
    <p class='ocr_par' dir='ltr' id='par_1_5' title="bbox 241 2072 277 2099">
     <span class='ocr_line' id='line_1_5' title="bbox 241 2072 277 2099; baseline -0.028 0"><span class='ocrx_word' id='word_1_5' title='bbox 241 2072 277 2099; x_wconf 87' lang='lat'>30</span> 
     </span>
    </p>
   </div>
   <div class='ocr_carea' id='block_1_6' title="bbox 243 2362 278 2388">
    <p class='ocr_par' dir='ltr' id='par_1_6' title="bbox 243 2362 278 2388">
     <span class='ocr_line' id='line_1_6' title="bbox 243 2362 278 2388; baseline -0.029 0"><span class='ocrx_word' id='word_1_6' title='bbox 243 2362 278 2388; x_wconf 80' lang='lat'>35</span> 
     </span>
    </p>
   </div>
   <div class='ocr_carea' id='block_1_7' title="bbox 319 259 1210 308">
    <p class='ocr_par' dir='ltr' id='par_1_7' title="bbox 319 259 1210 308">
     <span class='ocr_line' id='line_1_7' title="bbox 319 259 1210 308; baseline -0.01 0"><span class='ocrx_word' id='word_1_7' title='bbox 319 268 400 308; x_wconf 87' lang='grc'>412</span> <span class='ocrx_word' id='word_1_8' title='bbox 870 285 923 290; x_wconf 85' lang='grc'>-</span> <span class='ocrx_word' id='word_1_9' title='bbox 983 259 1108 300; x_wconf 91' lang='lat' dir='ltr'><strong>XIII·</strong></span> <span class='ocrx_word' id='word_1_10' title='bbox 1157 285 1210 291; x_wconf 92' lang='lat'><em>-</em></span> 
     </span>
    </p>
   </div>
   <div class='ocr_carea' id='block_1_8' title="bbox 313 384 1756 670">
    <p class='ocr_par' dir='ltr' id='par_1_8' title="bbox 313 384 1756 668">
     <span class='ocr_line' id='line_1_8' title="bbox 317 384 1755 443; baseline -0.006 -9"><span class='ocrx_word' id='word_1_11' title='bbox 317 392 455 434; x_wconf 86' lang='lat' dir='ltr'>iacuit.</span> <span class='ocrx_word' id='word_1_12' title='bbox 516 389 772 443; x_wconf 82' lang='lat' dir='ltr'>Pedagogus</span> <span class='ocrx_word' id='word_1_13' title='bbox 805 388 974 442; x_wconf 79' lang='lat' dir='ltr'>quippe,</span> <span class='ocrx_word' id='word_1_14' title='bbox 1007 400 1102 427; x_wconf 90' lang='lat' dir='ltr'>eum</span> <span class='ocrx_word' id='word_1_15' title='bbox 1128 400 1235 442; x_wconf 87' lang='lat' dir='ltr'>equo</span> <span class='ocrx_word' id='word_1_16' title='bbox 1267 384 1536 426; x_wconf 80' lang='lat' dir='ltr'>assuefacere</span> <span class='ocrx_word' id='word_1_17' title='bbox 1569 384 1755 440; x_wconf 90' lang='lat' dir='ltr'>cupiens,</span> 
     </span>
     <span class='ocr_line' id='line_1_9' title="bbox 319 443 1754 499; baseline -0.004 -10"><span class='ocrx_word' id='word_1_18' title='bbox 319 450 502 490; x_wconf 79' lang='lat' dir='ltr'>habenas</span> <span class='ocrx_word' id='word_1_19' title='bbox 535 461 660 487; x_wconf 87' lang='lat' dir='ltr'>manu</span> <span class='ocrx_word' id='word_1_20' title='bbox 693 446 909 487; x_wconf 88' lang='lat' dir='ltr'>continere</span> <span class='ocrx_word' id='word_1_21' title='bbox 941 444 1144 499; x_wconf 79' lang='lat' dir='ltr'>permisit,</span> <span class='ocrx_word' id='word_1_22' title='bbox 1176 457 1352 499; x_wconf 89' lang='lat' dir='ltr'>quarum</span> <span class='ocrx_word' id='word_1_23' title='bbox 1385 443 1576 497; x_wconf 85' lang='lat' dir='ltr'>regimini</span> <span class='ocrx_word' id='word_1_24' title='bbox 1608 443 1754 484; x_wconf 88' lang='lat' dir='ltr'>intem-</span> 
     </span>
     <span class='ocr_line' id='line_1_10' title="bbox 316 501 1755 562; baseline -0.004 -15"><span class='ocrx_word' id='word_1_25' title='bbox 316 507 503 562; x_wconf 87' lang='lat' dir='ltr'>pestiuus</span> <span class='ocrx_word' id='word_1_26' title='bbox 534 503 801 555; x_wconf 79' lang='lat' dir='ltr'>adolescens,</span> <span class='ocrx_word' id='word_1_27' title='bbox 843 502 954 557; x_wconf 88' lang='lat' dir='ltr'>pede</span> <span class='ocrx_word' id='word_1_28' title='bbox 985 501 1194 543; x_wconf 86' lang='lat' dir='ltr'>subselliis</span> <span class='ocrx_word' id='word_1_29' title='bbox 1226 501 1471 550; x_wconf 86' lang='lat' dir='ltr'>inherente,</span> <span class='ocrx_word' id='word_1_30' title='bbox 1512 501 1755 554; x_wconf 87' lang='lat' dir='ltr'>contiguum</span> 
     </span>
     <span class='ocr_line' id='line_1_11' title="bbox 315 559 1756 624; baseline -0.004 -19"><span class='ocrx_word' id='word_1_31' title='bbox 315 564 404 605; x_wconf 89' lang='lat' dir='ltr'>solo</span> <span class='ocrx_word' id='word_1_32' title='bbox 438 576 589 616; x_wconf 86' lang='lat' dir='ltr'>corpus</span> <span class='ocrx_word' id='word_1_33' title='bbox 616 561 775 602; x_wconf 89' lang='lat' dir='ltr'>habuit.</span> <span class='ocrx_word' id='word_1_34' title='bbox 821 560 999 612; x_wconf 85' lang='lat' dir='ltr'>Magnus</span> <span class='ocrx_word' id='word_1_35' title='bbox 1022 573 1139 611; x_wconf 89' lang='lat' dir='ltr'>uero,</span> <span class='ocrx_word' id='word_1_36' title='bbox 1172 559 1428 600; x_wconf 78' lang='lat' dir='ltr'>felicioribus</span> <span class='ocrx_word' id='word_1_37' title='bbox 1462 563 1610 599; x_wconf 87' lang='lat' dir='ltr'>nature</span> <span class='ocrx_word' id='word_1_38' title='bbox 1633 572 1756 624; x_wconf 78' lang='lat' dir='ltr'>quam</span> 
     </span>
     <span class='ocr_line' id='line_1_12' title="bbox 313 615 1756 670; baseline -0.002 -9"><span class='ocrx_word' id='word_1_39' title='bbox 313 622 480 661; x_wconf 85' lang='lat' dir='ltr'>fortune</span> <span class='ocrx_word' id='word_1_40' title='bbox 532 619 797 659; x_wconf 85' lang='lat' dir='ltr'>incrementis</span> <span class='ocrx_word' id='word_1_41' title='bbox 849 622 1045 668; x_wconf 86' lang='lat' dir='ltr'>euectus,</span> <span class='ocrx_word' id='word_1_42' title='bbox 1097 615 1393 658; x_wconf 66' lang='lat' dir='ltr'>teterrimum*</span> <span class='ocrx_word' id='word_1_43' title='bbox 1444 617 1756 670; x_wconf 82' lang='lat' dir='ltr'>consanguinee</span> 
     </span>
    </p>
   </div>
   <div class='ocr_carea' id='block_1_9' title="bbox 316 672 1779 730">
    <p class='ocr_par' dir='ltr' id='par_1_9' title="bbox 316 672 1779 730">
     <span class='ocr_line' id='line_1_13' title="bbox 316 672 1779 730; baseline -0.001 -13"><span class='ocrx_word' id='word_1_44' title='bbox 316 677 426 718; x_wconf 83' lang='lat' dir='ltr'>cedis</span> <span class='ocrx_word' id='word_1_45' title='bbox 477 676 689 730; x_wconf 82' lang='lat' dir='ltr'>piaculum</span> <span class='ocrx_word' id='word_1_46' title='bbox 746 675 900 726; x_wconf 81' lang='lat' dir='ltr'>edidit</span> <span class='ocrx_word' id='word_1_47' title='bbox 956 681 1083 730; x_wconf 86' lang='lat' dir='ltr'>atque</span> <span class='ocrx_word' id='word_1_48' title='bbox 1130 674 1182 714; x_wconf 90' lang='lat' dir='ltr'>ad</span> <span class='ocrx_word' id='word_1_49' title='bbox 1229 675 1492 716; x_wconf 89' lang='lat' dir='ltr'>notissimum</span> <span class='ocrx_word' id='word_1_50' title='bbox 1543 672 1779 730; x_wconf 51' lang='lat' dir='ltr'>&lt;per&gt;fidia</span> 
     </span>
    </p>
   </div>
   <div class='ocr_carea' id='block_1_10' title="bbox 308 732 1758 2637">
    <p class='ocr_par' dir='ltr' id='par_1_10' title="bbox 309 732 1758 1713">
     <span class='ocr_line' id='line_1_14' title="bbox 314 732 1756 788; baseline -0.001 -13"><span class='ocrx_word' id='word_1_51' title='bbox 314 734 554 788; x_wconf 81' lang='lat' dir='ltr'>exemplum</span> <span class='ocrx_word' id='word_1_52' title='bbox 597 733 744 775; x_wconf 89' lang='lat' dir='ltr'>euasit.</span> <span class='ocrx_word' id='word_1_53' title='bbox 819 733 895 775; x_wconf 86' lang='lat' dir='ltr'>Cui</span> <span class='ocrx_word' id='word_1_54' title='bbox 943 739 1080 774; x_wconf 83' lang='lat' dir='ltr'>mater</span> <span class='ocrx_word' id='word_1_55' title='bbox 1127 732 1372 787; x_wconf 69' lang='lat' dir='ltr'>ampliorem</span> <span class='ocrx_word' id='word_1_56' title='bbox 1421 733 1756 787; x_wconf 88' lang='lat' dir='ltr'>propinquorum</span> 
     </span>
     <span class='ocr_line' id='line_1_15' title="bbox 312 789 1755 846; baseline -0.001 -13"><span class='ocrx_word' id='word_1_57' title='bbox 312 793 500 833; x_wconf 88' lang='lat' dir='ltr'>fauorem</span> <span class='ocrx_word' id='word_1_58' title='bbox 553 791 805 832; x_wconf 85' lang='lat' dir='ltr'>affinitatum</span> <span class='ocrx_word' id='word_1_59' title='bbox 841 790 1067 831; x_wconf 87' lang='lat' dir='ltr'>beneficio</span> <span class='ocrx_word' id='word_1_60' title='bbox 1119 804 1263 831; x_wconf 75' lang='lat' dir='ltr'>meare</span> <span class='ocrx_word' id='word_1_61' title='bbox 1316 791 1514 846; x_wconf 87' lang='lat' dir='ltr'>cupiens,</span> <span class='ocrx_word' id='word_1_62' title='bbox 1567 789 1755 831; x_wconf 86' lang='lat' dir='ltr'>IIenrico</span> 
     </span>
     <span class='ocr_line' id='line_1_16' title="bbox 312 846 1755 904; baseline -0.001 -14"><span class='ocrx_word' id='word_1_63' title='bbox 312 849 523 904; x_wconf 85' lang='lat' dir='ltr'>Regnaldi</span> <span class='ocrx_word' id='word_1_64' title='bbox 569 848 706 889; x_wconf 68' lang='lat' dir='ltr'>fratris</span> <span class='ocrx_word' id='word_1_65' title='bbox 753 846 1212 903; x_wconf 76' lang='lat' dir='ltr'>&lt;filian1,Ingertam,&gt;</span> <span class='ocrx_word' id='word_1_66' title='bbox 1252 847 1425 889; x_wconf 86' lang='lat' dir='ltr'>Kanuto</span> <span class='ocrx_word' id='word_1_67' title='bbox 1465 847 1755 902; x_wconf 85' lang='lat' dir='ltr'>Ingiburgam,</span> 
     </span>
     <span class='ocr_line' id='line_1_17' title="bbox 312 905 1755 960; baseline -0.001 -12"><span class='ocrx_word' id='word_1_68' title='bbox 312 908 466 948; x_wconf 88' lang='lat' dir='ltr'>sororis</span> <span class='ocrx_word' id='word_1_69' title='bbox 499 907 641 958; x_wconf 88' lang='lat' dir='ltr'>filiam,</span> <span class='ocrx_word' id='word_1_70' title='bbox 677 906 870 960; x_wconf 87' lang='lat' dir='ltr'>coniugio</span> <span class='ocrx_word' id='word_1_71' title='bbox 905 906 1137 960; x_wconf 88' lang='lat' dir='ltr'>copulauit.</span> <span class='ocrx_word' id='word_1_72' title='bbox 1177 909 1181 958; x_wconf 86' lang='grc' dir='ltr'>Ι</span> <span class='ocrx_word' id='word_1_73' title='bbox 1220 906 1407 947; x_wconf 85' lang='lat' dir='ltr'>Paterna</span> <span class='ocrx_word' id='word_1_74' title='bbox 1439 919 1540 947; x_wconf 88' lang='lat' dir='ltr'>uero</span> <span class='ocrx_word' id='word_1_75' title='bbox 1576 905 1685 946; x_wconf 89' lang='lat' dir='ltr'>bona</span> <span class='ocrx_word' id='word_1_76' title='bbox 1717 905 1755 947; x_wconf 91' lang='lat' dir='ltr'>in</span> 
     </span>
     <span class='ocr_line' id='line_1_18' title="bbox 312 963 1756 1020; baseline -0.001 -14"><span class='ocrx_word' id='word_1_77' title='bbox 312 965 483 1020; x_wconf 82' lang='lat' dir='ltr'>equales</span> <span class='ocrx_word' id='word_1_78' title='bbox 516 963 568 1004; x_wconf 91' lang='lat' dir='ltr'>ad</span> <span class='ocrx_word' id='word_1_79' title='bbox 601 964 772 1004; x_wconf 88' lang='lat' dir='ltr'>modum</span> <span class='ocrx_word' id='word_1_80' title='bbox 798 965 1020 1019; x_wconf 84' lang='lat' dir='ltr'>porciones</span> <span class='ocrx_word' id='word_1_81' title='bbox 1042 965 1276 1019; x_wconf 75' lang='lat' dir='ltr'>particione</span> <span class='ocrx_word' id='word_1_82' title='bbox 1301 964 1479 1019; x_wconf 79' lang='lat' dir='ltr'>redegit,</span> <span class='ocrx_word' id='word_1_83' title='bbox 1513 978 1639 1005; x_wconf 83' lang='lat' dir='ltr'>unam</span> <span class='ocrx_word' id='word_1_84' title='bbox 1664 963 1756 1017; x_wconf 90' lang='lat' dir='ltr'>sibi,</span> 
     </span>
     <span class='ocr_line' id='line_1_19' title="bbox 312 1021 1758 1077; baseline -0.001 -14"><span class='ocrx_word' id='word_1_85' title='bbox 312 1029 472 1063; x_wconf 87' lang='lat' dir='ltr'>ceteras</span> <span class='ocrx_word' id='word_1_86' title='bbox 506 1022 660 1075; x_wconf 81' lang='lat' dir='ltr'>nuptis,</span> <span class='ocrx_word' id='word_1_87' title='bbox 694 1036 797 1077; x_wconf 85' lang='lat' dir='ltr'>quas</span> <span class='ocrx_word' id='word_1_88' title='bbox 820 1021 1006 1076; x_wconf 89' lang='lat' dir='ltr'>prefatus</span> <span class='ocrx_word' id='word_1_89' title='bbox 1031 1036 1136 1074; x_wconf 90' lang='lat' dir='ltr'>sum,</span> <span class='ocrx_word' id='word_1_90' title='bbox 1172 1022 1390 1063; x_wconf 90' lang='lat' dir='ltr'>diuisionis</span> <span class='ocrx_word' id='word_1_91' title='bbox 1421 1021 1628 1077; x_wconf 78' lang='lat' dir='ltr'>parilitate</span> <span class='ocrx_word' id='word_1_92' title='bbox 1662 1035 1758 1062; x_wconf 90' lang='lat' dir='ltr'>con-</span> 
     </span>
     <span class='ocr_line' id='line_1_20' title="bbox 312 1079 1757 1135; baseline 0 -14"><span class='ocrx_word' id='word_1_93' title='bbox 312 1080 513 1121; x_wconf 74' lang='lat' dir='ltr'>tribuens.</span> <span class='ocrx_word' id='word_1_94' title='bbox 579 1079 687 1120; x_wconf 87' lang='lat' dir='ltr'>Hinc</span> <span class='ocrx_word' id='word_1_95' title='bbox 729 1080 948 1121; x_wconf 86' lang='lat' dir='ltr'>Danorum</span> <span class='ocrx_word' id='word_1_96' title='bbox 995 1079 1298 1135; x_wconf 81' lang='lat' dir='ltr'>Sueonumque</span> <span class='ocrx_word' id='word_1_97' title='bbox 1340 1079 1543 1121; x_wconf 89' lang='lat' dir='ltr'>dissensio</span> <span class='ocrx_word' id='word_1_98' title='bbox 1586 1083 1678 1120; x_wconf 90' lang='lat' dir='ltr'>orta</span> <span class='ocrx_word' id='word_1_99' title='bbox 1709 1094 1757 1121; x_wconf 86' lang='lat' dir='ltr'>ac</span> 
     </span>
     <span class='ocr_line' id='line_1_21' title="bbox 313 1136 1756 1190; baseline -0.001 -12"><span class='ocrx_word' id='word_1_100' title='bbox 313 1138 462 1178; x_wconf 89' lang='lat' dir='ltr'>deinde</span> <span class='ocrx_word' id='word_1_101' title='bbox 505 1138 792 1190; x_wconf 85' lang='lat' dir='ltr'>compluribus</span> <span class='ocrx_word' id='word_1_102' title='bbox 836 1137 1153 1178; x_wconf 87' lang='lat' dir='ltr'>inimiciciarum</span> <span class='ocrx_word' id='word_1_103' title='bbox 1195 1138 1463 1179; x_wconf 83' lang='lat' dir='ltr'>incrementis</span> <span class='ocrx_word' id='word_1_104' title='bbox 1508 1137 1660 1178; x_wconf 84' lang='lat' dir='ltr'>coalita</span> <span class='ocrx_word' id='word_1_105' title='bbox 1704 1136 1756 1177; x_wconf 88' lang='lat' dir='ltr'>ad</span> 
     </span>
     <span class='ocr_line' id='line_1_22' title="bbox 310 1195 1754 1250; baseline 0.001 -14"><span class='ocrx_word' id='word_1_106' title='bbox 310 1196 390 1236; x_wconf 89' lang='lat' dir='ltr'>hoc</span> <span class='ocrx_word' id='word_1_107' title='bbox 440 1209 572 1249; x_wconf 87' lang='lat' dir='ltr'>usque</span> <span class='ocrx_word' id='word_1_108' title='bbox 623 1200 789 1250; x_wconf 89' lang='lat' dir='ltr'>tempus</span> <span class='ocrx_word' id='word_1_109' title='bbox 841 1196 996 1236; x_wconf 87' lang='lat' dir='ltr'>ueteris</span> <span class='ocrx_word' id='word_1_110' title='bbox 1050 1195 1134 1237; x_wconf 91' lang='lat' dir='ltr'>odii</span> <span class='ocrx_word' id='word_1_111' title='bbox 1180 1196 1448 1236; x_wconf 86' lang='lat' dir='ltr'>tenacissima</span> <span class='ocrx_word' id='word_1_112' title='bbox 1495 1200 1754 1250; x_wconf 87' lang='lat' dir='ltr'>perseuerat.</span> 
     </span>
     <span class='ocr_line' id='line_1_23' title="bbox 313 1252 1755 1307; baseline 0 -14"><span class='ocrx_word' id='word_1_113' title='bbox 313 1254 462 1294; x_wconf 86' lang='lat' dir='ltr'>Preter</span> <span class='ocrx_word' id='word_1_114' title='bbox 497 1253 572 1293; x_wconf 87' lang='lat' dir='ltr'>hec</span> <span class='ocrx_word' id='word_1_115' title='bbox 596 1253 801 1307; x_wconf 81' lang='lat' dir='ltr'>Ingritha,</span> <span class='ocrx_word' id='word_1_116' title='bbox 824 1252 998 1294; x_wconf 88' lang='lat' dir='ltr'>Vbboni</span> <span class='ocrx_word' id='word_1_117' title='bbox 1032 1253 1197 1294; x_wconf 88' lang='lat' dir='ltr'>cuidam</span> <span class='ocrx_word' id='word_1_118' title='bbox 1222 1257 1318 1307; x_wconf 87' lang='lat' dir='ltr'>post</span> <span class='ocrx_word' id='word_1_119' title='bbox 1345 1253 1519 1294; x_wconf 90' lang='lat' dir='ltr'>modum</span> <span class='ocrx_word' id='word_1_120' title='bbox 1551 1252 1755 1307; x_wconf 88' lang='lat' dir='ltr'>denupta,</span> 
     </span>
     <span class='ocr_line' id='line_1_24' title="bbox 311 1310 1756 1366; baseline 0 -15"><span class='ocrx_word' id='word_1_121' title='bbox 311 1310 487 1352; x_wconf 82' lang='lat' dir='ltr'>Nicolao</span> <span class='ocrx_word' id='word_1_122' title='bbox 520 1325 573 1351; x_wconf 79' lang='lat' dir='ltr'>ex</span> <span class='ocrx_word' id='word_1_123' title='bbox 605 1311 754 1364; x_wconf 91' lang='lat' dir='ltr'>pellice</span> <span class='ocrx_word' id='word_1_124' title='bbox 786 1316 885 1352; x_wconf 83' lang='lat' dir='ltr'>nata</span> <span class='ocrx_word' id='word_1_125' title='bbox 917 1310 1125 1366; x_wconf 88' lang='lat' dir='ltr'>proditur.</span> <span class='ocrx_word' id='word_1_126' title='bbox 1169 1310 1228 1352; x_wconf 89' lang='lat' dir='ltr'>At</span> <span class='ocrx_word' id='word_1_127' title='bbox 1250 1312 1492 1365; x_wconf 87' lang='lat' dir='ltr'>Margareta</span> <span class='ocrx_word' id='word_1_128' title='bbox 1514 1324 1597 1352; x_wconf 89' lang='lat' dir='ltr'>non</span> <span class='ocrx_word' id='word_1_129' title='bbox 1621 1310 1756 1352; x_wconf 90' lang='lat' dir='ltr'>solum</span> 
     </span>
     <span class='ocr_line' id='line_1_25' title="bbox 313 1368 1756 1424; baseline 0 -15"><span class='ocrx_word' id='word_1_130' title='bbox 313 1369 550 1409; x_wconf 89' lang='lat' dir='ltr'>diuinarum</span> <span class='ocrx_word' id='word_1_131' title='bbox 581 1369 722 1410; x_wconf 88' lang='lat' dir='ltr'>edium</span> <span class='ocrx_word' id='word_1_132' title='bbox 745 1384 844 1424; x_wconf 88' lang='lat' dir='ltr'>opes</span> <span class='ocrx_word' id='word_1_133' title='bbox 877 1368 1109 1410; x_wconf 84' lang='lat' dir='ltr'>latifundiis</span> <span class='ocrx_word' id='word_1_134' title='bbox 1141 1370 1273 1421; x_wconf 80' lang='lat' dir='ltr'>auxit,</span> <span class='ocrx_word' id='word_1_135' title='bbox 1305 1368 1380 1410; x_wconf 90' lang='lat' dir='ltr'>sed</span> <span class='ocrx_word' id='word_1_136' title='bbox 1402 1372 1443 1410; x_wconf 89' lang='lat' dir='ltr'>et</span> <span class='ocrx_word' id='word_1_137' title='bbox 1466 1368 1564 1410; x_wconf 88' lang='lat' dir='ltr'>totis</span> <span class='ocrx_word' id='word_1_138' title='bbox 1596 1368 1756 1409; x_wconf 89' lang='lat' dir='ltr'>uiribus</span> 
     </span>
     <span class='ocr_line' id='line_1_26' title="bbox 311 1425 1757 1482; baseline 0.001 -16"><span class='ocrx_word' id='word_1_139' title='bbox 311 1427 362 1467; x_wconf 83' lang='lat' dir='ltr'>ad</span> <span class='ocrx_word' id='word_1_140' title='bbox 394 1425 634 1481; x_wconf 86' lang='lat' dir='ltr'>augendum</span> <span class='ocrx_word' id='word_1_141' title='bbox 667 1441 812 1468; x_wconf 79' lang='lat' dir='ltr'>earum</span> <span class='ocrx_word' id='word_1_142' title='bbox 846 1427 1112 1482; x_wconf 87' lang='lat' dir='ltr'>splendorem</span> <span class='ocrx_word' id='word_1_143' title='bbox 1155 1427 1365 1479; x_wconf 85' lang='lat' dir='ltr'>incubuit,</span> <span class='ocrx_word' id='word_1_144' title='bbox 1398 1426 1757 1481; x_wconf 84' lang='lat' dir='ltr'>sacerdotalisque</span> 
     </span>
     <span class='ocr_line' id='line_1_27' title="bbox 309 1485 1754 1540; baseline -0.001 -15"><span class='ocrx_word' id='word_1_145' title='bbox 309 1485 445 1525; x_wconf 86' lang='lat' dir='ltr'>cultus</span> <span class='ocrx_word' id='word_1_146' title='bbox 477 1485 663 1539; x_wconf 88' lang='lat' dir='ltr'>inopiam</span> <span class='ocrx_word' id='word_1_147' title='bbox 696 1485 907 1540; x_wconf 81' lang='lat' dir='ltr'>exquisito</span> <span class='ocrx_word' id='word_1_148' title='bbox 933 1490 1279 1526; x_wconf 87' lang='lat' dir='ltr'>ornamentorum</span> <span class='ocrx_word' id='word_1_149' title='bbox 1301 1498 1460 1539; x_wconf 87' lang='lat' dir='ltr'>genere</span> <span class='ocrx_word' id='word_1_150' title='bbox 1481 1485 1754 1539; x_wconf 85' lang='lat' dir='ltr'>permutauit.</span> 
     </span>
     <span class='ocr_line' id='line_1_28' title="bbox 311 1541 1756 1597; baseline 0.001 -15"><span class='ocrx_word' id='word_1_151' title='bbox 311 1541 560 1595; x_wconf 86' lang='lat' dir='ltr'>Enimuero,</span> <span class='ocrx_word' id='word_1_152' title='bbox 605 1556 687 1597; x_wconf 89' lang='lat' dir='ltr'>quo</span> <span class='ocrx_word' id='word_1_153' title='bbox 720 1557 807 1584; x_wconf 90' lang='lat' dir='ltr'>rem</span> <span class='ocrx_word' id='word_1_154' title='bbox 850 1542 1033 1584; x_wconf 90' lang='lat' dir='ltr'>diuinam</span> <span class='ocrx_word' id='word_1_155' title='bbox 1067 1543 1328 1584; x_wconf 87' lang='lat' dir='ltr'>ornaciorern</span> <span class='ocrx_word' id='word_1_156' title='bbox 1370 1542 1576 1592; x_wconf 88' lang='lat' dir='ltr'>efficeret,</span> <span class='ocrx_word' id='word_1_157' title='bbox 1622 1542 1756 1595; x_wconf 89' lang='lat' dir='ltr'>pallas</span> 
     </span>
     <span class='ocr_line' id='line_1_29' title="bbox 310 1600 1753 1656; baseline 0 -16"><span class='ocrx_word' id='word_1_158' title='bbox 310 1600 543 1641; x_wconf 85' lang='lat' dir='ltr'>laticlauias</span> <span class='ocrx_word' id='word_1_159' title='bbox 578 1604 800 1655; x_wconf 86' lang='lat' dir='ltr'>ceteraque</span> <span class='ocrx_word' id='word_1_160' title='bbox 831 1600 1062 1642; x_wconf 84' lang='lat' dir='ltr'>sacerdocii</span> <span class='ocrx_word' id='word_1_161' title='bbox 1092 1601 1274 1656; x_wconf 82' lang='lat' dir='ltr'>insignia</span> <span class='ocrx_word' id='word_1_162' title='bbox 1306 1600 1487 1642; x_wconf 88' lang='lat' dir='ltr'>condere</span> <span class='ocrx_word' id='word_1_163' title='bbox 1519 1605 1648 1656; x_wconf 85' lang='lat' dir='ltr'>atque</span> <span class='ocrx_word' id='word_1_164' title='bbox 1691 1614 1753 1641; x_wconf 91' lang='lat' dir='ltr'>sa-</span> 
     </span>
     <span class='ocr_line' id='line_1_30' title="bbox 311 1657 1197 1713; baseline 0 -14"><span class='ocrx_word' id='word_1_165' title='bbox 311 1671 477 1699; x_wconf 88' lang='lat' dir='ltr'>crorum</span> <span class='ocrx_word' id='word_1_166' title='bbox 511 1657 657 1699; x_wconf 88' lang='lat' dir='ltr'>usibus</span> <span class='ocrx_word' id='word_1_167' title='bbox 691 1672 869 1713; x_wconf 79' lang='lat' dir='ltr'>erogaie</span> <span class='ocrx_word' id='word_1_168' title='bbox 904 1673 1003 1701; x_wconf 86' lang='lat' dir='ltr'>cure</span> <span class='ocrx_word' id='word_1_169' title='bbox 1037 1658 1197 1700; x_wconf 89' lang='lat' dir='ltr'>habuit.</span> 
     </span>
    </p>

    <p class='ocr_par' dir='ltr' id='par_1_11' title="bbox 308 1714 1756 2637">
     <span class='ocr_line' id='line_1_31' title="bbox 448 1714 1752 1769; baseline 0 -13"><span class='ocrx_word' id='word_1_170' title='bbox 448 1714 658 1757; x_wconf 88' lang='lat' dir='ltr'>Henricus</span> <span class='ocrx_word' id='word_1_171' title='bbox 690 1730 805 1768; x_wconf 87' lang='lat' dir='ltr'>ue1·,o</span> <span class='ocrx_word' id='word_1_172' title='bbox 838 1716 1090 1758; x_wconf 86' lang='lat' dir='ltr'>Guthskalci</span> <span class='ocrx_word' id='word_1_173' title='bbox 1122 1731 1174 1757; x_wconf 84' lang='lat' dir='ltr'>ex</span> <span class='ocrx_word' id='word_1_174' title='bbox 1207 1716 1362 1757; x_wconf 79' lang='lat' dir='ltr'>Si1itha</span> <span class='ocrx_word' id='word_1_175' title='bbox 1394 1716 1518 1769; x_wconf 91' lang='lat' dir='ltr'>filius,</span> <span class='ocrx_word' id='word_1_176' title='bbox 1550 1715 1752 1757; x_wconf 87' lang='lat' dir='ltr'>maternis</span> 
     </span>
     <span class='ocr_line' id='line_1_32' title="bbox 308 1749 1754 1829; baseline -0.001 -14"><span class='ocrx_word' id='word_1_177' title='bbox 308 1788 333 1815; x_wconf 87' lang='lat' dir='ltr'>a</span> <span class='ocrx_word' id='word_1_178' title='bbox 354 1772 532 1814; x_wconf 82' lang='lat' dir='ltr'>Nicolao</span> <span class='ocrx_word' id='word_1_179' title='bbox 567 1774 686 1815; x_wconf 89' lang='lat' dir='ltr'>bonis</span> <span class='ocrx_word' id='word_1_180' title='bbox 718 1749 890 1829; x_wconf 86' lang='lat' dir='ltr'>indigne</span> <span class='ocrx_word' id='word_1_181' title='bbox 923 1774 1143 1828; x_wconf 86' lang='lat' dir='ltr'>spoliatus,</span> <span class='ocrx_word' id='word_1_182' title='bbox 1175 1780 1262 1816; x_wconf 88' lang='lat' dir='ltr'>tam</span> <span class='ocrx_word' id='word_1_183' title='bbox 1285 1787 1424 1815; x_wconf 76' lang='lat' dir='ltr'>aciem</span> <span class='ocrx_word' id='word_1_184' title='bbox 1458 1788 1602 1815; x_wconf 89' lang='lat' dir='ltr'>eorum</span> <span class='ocrx_word' id='word_1_185' title='bbox 1634 1787 1754 1828; x_wconf 89' lang='lat' dir='ltr'>repe-</span> 
     </span>
     <span class='ocr_line' id='line_1_33' title="bbox 310 1831 1754 1887; baseline 0 -16"><span class='ocrx_word' id='word_1_186' title='bbox 310 1831 478 1872; x_wconf 90' lang='lat' dir='ltr'>titorem</span> <span class='ocrx_word' id='word_1_187' title='bbox 520 1845 649 1885; x_wconf 86' lang='lat' dir='ltr'>agere</span> <span class='ocrx_word' id='word_1_188' title='bbox 690 1833 820 1887; x_wconf 84' lang='lat' dir='ltr'>cepit,</span> <span class='ocrx_word' id='word_1_189' title='bbox 865 1837 933 1883; x_wconf 92' lang='lat' dir='ltr'>ut,</span> <span class='ocrx_word' id='word_1_190' title='bbox 974 1831 1108 1873; x_wconf 90' lang='lat' dir='ltr'>Danis</span> <span class='ocrx_word' id='word_1_191' title='bbox 1155 1831 1476 1886; x_wconf 80' lang='lat' dir='ltr'>infatigabiliter</span> <span class='ocrx_word' id='word_1_192' title='bbox 1520 1831 1754 1882; x_wconf 88' lang='lat' dir='ltr'>imminens,</span> 
     </span>
     <span class='ocr_line' id='line_1_34' title="bbox 309 1888 1752 1954; baseline 0.001 -25"><span class='ocrx_word' id='word_1_193' title='bbox 309 1890 446 1954; x_wconf 86' lang='lat' dir='ltr'>ipsum</span> <span class='ocrx_word' id='word_1_194' title='bbox 478 1888 587 1929; x_wconf 86' lang='lat' dir='ltr'>intra</span> <span class='ocrx_word' id='word_1_195' title='bbox 621 1889 798 1932; x_wconf 81' lang='lat' dir='ltr'>Slesuici</span> <span class='ocrx_word' id='word_1_196' title='bbox 831 1890 934 1932; x_wconf 90' lang='lat' dir='ltr'>fines</span> <span class='ocrx_word' id='word_1_197' title='bbox 967 1890 1018 1930; x_wconf 84' lang='lat' dir='ltr'>ad</span> <span class='ocrx_word' id='word_1_198' title='bbox 1051 1889 1250 1931; x_wconf 87' lang='lat' dir='ltr'>tuendam</span> <span class='ocrx_word' id='word_1_199' title='bbox 1282 1890 1460 1930; x_wconf 86' lang='lat' dir='ltr'>salutem</span> <span class='ocrx_word' id='word_1_200' title='bbox 1492 1904 1607 1930; x_wconf 90' lang='lat' dir='ltr'>suam</span> <span class='ocrx_word' id='word_1_201' title='bbox 1631 1889 1647 1942; x_wconf 76' lang='grc' dir='ltr'>Η</span> <span class='ocrx_word' id='word_1_202' title='bbox 1670 1892 1752 1930; x_wconf 81' lang='lat' dir='ltr'>sta-</span> 
     </span>
     <span class='ocr_line' id='line_1_35' title="bbox 310 1947 1756 2002; baseline 0.001 -15"><span class='ocrx_word' id='word_1_203' title='bbox 310 1948 430 1988; x_wconf 87' lang='lat' dir='ltr'>cione</span> <span class='ocrx_word' id='word_1_204' title='bbox 465 1950 505 1987; x_wconf 90' lang='lat' dir='ltr'>et</span> <span class='ocrx_word' id='word_1_205' title='bbox 538 1947 726 1988; x_wconf 74' lang='lat' dir='ltr'>excubiis</span> <span class='ocrx_word' id='word_1_206' title='bbox 759 1948 819 1988; x_wconf 88' lang='lat' dir='ltr'>uti</span> <span class='ocrx_word' id='word_1_207' title='bbox 852 1953 1037 2002; x_wconf 88' lang='lat' dir='ltr'>cogeret.</span> <span class='ocrx_word' id='word_1_208' title='bbox 1098 1947 1369 1989; x_wconf 89' lang='lat' dir='ltr'>Interiectam</span> <span class='ocrx_word' id='word_1_209' title='bbox 1399 1947 1527 1989; x_wconf 89' lang='lat' dir='ltr'>Albie</span> <span class='ocrx_word' id='word_1_210' title='bbox 1550 1947 1756 1988; x_wconf 81' lang='lat' dir='ltr'>Slesuico-</span> 
     </span>
     <span class='ocr_line' id='line_1_36' title="bbox 309 2004 1754 2060; baseline 0 -15"><span class='ocrx_word' id='word_1_211' title='bbox 309 2019 391 2059; x_wconf 94' lang='lat' dir='ltr'>que</span> <span class='ocrx_word' id='word_1_212' title='bbox 423 2004 684 2060; x_wconf 86' lang='lat' dir='ltr'>prouinciam</span> <span class='ocrx_word' id='word_1_213' title='bbox 719 2006 882 2047; x_wconf 78' lang='lat' dir='ltr'>cultoie</span> <span class='ocrx_word' id='word_1_214' title='bbox 925 2005 1174 2047; x_wconf 88' lang='lat' dir='ltr'>uacuefecit.</span> <span class='ocrx_word' id='word_1_215' title='bbox 1246 2004 1377 2047; x_wconf 80' lang='lat' dir='ltr'>Cuius</span> <span class='ocrx_word' id='word_1_216' title='bbox 1420 2005 1480 2046; x_wconf 89' lang='lat' dir='ltr'>rei</span> <span class='ocrx_word' id='word_1_217' title='bbox 1518 2004 1754 2046; x_wconf 73' lang='lat' dir='ltr'>ulciscendo</span> 
     </span>
     <span class='ocr_line' id='line_1_37' title="bbox 308 2061 1754 2118; baseline 0.001 -16"><span class='ocrx_word' id='word_1_218' title='bbox 308 2063 448 2117; x_wconf 88' lang='lat' dir='ltr'>gracia</span> <span class='ocrx_word' id='word_1_219' title='bbox 481 2062 696 2115; x_wconf 87' lang='lat' dir='ltr'>Nicolaus,</span> <span class='ocrx_word' id='word_1_220' title='bbox 730 2064 868 2105; x_wconf 81' lang='lat' dir='ltr'>excita</span> <span class='ocrx_word' id='word_1_221' title='bbox 910 2064 1068 2117; x_wconf 83' lang='lat' dir='ltr'>classe,</span> <span class='ocrx_word' id='word_1_222' title='bbox 1110 2062 1335 2104; x_wconf 88' lang='lat' dir='ltr'>Liutcham</span> <span class='ocrx_word' id='word_1_223' title='bbox 1374 2063 1570 2118; x_wconf 92' lang='lat' dir='ltr'>appellit,</span> <span class='ocrx_word' id='word_1_224' title='bbox 1614 2061 1754 2115; x_wconf 80' lang='lat' dir='ltr'>Eliuo,</span> 
     </span>
     <span class='ocr_line' id='line_1_38' title="bbox 310 2120 1739 2177; baseline 0 -16"><span class='ocrx_word' id='word_1_225' title='bbox 310 2121 585 2162; x_wconf 82' lang='lat' dir='ltr'>Slesuicensis</span> <span class='ocrx_word' id='word_1_226' title='bbox 616 2121 856 2176; x_wconf 87' lang='lat' dir='ltr'>prefecture</span> <span class='ocrx_word' id='word_1_227' title='bbox 887 2122 993 2174; x_wconf 87' lang='lat' dir='ltr'>uiro,</span> <span class='ocrx_word' id='word_1_228' title='bbox 1026 2127 1242 2177; x_wconf 71' lang='lat' dir='ltr'>equestres</span> <span class='ocrx_word' id='word_1_229' title='bbox 1276 2121 1445 2162; x_wconf 91' lang='lat' dir='ltr'>obuiam</span> <span class='ocrx_word' id='word_1_230' title='bbox 1478 2120 1555 2162; x_wconf 91' lang='lat' dir='ltr'>sibi</span> <span class='ocrx_word' id='word_1_231' title='bbox 1596 2121 1739 2175; x_wconf 88' lang='lat' dir='ltr'>copias</span> 
     </span>
     <span class='ocr_line' id='line_1_39' title="bbox 310 2177 1748 2234; baseline 0 -16"><span class='ocrx_word' id='word_1_232' title='bbox 310 2177 484 2220; x_wconf 86' lang='lat' dir='ltr'>ductare</span> <span class='ocrx_word' id='word_1_233' title='bbox 517 2179 649 2220; x_wconf 85' lang='lat' dir='ltr'>iusso.</span> <span class='ocrx_word' id='word_1_234' title='bbox 711 2178 903 2220; x_wconf 87' lang='lat' dir='ltr'>Necdum</span> <span class='ocrx_word' id='word_1_235' title='bbox 936 2180 1044 2220; x_wconf 90' lang='lat' dir='ltr'>enim</span> <span class='ocrx_word' id='word_1_236' title='bbox 1077 2179 1191 2220; x_wconf 90' lang='lat' dir='ltr'>Dani</span> <span class='ocrx_word' id='word_1_237' title='bbox 1223 2183 1420 2220; x_wconf 78' lang='lat' dir='ltr'>externas</span> <span class='ocrx_word' id='word_1_238' title='bbox 1463 2178 1748 2234; x_wconf 88' lang='lat' dir='ltr'>obequitando</span> 
     </span>
     <span class='ocr_line' id='line_1_40' title="bbox 309 2235 1752 2292; baseline -0.001 -15"><span class='ocrx_word' id='word_1_239' title='bbox 309 2250 474 2291; x_wconf 89' lang='lat' dir='ltr'>pugnas</span> <span class='ocrx_word' id='word_1_240' title='bbox 507 2237 713 2278; x_wconf 89' lang='lat' dir='ltr'>conficere</span> <span class='ocrx_word' id='word_1_241' title='bbox 735 2242 956 2280; x_wconf 86' lang='lat' dir='ltr'>nouerant.</span> <span class='ocrx_word' id='word_1_242' title='bbox 1010 2236 1171 2279; x_wconf 84' lang='lat' dir='ltr'>Verum</span> <span class='ocrx_word' id='word_1_243' title='bbox 1194 2235 1368 2292; x_wconf 88' lang='lat' dir='ltr'>prefecti</span> <span class='ocrx_word' id='word_1_244' title='bbox 1389 2236 1553 2288; x_wconf 89' lang='lat' dir='ltr'>leuitas,</span> <span class='ocrx_word' id='word_1_245' title='bbox 1576 2236 1752 2292; x_wconf 91' lang='lat' dir='ltr'>pecunie</span> 
     </span>
     <span class='ocr_line' id='line_1_41' title="bbox 310 2294 1751 2350; baseline 0 -16"><span class='ocrx_word' id='word_1_246' title='bbox 310 2294 363 2334; x_wconf 86' lang='lat' dir='ltr'>ab</span> <span class='ocrx_word' id='word_1_247' title='bbox 410 2294 594 2336; x_wconf 88' lang='lat' dir='ltr'>Henrico</span> <span class='ocrx_word' id='word_1_248' title='bbox 643 2295 843 2350; x_wconf 88' lang='lat' dir='ltr'>paccione</span> <span class='ocrx_word' id='word_1_249' title='bbox 892 2301 1108 2350; x_wconf 85' lang='lat' dir='ltr'>corrupta,</span> <span class='ocrx_word' id='word_1_250' title='bbox 1157 2295 1349 2349; x_wconf 89' lang='lat' dir='ltr'>cupidius</span> <span class='ocrx_word' id='word_1_251' title='bbox 1390 2298 1584 2349; x_wconf 88' lang='lat' dir='ltr'>questum</span> <span class='ocrx_word' id='word_1_252' title='bbox 1629 2307 1751 2348; x_wconf 89' lang='lat' dir='ltr'>quam</span> 
     </span>
     <span class='ocr_line' id='line_1_42' title="bbox 308 2351 1752 2408; baseline 0 -16"><span class='ocrx_word' id='word_1_253' title='bbox 308 2352 529 2407; x_wconf 89' lang='lat' dir='ltr'>imperium</span> <span class='ocrx_word' id='word_1_254' title='bbox 563 2352 819 2394; x_wconf 86' lang='lat' dir='ltr'>intuebatur.</span> <span class='ocrx_word' id='word_1_255' title='bbox 880 2353 1032 2408; x_wconf 87' lang='lat' dir='ltr'>Itaque</span> <span class='ocrx_word' id='word_1_256' title='bbox 1066 2352 1267 2393; x_wconf 88' lang='lat' dir='ltr'>Nicolaus</span> <span class='ocrx_word' id='word_1_257' title='bbox 1297 2351 1498 2394; x_wconf 82' lang='lat' dir='ltr'>Selauicis</span> <span class='ocrx_word' id='word_1_258' title='bbox 1530 2353 1570 2392; x_wconf 93' lang='lat' dir='ltr'>in</span> <span class='ocrx_word' id='word_1_259' title='bbox 1595 2352 1752 2406; x_wconf 87' lang='lat' dir='ltr'>campis</span> 
     </span>
     <span class='ocr_line' id='line_1_43' title="bbox 310 2409 1752 2466; baseline 0.001 -17"><span class='ocrx_word' id='word_1_260' title='bbox 310 2424 491 2450; x_wconf 85' lang='lat' dir='ltr'>uacuam</span> <span class='ocrx_word' id='word_1_261' title='bbox 534 2411 648 2466; x_wconf 89' lang='lat' dir='ltr'>equis</span> <span class='ocrx_word' id='word_1_262' title='bbox 690 2410 947 2466; x_wconf 80' lang='lat' dir='ltr'>phalangem</span> <span class='ocrx_word' id='word_1_263' title='bbox 981 2411 1177 2466; x_wconf 83' lang='lat' dir='ltr'>explicat.</span> <span class='ocrx_word' id='word_1_264' title='bbox 1239 2409 1358 2451; x_wconf 84' lang='lat' dir='ltr'>Tunc</span> <span class='ocrx_word' id='word_1_265' title='bbox 1390 2409 1554 2463; x_wconf 81' lang='lat' dir='ltr'>Sclaui,</span> <span class='ocrx_word' id='word_1_266' title='bbox 1587 2409 1752 2464; x_wconf 89' lang='lat' dir='ltr'>pedites</span> 
     </span>
     <span class='ocr_line' id='line_1_44' title="bbox 312 2467 1754 2523; baseline -0.001 -16"><span class='ocrx_word' id='word_1_267' title='bbox 312 2467 598 2522; x_wconf 86' lang='lat' dir='ltr'>obequitando</span> <span class='ocrx_word' id='word_1_268' title='bbox 630 2469 791 2510; x_wconf 88' lang='lat' dir='ltr'>lassare</span> <span class='ocrx_word' id='word_1_269' title='bbox 823 2482 947 2523; x_wconf 88' lang='lat' dir='ltr'>quam</span> <span class='ocrx_word' id='word_1_270' title='bbox 975 2483 1068 2509; x_wconf 88' lang='lat' dir='ltr'>cum</span> <span class='ocrx_word' id='word_1_271' title='bbox 1093 2472 1183 2509; x_wconf 91' lang='lat' dir='ltr'>tota</span> <span class='ocrx_word' id='word_1_272' title='bbox 1215 2468 1306 2509; x_wconf 82' lang='lat' dir='ltr'>acie</span> <span class='ocrx_word' id='word_1_273' title='bbox 1329 2482 1499 2508; x_wconf 90' lang='lat' dir='ltr'>manum</span> <span class='ocrx_word' id='word_1_274' title='bbox 1530 2481 1754 2508; x_wconf 78' lang='lat' dir='ltr'>conserere</span> 
     </span>
     <span class='ocr_line' id='line_1_45' title="bbox 311 2524 1752 2578; baseline 0 -14"><span class='ocrx_word' id='word_1_275' title='bbox 311 2525 447 2566; x_wconf 90' lang='lat' dir='ltr'>tucius</span> <span class='ocrx_word' id='word_1_276' title='bbox 481 2526 571 2578; x_wconf 86' lang='lat' dir='ltr'>rati,</span> <span class='ocrx_word' id='word_1_277' title='bbox 602 2540 713 2567; x_wconf 85' lang='lat' dir='ltr'>nunc</span> <span class='ocrx_word' id='word_1_278' title='bbox 744 2526 847 2578; x_wconf 88' lang='lat' dir='ltr'>alas,</span> <span class='ocrx_word' id='word_1_279' title='bbox 879 2540 990 2567; x_wconf 85' lang='lat' dir='ltr'>nuno</span> <span class='ocrx_word' id='word_1_280' title='bbox 1023 2540 1181 2567; x_wconf 85' lang='lat' dir='ltr'>cornua</span> <span class='ocrx_word' id='word_1_281' title='bbox 1214 2525 1540 2566; x_wconf 88' lang='lat' dir='ltr'>circunuolando</span> <span class='ocrx_word' id='word_1_282' title='bbox 1585 2524 1752 2564; x_wconf 87' lang='lat' dir='ltr'>eadem-</span> 
     </span>
     <span class='ocr_line' id='line_1_46' title="bbox 313 2582 1753 2637; baseline -0.001 -14"><span class='ocrx_word' id='word_1_283' title='bbox 313 2595 394 2636; x_wconf 88' lang='lat' dir='ltr'>que</span> <span class='ocrx_word' id='word_1_284' title='bbox 441 2584 558 2630; x_wconf 86' lang='lat' dir='ltr'>uarie</span> <span class='ocrx_word' id='word_1_285' title='bbox 605 2583 752 2625; x_wconf 90' lang='lat' dir='ltr'>iaculis</span> <span class='ocrx_word' id='word_1_286' title='bbox 799 2583 1046 2626; x_wconf 87' lang='lat' dir='ltr'>incessendo</span> <span class='ocrx_word' id='word_1_287' title='bbox 1095 2583 1275 2637; x_wconf 89' lang='lat' dir='ltr'>obliquis</span> <span class='ocrx_word' id='word_1_288' title='bbox 1324 2583 1487 2624; x_wconf 86' lang='lat' dir='ltr'>hostem</span> <span class='ocrx_word' id='word_1_289' title='bbox 1530 2582 1753 2623; x_wconf 78' lang='lat' dir='ltr'>insultibus</span> 
     </span>
    </p>
   </div>
   <div class='ocr_carea' id='block_1_11' title="bbox 245 2639 1754 2698">
    <p class='ocr_par' dir='ltr' id='par_1_12' title="bbox 245 2639 1754 2698">
     <span class='ocr_line' id='line_1_47' title="bbox 245 2639 1754 2698; baseline 0.002 -20"><span class='ocrx_word' id='word_1_290' title='bbox 245 2652 281 2679; x_wconf 77' lang='lat'>40</span> <span class='ocrx_word' id='word_1_291' title='bbox 312 2639 568 2684; x_wconf 83' lang='lat' dir='ltr'>lacerabant.</span> <span class='ocrx_word' id='word_1_292' title='bbox 620 2641 833 2684; x_wconf 89' lang='lat' dir='ltr'>Procursu</span> <span class='ocrx_word' id='word_1_293' title='bbox 863 2655 1045 2698; x_wconf 74' lang='lat' dir='ltr'>namque</span> <span class='ocrx_word' id='word_1_294' title='bbox 1077 2641 1118 2683; x_wconf 90' lang='lat' dir='ltr'>in</span> <span class='ocrx_word' id='word_1_295' title='bbox 1152 2654 1247 2683; x_wconf 90' lang='lat' dir='ltr'>eum</span> <span class='ocrx_word' id='word_1_296' title='bbox 1271 2640 1439 2694; x_wconf 85' lang='lat' dir='ltr'>directo,</span> <span class='ocrx_word' id='word_1_297' title='bbox 1470 2639 1572 2696; x_wconf 86' lang='lat' dir='ltr'>fuga</span> <span class='ocrx_word' id='word_1_298' title='bbox 1601 2639 1754 2681; x_wconf 85' lang='lat' dir='ltr'>refere-</span> 
     </span>
    </p>
   </div>
   <div class='ocr_carea' id='block_1_12' title="bbox 1787 611 1884 642">
    <p class='ocr_par' dir='ltr' id='par_1_13' title="bbox 1787 611 1884 642">
     <span class='ocr_line' id='line_1_48' title="bbox 1787 611 1884 642; baseline -0.01 -2"><span class='ocrx_word' id='word_1_299' title='bbox 1787 611 1884 642; x_wconf 58' lang='lat' dir='ltr'>chU</span> 
     </span>
    </p>
   </div>
   <div class='ocr_carea' id='block_1_13' title="bbox 1808 1895 1884 1930">
    <p class='ocr_par' dir='ltr' id='par_1_14' title="bbox 1808 1895 1884 1930">
     <span class='ocr_line' id='line_1_49' title="bbox 1808 1895 1884 1930; baseline -0.013 -7"><span class='ocrx_word' id='word_1_300' title='bbox 1808 1895 1884 1930; x_wconf 80' lang='lat'><strong>(231</strong></span> 
     </span>
    </p>
   </div>
  </div>
 </body>
</html>
