1884 3126
82 969 120 997 10

81 1259 118 1288 15

77 1550 116 1578 20

77 1842 114 1869 25

77 2132 114 2160 30

75 2421 114 2449 35

76 2710 113 2738 40

698 325 751 330 -
811 301 950 359 xiiii
1011 326 1063 331 -
1521 306 1599 348 631

156 426 307 470 deinde
338 427 493 484 poculo
525 442 685 484 regem,
718 428 1061 488 Absalonemque
1092 432 1217 475 simili
1247 437 1492 476 muneratus
1525 437 1601 477 est.

154 486 359 529 Preterea
400 486 611 532 neminem
663 501 717 529 ex
764 489 908 531 amicis
955 489 1207 533 indonatum
1253 491 1441 547 reliquit,
1487 492 1602 547 apud

155 545 337 600 patriam
355 544 434 586 sibi
456 545 647 600 preclara
669 545 936 589 liberalitatis
958 553 1231 590 monumenta
1250 564 1393 591 creare
1412 550 1600 605 cupiens.

154 602 287 644 Varia
308 616 478 658 quoque
501 604 790 645 membrorum
814 604 1035 648 debilitate
1063 608 1324 662 perstrictu8‚
1356 607 1409 649 ad
1440 611 1602 664 postre-

151 675 267 703 mum
298 661 432 702 eciam
464 661 589 716 igne,
622 676 749 718 quem
792 677 957 706 sacrum
990 668 1166 718 uocant,
1198 665 1381 721 quadam
1412 667 1601 722 corporis

152 722 274 775 parte
306 733 543 775 respersus,
574 719 807 763 abscedere
835 723 1081 775 maturauit,
1113 723 1287 778 perinde
1318 737 1366 765 ac
1398 723 1600 766 diuinitus

153 777 298 819 iniecti
329 777 410 819 sibi
441 778 638 834 supplicii
669 779 952 821 cruciamenta
984 781 1170 822 sortitus.
1233 781 1370 830 Quem
1396 796 1488 823 cum
1511 782 1600 824 Ab·

153 836 271 878 salon
304 835 458 878 scania
489 836 769 879 excedentem
812 838 978 880 castelli
1017 839 1082 880 sui
1113 839 1300 894 hospicio
1342 841 1598 895 excepisset,

153 907 282 949 seque
312 899 432 936 tanto
463 893 622 950 pedum
644 895 802 951 frigore
834 896 981 948 teneri,
1012 901 1059 937 ut
1081 901 1211 939 noctu
1235 899 1424 950 quietem
1446 912 1599 953 capere

151 965 236 994 non
280 956 449 1008 posset,
497 958 831 1009 conquerentem
882 954 1073 1008 audiret,
1121 954 1303 997 calidum
1349 956 1597 998 laterculum

152 1010 305 1052 cistula
337 1010 495 1053 crebris
528 1011 807 1054 foraminibus
830 1011 1028 1053 distincta
1050 1013 1258 1055 inclusum
1281 1013 1433 1068 plantis
1464 1015 1597 1069 appli-

152 1069 250 1121 cuit,
282 1082 420 1124 eoque
442 1069 619 1111 fomenti
640 1083 799 1124 genere
820 1069 1053 1126 prefrigido
1077 1071 1164 1113 seni
1187 1073 1423 1126 pacientem
1446 1072 1598 1127 quietis

151 1127 333 1169 calorem
354 1127 551 1170 restituit.
585 1127 715 1171 Cuius
738 1128 1035 1171 medicamenti
1058 1129 1309 1171 beneficium
1330 1130 1410 1172 hoc
1432 1130 1595 1172 Eskillo

150 1185 319 1241 gracius
350 1185 455 1239 fuit,
496 1185 609 1241 quod
652 1186 707 1228 ab
739 1187 910 1228 artificis
942 1187 1141 1241 caritate,
1182 1202 1268 1229 non
1312 1188 1490 1231 sciencia
1522 1193 1597 1230 aut

148 1242 414 1299 professione
445 1244 650 1287 manauit.
714 1244 798 1293 Qui
829 1259 925 1287 cum
956 1245 1184 1288 Absalonis
1217 1247 1388 1301 nauigio
1413 1247 1597 1289 comita-

149 1306 281 1358 tuque
322 1302 555 1344 Slesuicum
596 1303 785 1357 perlatus
823 1302 993 1357 fuisset,
1035 1304 1217 1358 cyphum
1261 1309 1513 1360 argenteum
1544 1304 1596 1346 ab

149 1361 302 1402 eodem
333 1360 413 1402 sibi
443 1374 519 1415 pro
553 1375 728 1404 munere
770 1361 958 1403 oblatum
991 1363 1205 1417 suscipere
1244 1362 1470 1415 recusauit,
1501 1376 1596 1418 pre-

149 1418 276 1472 fatus,
308 1432 354 1460 se
385 1418 583 1475 deinceps
623 1421 787 1461 nullum
818 1420 1044 1474 insignium
1087 1434 1285 1463 uasorum
1324 1434 1451 1462 usum
1481 1420 1597 1461 habi-

149 1479 306 1519 turum.
375 1476 499 1519 Idem
540 1491 635 1519 cum
677 1492 820 1533 regem
861 1477 1117 1520 Slesuicensi
1163 1479 1202 1520 in
1248 1483 1380 1534 ponte
1422 1478 1597 1519 obuium

148 1535 431 1582 conuenisset,
463 1535 522 1577 ita
553 1537 741 1592 corporis
765 1536 981 1578 debilitate
1014 1536 1177 1578 solutus
1211 1542 1288 1590 est,
1320 1540 1368 1577 ut
1399 1550 1423 1576 a
1450 1536 1596 1591 pleris-

149 1607 230 1649 que
262 1593 468 1635 exanimis
490 1598 723 1649 putaretur.
768 1594 1006 1636 Recreatus
1030 1594 1211 1648 tandem,
1243 1594 1481 1650 fretumque
1502 1599 1594 1636 rate

149 1656 460 1707 transgressus,
511 1667 560 1694 ac
604 1658 825 1708 presentes
871 1652 1091 1707 benignius
1143 1654 1436 1706 exosculatus,
1485 1651 1596 1693 inter

147 1709 311 1752 flebiles
342 1710 576 1752 amicorum
607 1724 737 1753 uoces
770 1710 1059 1766 plorabundus
1095 1714 1136 1753 et
1157 1711 1246 1766 ipse
1279 1709 1487 1752 curriculo
1520 1723 1594 1765 per

147 1768 408 1811 Absalonem
454 1774 706 1824 procurato,
755 1783 850 1810 cum
900 1782 1073 1824 prorsus
1120 1768 1337 1824 equitandi
1381 1767 1594 1823 inpaciens

145 1826 269 1877 foret,
302 1840 386 1882 quo
419 1827 586 1869 mollius
609 1828 853 1881 ueheretur,
885 1827 1129 1882 imponitur.
1191 1826 1320 1868 Cuius
1341 1826 1478 1867 flentis
1512 1826 1595 1867 dis-

148 1898 315 1927 cessum
337 1885 565 1927 amicorum
586 1886 726 1939 turba,
758 1885 896 1940 ipsum
927 1885 1104 1927 ulterius
1125 1899 1206 1926 non
1229 1885 1384 1935 uisura,
1415 1883 1592 1939 perinde

147 1957 196 1984 ac
225 1941 352 1984 funus
393 1943 618 1999 lachrymis
658 1949 884 1999 prosecuta
926 1946 1001 1985 est.
1063 1944 1170 1985 Post
1211 1943 1289 1984 hec
1319 1942 1432 1997 regis
1464 1942 1594 1996 legati

148 2015 243 2043 cum
275 2000 588 2056 Lundensibus,
622 2002 800 2056 cogendi
833 2001 1060 2044 Absalonis
1091 2001 1253 2056 gracia,
1285 2000 1467 2042 Romam
1499 1999 1593 2041 mit-

147 2063 307 2101 tuntur.
382 2059 467 2108 Qui
506 2060 690 2115 primum
730 2059 1012 2101 Clareuallum
1059 2059 1261 2114 profecti,
1307 2058 1463 2112 reperti
1508 2057 1595 2099 illic

144 2116 299 2159 Eskilli
331 2117 568 2172 epistolam,
601 2119 720 2160 cuius
753 2133 802 2159 ea
834 2122 1087 2172 tempestate
1117 2131 1201 2159 non
1233 2115 1455 2158 mediocris
1478 2114 1591 2170 apud

147 2176 308 2217 curiam
338 2175 462 2217 fauor
493 2176 688 2230 uigebat,
730 2176 771 2217 in
803 2176 1094 2217 adiumentum
1128 2190 1203 2217 sue
1234 2174 1455 2229 peticionis
1487 2172 1592 2214 acci-

145 2234 280 2288 piunt.
342 2232 434 2275 Nec
465 2234 600 2276 minus
633 2234 826 2276 Absalon
872 2248 920 2275 ac
952 2232 1262 2275 Roskildenses
1302 2230 1590 2287 legacionibus

147 2291 307 2333 curiam
336 2291 537 2346 fatigant,
584 2292 810 2344 eleccioni,
851 2305 979 2347 quam
1008 2291 1257 2333 Lundenses
1297 2289 1590 2332 confirmatum

146 2348 458 2404 per[a]gebant,
489 2350 626 2406 plenis
658 2350 973 2391 reclamacionis
1006 2349 1229 2391 sentenciis
1262 2347 1509 2389 obnitentes.

222 2419 232 2421 ⁴
282 2407 452 2450 Interea
471 2407 722 2463 proceribus
754 2407 868 2463 apud
890 2407 1154 2449 Roskildiam
1178 2405 1367 2461 paschali
1398 2408 1588 2459 tempore

145 2464 331 2519 feriatis,
383 2466 667 2522 conuiuioque
717 2479 794 2520 per
845 2479 1052 2506 summam
1100 2465 1285 2506 omnium
1332 2462 1590 2504 hilaritatem

145 2527 321 2576 exacto,
369 2537 447 2578 per
491 2523 792 2575 Thordonem,
851 2522 1158 2565 Lundensium
1195 2521 1449 2577 prefectum,
1500 2520 1594 2574 regi

145 2580 429 2635 significatum
472 2586 559 2635 est,
601 2581 883 2623 Thormerum
925 2580 1157 2636 quendam,
1190 2578 1334 2633 Magni
1375 2577 1590 2631 nuncium,

145 2652 282 2693 nuper
313 2638 470 2681 Gothia
499 2653 744 2691 reuersum,
776 2642 895 2679 tanto
924 2639 1074 2680 itinere
1105 2637 1298 2679 Scaniam
1329 2649 1422 2677 esse
1456 2639 1591 2677 trans-

144 2710 351 2752 gressum,
383 2700 429 2739 ut
451 2698 696 2752 capcionem
719 2696 933 2739 celeritate
956 2695 1178 2749 uitauerit3
1212 2695 1328 2736 cuius
1358 2693 1592 2748 occupandi

1643 2424 1673 2450 p.
1691 2415 1743 2443 919
