1884 3126
363 244 442 284 140
952 265 1002 271 -
1063 239 1104 281 V
1167 263 1208 268 —-

770 368 920 412 Ericus
951 369 1009 411 sic
1041 372 1208 411 contra:

414 474 474 520 Vt
507 474 638 515 cuiuis
669 477 820 515 natura
853 473 960 529 pilos
992 473 1032 515 in
1067 486 1244 528 corpore
1276 472 1397 525 seuit,

530 530 679 574 Omnis
711 545 862 587 nempe
891 545 967 574 suo
998 531 1131 573 barba
1163 530 1337 573 ferenda
1367 530 1461 572 loco
1494 534 1570 572 est.

413 589 540 644 Re[s]
578 589 754 632 Veneris
786 589 978 631 homines
1011 594 1127 630 artus
1162 588 1322 643 agitare
1352 602 1522 630 necesse
1555 592 1637 639 est,

308 658 324 684 5
530 647 674 689 Motus
706 647 862 703 quippe
893 661 988 689 suos
1022 660 1118 688 nam
1150 646 1270 688 labor
1303 646 1437 688 omnis
1471 646 1613 688 habet.

417 707 524 748 Cum
556 706 664 747 natis
697 705 905 760 excipitur
938 709 1047 754 nate,
1078 705 1148 746 uel
1181 719 1274 746 cum
1307 704 1476 746 subdita
1507 718 1656 760 penem

532 763 677 805 Vulua
710 763 834 818 capit,
868 762 967 818 quid
1000 762 1051 804 ad
1086 763 1164 804 hec
1195 761 1352 804 addere
1384 776 1472 803 mas
1503 761 1667 803 renuit?

498 889 565 930 Ad
598 890 675 932 hec
707 890 806 943 illa,
838 894 1039 946 tanquam
1074 889 1330 932 elocucionis
1360 889 1507 944 inops,
1551 889 1617 930 cui
1660 903 1805 931 necem

359 947 661 1001 destinauerat,
694 962 843 989 aurum
866 947 1034 990 tradere
1057 952 1204 989 coacta
1236 951 1312 1001 est,
1343 947 1525 990 filiorum
1552 946 1805 989 interfectori

299 1024 330 1049 ιο
361 1020 467 1061 pene
510 1006 602 1047 loco
645 1005 845 1047 eximium
889 1020 1072 1060 erogans
1116 1019 1280 1047 munus.
1343 1004 1568 1047 Cumulata
1599 1004 1806 1060 siquidem

360 1064 585 1105 infelicitas
631 1070 716 1116 est,
758 1078 842 1105 non
887 1063 1097 1106 uindicata
1144 1063 1397 1118 malignitas.
1459 1062 1648 1104 Primum
1695 1062 1807 1104 enim

358 1121 528 1163 orbitati
570 1120 745 1174 adacta,
789 1137 837 1163 ac
870 1121 1024 1164 deinde
1067 1121 1294 1163 uerborum
1339 1121 1546 1163 uiolencia
1578 1121 1806 1170 confutata,

358 1194 451 1220 cum
499 1179 651 1234 opibus
699 1179 819 1220 simul
869 1180 1114 1234 eloquencie
1159 1179 1346 1234 precium
1397 1178 1591 1234 perdidit.
1653 1178 1807 1219 Bcauit

357 1237 585 1279 liberorum
620 1237 901 1288 sublatorem,
943 1242 1161 1279 auctorem
1194 1237 1384 1279 orbitatis
1416 1251 1491 1278 sue
1524 1237 1683 1292 premio
1717 1250 1807 1277 mu-

294 1312 327 1338 15
358 1301 518 1349 nerata,
552 1295 654 1336 nihil
687 1308 763 1350 pro
799 1295 1066 1350 repensanda
1097 1295 1276 1336 filiorum
1313 1294 1443 1345 clade,
1476 1299 1617 1351 preter
1639 1293 1805 1336 inscieie

358 1353 584 1408 probrum,
630 1367 679 1394 ac
711 1367 850 1395 rerum
891 1354 1079 1409 inopiam
1110 1353 1312 1396 referens.
1376 1353 1470 1401 Quo
1514 1352 1629 1405 uiso,
1666 1351 1805 1394 West-

360 1426 500 1452 marus
525 1410 665 1454 uerbis
687 1411 950 1466 superiorem
983 1411 1143 1452 uiribus
1178 1410 1388 1453 incessere
1410 1410 1569 1462 statuit,
1598 1409 1806 1452 uincentis

358 1469 563 1524 premium
596 1469 636 1510 in
670 1469 771 1510 uicti
813 1483 914 1511 nece
956 1468 1237 1519 constituens,
1280 1474 1326 1510 ut
1371 1468 1590 1524 utriusque
1621 1469 1734 1510 salus
1765 1468 1806 1509 in

360 1527 535 1582 pignore
557 1526 694 1583 posita
716 1526 946 1569 uideretur.
987 1526 1080 1569 Nec
1102 1525 1251 1569 Ericus
1274 1526 1523 1569 condicione
1555 1525 1616 1568 uti
1647 1525 1806 1576 abnuit,

291 1601 327 1627 20
358 1600 409 1627 ne
442 1586 588 1640 lingua
635 1599 759 1640 quam
794 1599 921 1627 manu
951 1585 1191 1640 prompcior
1223 1585 1454 1627 existimari
1486 1588 1641 1641 posset.
1700 1583 1806 1625 Erat

359 1646 502 1685 autem
546 1643 631 1685 talc
673 1643 921 1697 certainlinis
960 1656 1109 1698 genuS.
1174 1642 1364 1684 Circulus
1409 1643 1563 1684 uimine
1597 1641 1666 1683 uel
1707 1642 1806 1683 fune

360 1705 607 1754 contextus,
650 1715 805 1756 magno
837 1700 993 1756 pedum
1024 1714 1310 1756 manuumque
1342 1707 1496 1742 conatu
1529 1699 1805 1742 decertaturis

359 1759 510 1814 raptim
529 1758 826 1801 distrahendus
858 1758 1049 1800 exhiberi
1081 1759 1261 1812 solebat,
1294 1758 1463 1800 forciori
1496 1757 1685 1799 tribuens
1716 1757 1805 1812 pal-

360 1831 484 1869 mam,
517 1832 641 1873 quem
676 1816 1000 1859 colluctancium
1030 1816 1160 1872 siquis
1182 1817 1304 1858 alteri
1335 1816 1600 1867 detraxisset,
1633 1814 1806 1857 uictoria

289 1889 328 1916 25
360 1875 608 1917 donabatur.
670 1875 720 1916 In
752 1889 878 1930 quem
908 1874 1075 1916 modum
1108 1875 1336 1929 agonisans
1368 1873 1536 1926 Ericus,
1570 1877 1804 1928 correptam

360 1933 497 1975 acrius
519 1937 676 1975 restem
715 1933 910 1974 manibus
942 1932 1225 1974 concertantis
1257 1932 1452 1974 excussit.
1497 1931 1622 1980 Quod
1643 1930 1806 1972 Frotho

360 1990 533 2039 uidens,
566 1990 783 2043 Arduum,
816 1991 974 2046 inquit,
1014 2004 1110 2032 reor
1142 1993 1288 2031 contra
1320 1989 1475 2031 fortem
1506 1988 1605 2031 fune
1637 1994 1806 2031 conten-

361 2048 474 2091 dere.
526 2048 582 2089 Et
613 2048 785 2090 Ericus:
820 2047 1013 2089 Arduum
1041 2048 1201 2103 utique,
1234 2061 1329 2089 cum
1363 2047 1524 2103 corpori
1556 2052 1716 2088 struma
1747 2047 1806 2088 in-

360 2106 491 2159 sidet,
533 2111 606 2147 aut
653 2111 819 2160 tergum
866 2111 1046 2161 occupat
1092 2105 1258 2160 gibbus.
1320 2105 1557 2161 Statimque
1606 2105 1807 2160 propulso

291 2177 328 2204 30
359 2164 481 2220 pede,
518 2177 664 2205 senem
696 2164 791 2205 colli
825 2163 966 2205 senilis
998 2177 1047 2204 ac
1078 2163 1190 2204 dorsi
1223 2163 1432 2205 fraccione
1467 2162 1677 2205 contriuit.
1742 2161 1807 2203 Ita

361 2222 628 2264 Westmarus
650 2222 848 2267 inefficax
881 2222 1055 2263 ulcionis
1089 2221 1268 2272 molitor,
1302 2218 1423 2262 *dum
1447 2221 1656 2262 uindicem
1679 2233 1804 2274 agere

361 2280 544 2332 studuit,
585 2280 627 2321 in
660 2279 997 2322 ulciscendorum
1041 2283 1199 2320 sortem
1239 2278 1408 2331 incidit,
1453 2292 1632 2334 quorum
1665 2277 1807 2319 ulcisci

362 2338 553 2392 cupierat
586 2336 746 2389 cedem,
777 2337 961 2392 imagine
992 2336 1256 2392 profligatus.

502 2397 558 2436 At
589 2394 807 2436 Frothone
839 2394 1009 2436 Ericum
1049 2394 1161 2436 iactu
1205 2394 1289 2436 sice
1331 2393 1523 2436 traiicere
1562 2392 1806 2445 meditante,

292 2465 328 2492 35
360 2453 528 2495 conscia
559 2454 744 2494 fraterne
774 2453 928 2494 mentis
949 2452 1166 2505 Gunuara,
1199 2466 1402 2507 sponsum
1433 2450 1608 2507 periculi
1641 2464 1807 2505 premo-

368 2511 521 2563 nitura,
555 2509 792 2564 Neminem,
823 2510 982 2566 inquit,
1015 2509 1250 2566 sapientem
1281 2509 1385 2563 fore,
1417 2509 1489 2564 qui
1519 2507 1582 2550 sui
1614 2507 1808 2563 prouisor

362 2583 446 2610 non
478 2569 544 2610 sit.
588 2568 683 2617 Quo
716 2567 827 2610 dicto
850 2567 998 2610 Erious
1020 2566 1307 2624 propulsande
1338 2566 1497 2608 fraudis
1529 2564 1806 2621 amllmonitus,

362 2630 607 2685 suggestam
638 2625 716 2671 sibi
750 2625 959 2669 cautelam
992 2629 1167 2683 argutus
1213 2624 1390 2680 excepit.
1453 2624 1661 2668 Continuo
1694 2637 1807 2665 nam-
