1884 3126
760 213 1009 255 —-I—-
1553 223 1603 265 31

157 341 370 400 quondam
399 341 581 397 insignia
611 340 876 396 perquirens.
926 340 1091 397 Spretis
1125 344 1331 398 omnibus,
1363 345 1611 404 Hadingum

155 401 329 445 latentis
362 401 508 442 annuli
538 396 705 455 inldicio
739 398 1053 455 deprehensum
1085 402 1375 459 amplectitur,
1408 406 1532 462 eique
1565 422 1610 449 se
1641 427 1668 452 p.
1689 419 1719 446 51

157 460 381 515 coniugem
415 458 566 511 donat,
609 457 680 513 qui
712 458 908 513 coniugio
941 472 1018 500 suo
1051 460 1268 516 gigantem
1300 463 1428 518 potiri
1457 478 1608 520 passus

157 533 243 562 non
274 517 428 560 fuerat.

294 575 424 630 Apud
456 588 583 630 quam
615 572 938 628 diuersante[m]
961 574 1164 631 Hadingo
1196 577 1347 620 mirum
1374 578 1492 622 dictu
1513 594 1610 635 pro-

158 635 320 691 digium
362 633 522 676 incidit.
584 631 800 688 Siquidem
843 639 1028 676 cenante
1066 648 1136 687 eo,
1178 634 1335 678 femina
1377 638 1609 681 cicutarum

157 693 307 750 gerula
348 696 525 748 propter
564 690 754 734 foculum
797 690 927 733 humo
972 696 1101 748 caput
1131 694 1333 736 extulisse
1369 703 1607 751 conspecta,

157 755 440 809 porrectoque
473 751 568 792 sinu
598 750 867 806 percunctari
899 750 1015 802 uisa,
1059 764 1141 806 qua
1183 752 1329 794 mundi
1361 759 1482 809 parte
1522 759 1609 797 tam

157 810 351 853 recencia
382 809 578 864 gramina
611 807 793 850 brumali
827 813 1020 863 tempore
1051 810 1232 853 fuissent
1264 816 1428 854 exorta.
1478 811 1609 855 Cuius

93 882 127 910 10
159 867 443 924 cognoscendi
474 866 673 922 cupidum
706 880 876 921 regem,
919 868 1094 923 proprio
1129 868 1384 911 obuolutum
1415 871 1609 925 amiculo,

158 927 307 982 refuga
338 940 483 968 secum
514 925 592 967 sub
623 929 759 967 terras
791 925 991 979 abduxit3
1035 926 1185 979 credo,
1222 927 1300 969 diis
1332 927 1609 971 infernalibus

157 986 217 1028 ita
258 983 594 1037 destinantibus,
635 987 682 1025 ut
720 982 763 1023 in
806 997 856 1025 ea
887 983 983 1026 loca
1015 986 1136 1027 uiuus
1179 985 1485 1040 adduceretur,
1527 1001 1609 1042 que

158 1042 355 1086 morienti
386 1041 568 1098 petenda
599 1041 780 1083 fuerant.
832 1040 1025 1084 Primum
1056 1043 1185 1098 igitur
1207 1044 1362 1099 uapide
1395 1044 1611 1087 cuiusdam

160 1102 350 1157 caliginis
392 1100 586 1143 nubilum
636 1103 937 1155 penetrantes,
990 1115 1153 1158 perque
1204 1103 1350 1144 callem
1403 1102 1611 1145 diuturnis

15 1160 32 1215 ἐξ,
92 1173 127 1201 15
159 1160 334 1203 adesum
355 1158 569 1202 meatibus
592 1157 852 1211 incedentes,
877 1159 1083 1214 quosdam
1105 1164 1386 1216 pretextatos,
1419 1161 1611 1204 amictos-

30 1223 32 1226 ’
160 1233 242 1276 que
287 1221 401 1261 ostro
444 1231 643 1272 proceres
697 1216 1017 1273 conspicantur3
1065 1218 1215 1275 quibus
1260 1219 1470 1274 preteritis
1516 1220 1610 1261 loca

158 1279 328 1319 demum
362 1277 506 1331 aprica
537 1275 737 1329 subeunt,
771 1288 854 1330 que
887 1274 1032 1319 delata
1063 1291 1088 1318 a
1119 1277 1277 1318 femina
1298 1278 1490 1332 gramina
1514 1292 1611 1333 pro-

158 1336 359 1377 tulerunt.
422 1334 731 1389 Progressique
778 1333 992 1389 precipitis
1026 1335 1170 1391 lapsus
1203 1350 1252 1377 ac
1293 1336 1461 1377 liuentis
1503 1350 1612 1392 aque

158 1393 334 1436 fluuium
368 1392 525 1435 diuersi
558 1391 727 1447 generis
759 1390 844 1432 tela
866 1393 1016 1447 rapido
1049 1393 1264 1435 uolumine
1288 1393 1610 1449 detorquentem

16 1463 34 1501 ι,
92 1463 128 1491 ‘20
161 1451 429 1506 eundemque
469 1455 600 1506 ponte
640 1449 863 1491 meabilem
903 1451 1063 1494 factum
1096 1451 1327 1494 offendunt.
1390 1452 1484 1501 Quo
1517 1467 1612 1507 per-

161 1510 337 1552 transito
385 1509 507 1551 binas
552 1508 664 1551 acies
710 1508 867 1550 mutuis
914 1510 1076 1552 uiribus
1122 1524 1374 1553 concurrere
1426 1515 1613 1552 contem-

161 1569 349 1624 plantur3
396 1577 574 1623 quarum
610 1566 904 1608 condicionem
936 1582 960 1609 a
991 1568 1148 1610 femina
1188 1572 1491 1624 percunctante
1523 1569 1612 1610 Ha-

161 1626 313 1681 dingo,
349 1625 376 1666 ii
407 1629 519 1679 sunt,
550 1625 710 1680 inquit,
743 1624 813 1680 qui
846 1624 958 1667 ferro
990 1627 1032 1668 in
1066 1641 1213 1670 necem
1245 1628 1342 1681 acti,
1374 1626 1503 1668 cladis
1536 1641 1611 1668 sue

161 1685 344 1740 speciem
367 1684 567 1726 continuo
590 1685 886 1739 protestantur
909 1687 1124 1741 exemplo,
1154 1685 1424 1741 presentique
1448 1690 1612 1741 specta-

93 1755 129 1782 ‘25
161 1743 255 1785 culo
287 1744 492 1799 preterite
523 1742 610 1783 uite
633 1740 795 1782 facinus
818 1743 1071 1786 emulantur.
1126 1743 1444 1786 Prodeuntibus
1467 1758 1612 1785 murus

18 1802 29 1811 “
160 1801 279 1843 aditu
311 1806 643 1855 transcensuque
675 1798 856 1841 difficilis
889 1802 1144 1856 obsistebat,
1186 1816 1311 1857 quem
1352 1802 1510 1844 femina
1539 1816 1611 1844 ne-

162 1860 386 1915 quicquam
417 1859 628 1901 transilire
659 1862 820 1910 conata,
853 1872 948 1902 cum
980 1875 1034 1902 ne
1065 1860 1279 1915 corrugati
1317 1860 1487 1915 quidem
1521 1873 1611 1901 cor-

161 1918 275 1974 poris
308 1918 501 1960 exilitate
530 1914 795 1973 proficejfret,
834 1918 935 1971 galli
973 1925 1126 1974 caput,
1173 1932 1297 1974 quem
1329 1932 1472 1960 secum
1502 1918 1611 1959 forte
1649 1923 1718 1959 (17)

163 1976 396 2030 deferebat,
422 1976 651 2031 abruptum
682 1975 795 2017 ultra
819 1978 1002 2018 menium
1030 1983 1152 2033 septa
1174 1978 1361 2027 iactauit,
1385 1977 1611 2031 statimque

92 2046 130 2073 30
161 2034 379 2077 rediuiuus
425 2034 513 2076 ales
554 2034 763 2090 resumpti
803 2034 930 2076 fidem
972 2036 1172 2091 spiraculi
1216 2035 1329 2077 claro
1375 2034 1613 2076 testabatur

161 2096 355 2135 occentu.
486 2141 488 2143 ‚

298 2150 536 2206 Regressus
567 2149 695 2205 igitur
726 2149 952 2205 Hadingus
995 2152 1260 2207 patriamque
1302 2165 1396 2192 cum
1433 2150 1612 2205 coniuge

159 2213 355 2264 repetere
387 2222 522 2261 orsus,
551 2208 863 2250 imminencium
896 2209 976 2251 sibi
1018 2210 1252 2264 piratarum
1282 2208 1454 2250 insidias
1486 2208 1612 2250 celeri

160 2265 473 2322 nauigacionel
505 2266 703 2308 cassauit.
776 2266 860 2315 Qui
900 2267 998 2309 licet
1027 2268 1176 2309 iisdem
1207 2282 1317 2323 pene
1348 2267 1516 2307 flatibus
1549 2267 1610 2306 iu·
1643 2282 1669 2307 p.
1690 2275 1722 2300 5⁴2

95 2335 131 2362 35
162 2330 378 2377 uarentur,
409 2323 571 2380 *ipsum
601 2328 744 2366 tamen
776 2338 936 2380 equora
962 2326 1274 2382 presulcantem
1297 2325 1470 2382 paribus
1501 2324 1607 2365 uelis
1655 2330 1704 2359 Xn

163 2396 372 2438 occupare
402 2397 486 2424 non
516 2385 730 2438 poterant.

299 2440 419 2483 Inter
449 2441 528 2481 hec
543 2439 657 2494 foO,
690 2454 784 2481 cum
815 2441 919 2483 mire
949 2441 1249 2497 pulcritudinis
1270 2442 1398 2483 filiam
1419 2439 1610 2491 haberet,

161 2499 397 2553 potiturum
429 2513 503 2553 ea,
536 2499 607 2554 qui
638 2498 728 2539 uita
759 2498 1007 2555 Hadingum
1038 2501 1263 2556 spoliaret,
1307 2498 1452 2541 edixit.
1515 2496 1610 2545 Quo

160 2560 283 2611 pacto
324 2556 576 2611 Thuningus
619 2556 788 2612 quidam
836 2557 889 2599 ad
929 2558 1103 2600 modum
1147 2558 1424 2607 sollicitatus,
1470 2554 1612 2597 adcita

94 2624 131 2651 40
161 2614 483 2671 Byarmensium
508 2628 650 2668 manu,
673 2615 866 2657 uotiuum
891 2616 1055 2659 studuit
1074 2617 1299 2672 impetrare
1321 2626 1608 2672 progressum.

13 306 34 501 ἓ

16 178 38 302 Ξ

17 540 30 565 Δ
107 589 124 615 5
