1884 3126
288 853 323 881 lO

289 1142 324 1168 15

294 2005 331 2031 30

297 2293 333 2320 35

299 2579 334 2608 40

356 206 438 246 520
887 224 934 230 -
997 199 1135 241 XIIII
1199 223 1248 230 --

357 329 584 384 Siquidem,
617 326 897 380 adnauig··mte
919 339 983 377 eo,
1016 326 1199 367 omnium
1222 326 1397 367 nubium
1421 339 1558 367 er··ioio
1584 325 1783 374 discusso,

358 392 494 427 coitus
526 385 677 438 pelago
709 384 834 424 flatus
866 359 1068 435 incusmit,
1101 388 1304 437 tantaque
1338 383 1511 438 propicii
1551 383 1665 425 uenti
1703 389 1784 424 sta-

359 443 494 484 bilitas
526 440 681 491 incidit,
715 446 759 480 ut
790 441 1029 494 nauigacio,
1062 454 1141 494 que
1163 445 1261 482 ante
1283 441 1420 481 dubiis
1451 441 1555 482 uelis
1582 441 1782 482 incertum

358 513 522 540 cursum
557 502 777 549 tenuerat,
822 498 1018 538 continuo
1059 498 1347 553 prosperitatis
1381 497 1524 538 ordine
1563 498 1784 539 frueretur.

355 557 422 598 Ita
461 559 609 595 nature
651 568 789 595 rerum
832 555 1082 608 temperies,
1128 569 1207 610 que
1249 570 1292 596 se
1335 560 1570 596 ceterorum
1602 556 1696 596 usui
1725 556 1786 596 in-

357 612 531 665 uiderat,
564 611 791 652 Absalonis
835 613 1043 666 respectui
1085 613 1243 653 tributa
1274 618 1346 654 est.
1408 612 1489 660 Qui
1532 613 1662 653 eciam
1694 627 1785 654 cum

356 683 509 710 nauem
541 670 652 723 regis
684 669 763 709 sibi
795 669 996 710 creditam
1027 670 1177 711 ualidis
1216 670 1478 724 tempestatis
1522 670 1786 711 incrementis

357 730 571 767 contusam
619 731 889 780 extremoque
934 727 1139 782 naufragii
1179 727 1365 781 periculo
1407 728 1685 782 propinquam
1716 727 1788 768 ad-

356 787 564 833 uerteret,
605 783 802 824 continuo
843 785 882 825 in
929 784 1042 825 littus
1088 786 1335 826 subductam
1378 786 1612 826 necessarie
1657 785 1787 826 trabis

357 841 523 883 uinculo.
566 841 729 891 refecit,
770 842 1033 896 laceramque
1074 857 1122 882 ac
1163 856 1271 896 pene
1312 842 1571 883 confractam
1615 842 1787 896 pristine

357 899 542 940 firmitati
589 898 784 941 restituit.
861 898 941 940 Sed
985 903 1025 939 et
1056 913 1273 954 prorarum
1318 900 1404 941 eius
1437 900 1672 952 cacumina,
1706 914 1786 954 quo

359 956 514 998 culcior
555 955 788 1006 incederet,
832 956 970 998 aureis
1013 957 1199 1011 apicibus
1240 958 1359 998 texit.
1422 957 1515 1005 Quo
1558 971 1631 998 rex
1675 957 1786 1012 apud

358 1013 658 1066 Ma[n]snetam
703 1017 926 1068 exceptus,
968 1014 1114 1055 Polam
1157 1014 1416 1069 prouinciam
1457 1015 1611 1056 comite
1655 1015 1787 1056 classe

359 1071 542 1127 petebat.
590 1070 738 1125 Itaque
770 1071 1073 1125 communibus,
1106 1072 1179 1113 sed
1202 1072 1389 1114 discretis
1422 1072 1579 1113 uiribus
1611 1073 1789 1113 alterum

358 1128 524 1170 Sclauie
546 1129 655 1170 latus
677 1128 788 1170 Dani
810 1128 1063 1181 inuaserant,
1096 1130 1272 1170 alterum
1297 1129 1512 1171 Teutones
1533 1130 1788 1171 lacerabant.

357 1186 653 1241 interdumque
697 1186 906 1227 exercitus
955 1187 1060 1228 alter
1107 1187 1158 1228 ab
1205 1187 1336 1229 altero
1378 1187 1561 1229 inuicem
1608 1187 1785 1243 spectari

356 1241 544 1299 polterat.
599 1243 791 1299 Cumque
814 1242 1074 1285 Teuto*num
1097 1244 1205 1286 forte
1227 1245 1428 1286 satellites
1450 1244 1621 1300 petendi
1644 1244 1787 1299 pabuli

357 1301 496 1356 gracia
528 1302 659 1343 lacius
684 1307 890 1355 euagatos
915 1301 1052 1343 Sclaui
1086 1317 1159 1356 per
1190 1302 1360 1344 insidias
1390 1303 1526 1344 adorti
1557 1303 1789 1344 interemis-

358 1366 474 1409 sent,
519 1360 678 1413 equites
718 1360 896 1401 recentis
938 1359 1085 1401 iniurie
1126 1360 1333 1401 ulcionem
1364 1359 1511 1400 audaci
1558 1359 1788 1401 calliditate

288 1430 304 1456 2
358 1418 614 1471 quesierunt.
677 1417 903 1471 Siquidem,
937 1417 1088 1458 milicie
1109 1417 1344 1472 insignibus
1367 1418 1598 1462 occultatis,
1629 1418 1788 1459 loricis-

358 1488 453 1530 que,
487 1474 636 1529 quibus
670 1488 822 1528 corpus
860 1476 1112 1525 munierant,
1143 1475 1338 1516 familiari
1380 1489 1428 1516 ac
1469 1475 1639 1516 sordidi
1670 1480 1790 1516 ueste

359 1532 492 1581 tectis,
523 1532 822 1586 pabulancium
852 1547 969 1574 more
1000 1531 1143 1586 fruges
1175 1540 1334 1574 metere
1365 1546 1446 1586 ag
1431 1533 1567 1585 ressi,
1600 1533 1789 1575 Sclauos

359 1589 538 1631 Nucleto
573 1589 693 1639 duce,
726 1589 779 1630 ad
810 1604 855 1631 se
888 1590 1206 1645 opprimendum
1240 1606 1291 1632 ex
1323 1590 1467 1631 abdito
1508 1590 1791 1644 prouolantes,

361 1648 475 1689 ocius
506 1648 687 1688 ascensis
722 1647 857 1702 equis,
898 1647 1112 1702 falcesque
1151 1648 1313 1702 glaJJdiis
1346 1653 1577 1701 mutantes,
1609 1647 1788 1689 trucida-

291 1721 306 1743 ·.
360 1709 521 1746 uerunt.
585 1704 721 1759 Caput
763 1704 934 1747 Nucleti
975 1705 1208 1747 abscissum
1251 1719 1299 1747 ac
1331 1706 1413 1760 pilo
1444 1706 1616 1746 affixum
1650 1705 1791 1759 sicque

360 1764 402 1804 in
434 1766 571 1803 castra
603 1763 809 1817 perlatum
841 1768 1008 1817 gratum
1042 1763 1258 1817 utriusque
1291 1763 1500 1804 exercitus
1541 1762 1670 1804 oculis
1701 1776 1793 1817 spe-

362 1820 575 1862 ctaculum
603 1820 784 1874 prebuit.
847 1820 970 1868 Quod
1002 1835 1095 1861 cum
1128 1820 1210 1862 filio
1246 1820 1334 1862 eius
1365 1821 1606 1869 Priszlauo‚
1638 1822 1710 1875 qui
1741 1819 1793 1860 ad

361 1878 506 1919 Dauos
550 1883 592 1918 et
625 1876 849 1919 Christiani
890 1879 993 1919 ritus
1028 1891 1168 1918 amore
1202 1883 1242 1919 et
1274 1892 1439 1932 pagane
1482 1877 1795 1933 supersticionis

361 1935 455 1977 odio
488 1935 623 1987 patria
663 1935 808 1990 pulsus
848 1936 1087 1984 transierat,
1121 1935 1319 1976 cenitanti
1358 1936 1599 1976 nunciatum
1631 1935 1794 1979 fuisset

363 1993 663 2047 aliquantisper
701 2007 870 2033 manum
919 1993 971 2034 ab
1022 1992 1125 2034 escis
1173 1998 1395 2034 retractam
1442 1992 1622 2034 demisso
1668 1992 1793 2047 capiti

363 2049 600 2103 subiiciens,
633 2049 699 2091 dci
733 2055 1065 2106 contemptorem
1089 2050 1163 2090 tali
1186 2051 1382 2106 exemplo
1404 2050 1576 2091 interire
1608 2064 1684 2104 par
1706 2063 1796 2090 esse

364 2107 551 2154 dicebat;
584 2113 865 2163 reuocatoque
898 2122 922 2149 a
955 2108 1213 2162 cogitacione
1246 2109 1405 2158 animo,
1438 2113 1682 2149 consuetam
1714 2107 1796 2148 oris

364 2179 412 2207 ac
443 2165 593 2207 mentis
626 2165 878 2207 hilaritatem
913 2179 1013 2207 cene
1047 2166 1311 2207 consortibus
1344 2165 1588 2218 exhibebat,
1619 2179 1795 2219 magnus

363 2223 571 2277 potencia,
603 2224 675 2265 sed
709 2225 842 2265 maior
875 2223 1005 2264 diuini
1045 2224 1182 2265 cultus
1226 2223 1438 2265 memoria.
1500 2221 1648 2277 Neque
1688 2223 1795 2263 enim

365 2280 440 2322 sibi
476 2285 689 2335 parentem
732 2281 971 2333 iudicabat,
1013 2295 1137 2336 quem
1168 2281 1334 2335 publice
1365 2280 1579 2334 religionis
1612 2280 1796 2321 emulum

364 2343 555 2379 nouerat.
617 2338 764 2394 Itaque
796 2339 993 2393 ambigue
1027 2339 1309 2380 estimacionis
1341 2352 1432 2380 esse
1463 2338 1621 2393 potuit,
1655 2343 1796 2379 utrum

366 2397 497 2449 magis
529 2395 681 2438 fortem
711 2396 900 2438 animum
930 2396 1125 2450 gesserit,
1158 2410 1208 2436 au
1252 2397 1361 2451 piam
1407 2410 1554 2436 uocem
1599 2395 1795 2436 emiserit.

366 2453 448 2494 Sed
479 2466 616 2508 neque
660 2454 793 2508 patrie
834 2453 928 2509 plus
961 2454 1084 2494 solito
1118 2453 1335 2504 misertus,
1369 2467 1460 2494 eam
1503 2453 1632 2493 ductu
1664 2456 1706 2493 et
1736 2453 1796 2492 in-

367 2510 603 2552 citamentis
635 2512 721 2552 suis
753 2510 930 2558 duarum
961 2511 1156 2563 gencium
1188 2511 1363 2564 predam
1394 2511 1575 2551 existere
1607 2509 1760 2563 coegit

502 2568 739 2615 Interiectis
770 2568 915 2616 diebus
947 2568 1157 2615 Henricus
1179 2568 1470 2620 Waldemaro,
1501 2567 1706 2611 sermonis
1738 2567 1797 2609 in-

1826 1261 1876 1301 ci)

1868 2884 1870 2886 '
1870 2643 1884 2855 fflt.mi—.-.n=.-
1881 2618 1884 2627 -
