1884 3126
190 928 227 955 10

186 1216 222 1242 15

185 1502 221 1529 20

183 1790 220 1817 25

180 2079 218 2106 30

180 2366 217 2394 35

179 2654 215 2682 40

265 270 347 312 434
816 287 870 293 —
929 259 1046 303 XIII
1106 283 1158 290 ——

264 395 352 437 eius
392 391 585 446 coniugio
624 388 811 454 petituri.
875 386 1069 434 Quorum
1114 385 1379 441 legacionem
1418 383 1567 426 Ericus
1609 399 1706 427 con-

262 451 561 493 trahendarum
592 447 741 487 uirium
776 459 851 500 spe
883 444 1175 486 fauorabiliter
1208 444 1378 495 habuit,
1423 443 1591 497 excepit
1623 443 1706 483 ala-

264 510 413 558 criter,
464 506 635 559 cupiens
685 503 958 544 finitimorum
1020 502 1175 542 auxilia
1237 501 1452 542 affinitatis
1505 500 1705 541 beneficio

262 577 518 620 comparare.
571 562 667 616 Ipse
690 575 871 616 quoque,
899 559 1017 601 bellis
1051 561 1187 601 ocium
1220 558 1611 613 interpellantibus,
1633 558 1705 599 ad-

259 624 341 664 huc
386 620 580 674 coniugio
628 632 810 669 uacuus,
857 631 1083 658 nouercam
1128 617 1295 671 Magni,
1333 615 1702 682 Noruagiensium

261 679 473 734 quondam
504 677 703 731 reginam,
738 679 886 730 utpote
920 675 1071 740 dignus
1105 675 1183 715 hac
1215 675 1465 729 nupciarum
1498 674 1705 716 uicissitu-

261 737 368 790 dine,
401 735 574 776 fauente
608 734 796 775 eiusdem
830 733 1043 787 priuigno,
1077 734 1263 787 suscepit
1294 745 1486 773 uxor.em

398 793 467 847 Hy
457 792 610 834 bernis
644 793 785 846 itaque
818 805 893 845 pei
926 792 1111 845 quietem
1161 791 1343 838 exactis,
1388 790 1576 831 recidiua
1607 790 1707 832 belli

258 855 488 906 tempestas
513 849 717 891 efferbuit.
756 848 865 889 Nam
884 848 1085 889 Nicolaus
1111 849 1357 889 occasiuum
1374 848 1510 891 Danie
1532 848 1706 890 militem

259 908 556 959 contrahebat3
590 907 752 960 Ericus,
786 906 1049 956 Christicrni,
1082 906 1423 960 splendidissimo
1456 906 1564 948 inter
1585 906 1705 948 Iutos

257 969 350 1008 loco
383 966 482 1019 nati,
514 965 729 1019 promissis
764 969 960 1016 erectus,
1006 964 1192 1006 Orientis
1225 964 1384 1005 auxilia
1416 978 1559 1019 pugne
1593 978 1705 1005 com-

254 1029 387 1080 parat.
429 1024 471 1065 Is
509 1023 654 1077 Magni
685 1021 778 1064 odio
812 1037 836 1063 a
868 1021 1046 1063 Nicolao
1079 1021 1302 1074 deficiens,
1337 1023 1460 1063 enixe
1494 1036 1539 1064 se
1576 1022 1702 1064 Erico

255 1082 484 1123 affuturum
516 1080 815 1135 spoponderat.
868 1080 1021 1121 Petrus
1055 1093 1172 1134 uero,
1204 1080 1565 1135 Roskyldensium
1599 1094 1704 1135 pon-

254 1140 371 1192 tifex,
405 1139 573 1181 Ericum
606 1152 797 1193 corpore,
831 1137 1056 1178 Nicolaum
1088 1138 1227 1179 animo
1260 1137 1558 1191 comitabatur,
1590 1142 1705 1179 metu

253 1198 454 1247 alterum,
495 1197 675 1237 alterum
721 1197 898 1237 caritate
943 1195 1199 1251 complexus.
1261 1195 1344 1237 Sed
1378 1195 1551 1237 Haraldi
1585 1198 1705 1238 fauor

255 1257 365 1297 inter
404 1255 602 1295 ruborem
650 1259 691 1295 et
733 1253 873 1294 odium
919 1255 1037 1294 uarie
1080 1254 1312 1295 fluctuatus
1352 1258 1427 1296 est.
1488 1253 1547 1294 Vt
1593 1254 1703 1296 enim

255 1313 420 1355 Nicolai
452 1316 591 1354 castra
623 1311 866 1352 uerecunda
898 1311 1070 1366 pudoris
1103 1311 1383 1353 meditacione
1421 1312 1604 1363 uitabat,
1645 1313 1702 1353 ita

253 1371 393 1412 fratris
412 1371 692 1425 prelacionem
712 1383 786 1424 per
792 1383 903 1421 osus,
927 1370 1121 1411 miliciam
1141 1370 1229 1411 eius
1247 1369 1406 1411 inuidia
1425 1370 1700 1412 detrectabat.

254 1429 405 1483 Itaque
428 1433 571 1483 paites
595 1428 682 1468 eius
706 1441 799 1467 cum
833 1427 1000 1469 duobus
1032 1432 1222 1482 spectate
1255 1427 1406 1469 indolis
1437 1428 1531 1469 filiis
1562 1428 1701 1494 specie

252 1487 387 1541 magis
421 1500 547 1541 quam
589 1485 881 1526 beniuolencia
924 1486 1273 1541 prosequebatur.
1336 1485 1486 1541 Neque
1520 1487 1630 1527 enim
1664 1486 1701 1528 ei

253 1544 419 1599 parcius
451 1543 678 1585 aduersum
712 1557 982 1597 germanum,
1015 1558 1039 1584 a
1072 1558 1156 1598 quo
1189 1558 1236 1585 se
1268 1544 1309 1584 in
1339 1545 1458 1598 regni
1489 1544 1700 1599 peticione

253 1606 498 1657 superatum
543 1598 750 1656 uildebat,
792 1615 920 1656 quam
952 1602 993 1642 in
1025 1602 1165 1643 fratris
1208 1601 1522 1643 interfectorem
1555 1602 1699 1643 odium

254 1664 356 1702 e.rat
406 1659 575 1701 Interea
608 1658 905 1708 Christiernus,
940 1660 1275 1702 necessariorum
1307 1674 1436 1700 manu
1468 1663 1698 1705 contracta,

252 1717 342 1758 acie
373 1731 518 1771 regem
551 1717 725 1772 aggredi
757 1718 983 1758 statuebat.
1047 1717 1178 1759 Cuius
1210 1717 1412 1759 Nicolaus
1444 1731 1527 1759 non
1561 1719 1699 1759 solum

253 1775 509 1827 defeccione,
541 1775 614 1816 sed
647 1776 777 1816 eciam
811 1775 951 1816 hostili
999 1775 1226 1818 molicione
1260 1779 1497 1829 comperta,
1539 1777 1697 1831 copias,

253 1847 356 1888 quas
374 1832 597 1874 aduersum
615 1833 759 1874 hostes
783 1838 1066 1886 contraxerat,
1088 1834 1195 1874 inter
1219 1833 1412 1875 naualem
1435 1838 1698 1875 terrestrem-

252 1905 333 1946 que
380 1892 560 1946 partitur
607 1892 853 1932 exercitum.
918 1891 1027 1939 Quin
1076 1891 1208 1932 eciam
1253 1890 1560 1933 Christiernum
1608 1893 1697 1933 acie

251 1949 446 2004 excipere
487 1954 631 2003 parat,
671 1949 873 2002 Magnum
915 1950 1043 1990 classi
1081 1949 1314 2004 prefectum
1354 1949 1479 1990 Erico
1522 1949 1696 1991 obuium

251 2007 448 2049 destinat.
510 2007 603 2047 Iam
635 2020 736 2047 uero
771 2006 919 2048 Ericus
950 2007 1002 2047 ad
1034 2007 1238 2060 insulam,
1284 2008 1348 2048 cui
1380 2006 1486 2061 Syra
1527 2022 1695 2061 nomen,

248 2066 486 2120 appulerat.
549 2063 643 2111 Quo
685 2065 903 2118 ignorato,
946 2063 1185 2119 Magnus,*
1227 2079 1329 2106 aura
1371 2078 1496 2119 quam
1538 2071 1694 2107 euentu

250 2121 531 2178 prosperiore,
565 2122 616 2162 ab
641 2121 796 2163 Arusia
817 2123 957 2171 soluit,
991 2123 1254 2177 nauigiisque
1287 2123 1378 2164 aliis
1411 2122 1494 2163 alia
1526 2137 1695 2178 precur-

249 2181 466 2233 rentibus,
508 2193 654 2236 sparsa
694 2180 1060 2235 incompositaque
1106 2180 1239 2222 classe
1281 2181 1500 2235 processit.
1564 2180 1695 2222 Cuius

248 2238 396 2280 Ericus
429 2238 619 2280 aduentu
652 2239 916 2292 precognito,
949 2238 1063 2279 scafa
1095 2244 1313 2293 exceptus,
1346 2252 1459 2279 nunc
1489 2238 1694 2293 singulos,

249 2310 360 2337 nunc
390 2296 615 2341 uniuersos
648 2294 787 2336 classis
820 2310 894 2337 sue
926 2310 981 2336 m
971 2303 1101 2351 rgisti
1106 2310 1173 2346 os,
1218 2296 1488 2350 maximeque
1520 2297 1694 2337 Petrum

247 2358 290 2394 et
311 2353 562 2406 Haraldum,
595 2360 772 2413 quorum
797 2354 967 2394 dubiam
990 2358 1313 2409 suspectamque
1339 2353 1466 2394 fidem
1499 2354 1694 2407 habebat,

246 2411 571 2466 impensioribus
612 2419 758 2466 pugne
802 2411 1077 2453 hortamentis
1120 2412 1331 2452 sollicitat
1392 2411 1541 2465 Neque
1585 2412 1692 2453 enim

247 2474 422 2523 repente
449 2482 545 2511 cum
568 2475 658 2512 tota
681 2470 705 2510 IN
729 2469 826 2522 agni
859 2471 992 2510 classe
1025 2483 1192 2510 manum
1225 2483 1447 2511 conserere
1481 2470 1692 2523 cupiebat,

248 2527 320 2567 sed
352 2527 534 2582 nauigia,
568 2531 614 2568 ut
641 2528 794 2582 cuique
817 2526 1008 2567 celeritas
1031 2541 1198 2568 cursum
1221 2526 1410 2579 dederat,
1443 2527 1692 2568 accedencia

247 2583 460 2638 sigillatim
485 2591 709 2627 nautarum
741 2584 1023 2626 internicione
1054 2585 1251 2626 uastauit.
1296 2585 1489 2632 Quorum
1511 2584 1691 2637 Magnus

247 2643 405 2684 eminus
439 2643 626 2697 pericula
657 2585 926 2699 specihvatus,
958 2642 1187 2696 confestim,
1221 2643 1400 2684 demisso
1433 2643 1543 2695 uelo,
1575 2644 1690 2684 naui-
