1884 3126
114 917 148 943 lo

112 1208 146 1234 15

109 1499 146 1526 20

738 271 789 279 -
852 250 969 293 XIII
1033 275 1080 282 -
1558 242 1641 295 423

184 379 398 433 concione,
431 379 649 423 Kanutum
684 381 802 423 iubet
833 381 1002 424 accersi.
1066 380 1148 430 Qui
1178 395 1273 422 cum
1298 380 1412 437 prior
1445 381 1641 436 prestitu-

185 443 273 479 tum
306 437 560 494 frelquencie
592 440 727 482 locum
761 439 930 488 adisset,
963 440 1279 495 superuenienti
1320 439 1457 494 patrio
1489 439 1642 481 Teuto-

184 496 275 538 nice
308 498 519 539 comitatis
554 512 667 539 more
697 498 828 553 pallio
852 512 1011 539 uacuus
1033 498 1202 539 obuiam
1225 498 1418 551 accurrit,
1451 512 1643 553 equoque

185 554 509 597 descendentem
562 556 813 598 continende
864 556 966 597 selle
1018 556 1248 597 ministerio
1292 561 1519 598 ueneratus
1565 561 1640 598 est.

182 612 301 654 Tunc
343 613 546 655 Nicolaus
591 613 672 655 fari
712 614 755 655 in
795 614 993 656 concione
1037 628 1212 656 exorsus
1254 614 1396 667 docet,
1436 614 1642 657 Suenonis

182 671 290 713 filios
331 672 374 712 in
418 673 538 726 regni
581 672 774 726 gestione
817 673 942 714 etatis
985 673 1186 727 precipue
1219 677 1457 727 respectum
1489 672 1641 727 egisse,

183 730 455 771 successionis
497 730 688 771 habitum
730 731 854 772 etatis
885 730 1031 772 ordine
1064 731 1352 785 dispensasse,
1394 730 1640 772 dominandi

184 788 247 828 ius
297 789 340 829 in
392 802 599 830 annorum
645 789 922 844 prerogatiua
969 789 1255 841 constituisse,
1304 803 1443 844 neque
1490 789 1640 830 minori

185 846 388 887 maiorem
421 846 577 889 honore
610 861 856 902 precurrere
889 847 1068 889 licuisse.
1131 847 1415 895 Quamobrem
1449 856 1560 900 sese,
1593 852 1640 889 ut

180 909 282 945 natu
316 905 559 958 minimum,
592 906 652 947 ita
684 907 817 947 eciam
849 920 980 960 regno
1014 909 1301 960 postremum,
1334 905 1521 947 fraterne
1553 920 1641 948 mo-

184 962 421 1004 deracionis
469 965 667 1018 exemplo
713 965 871 1005 nullam
920 964 1088 1005 fortune
1136 963 1387 1005 uiolenciam
1434 964 1639 1017 intulisse,

182 1026 501 1076 expectatorem
546 1022 740 1064 beneficii
782 1023 896 1075 eius,
938 1036 1024 1063 non
1065 1020 1292 1077 rass'ptorem
1323 1022 1470 1075 fuisse,
1503 1037 1640 1078 neque

181 1079 234 1120 ad
266 1080 612 1135 intempestiuum
636 1082 738 1122 etati
760 1081 927 1122 culmen
951 1095 1099 1122 manus
1121 1095 1379 1136 prepropera
1401 1081 1639 1136 porrexisse

181 1137 390 1192 cupidine.
440 1137 661 1180 Kanutum
683 1153 798 1192 uero,
830 1153 979 1194 parum
1002 1139 1190 1194 priorum
1212 1139 1412 1194 exempla
1433 1144 1638 1191 secutum,

179 1195 339 1237 uiolato
369 1197 674 1252 speciosissime
706 1197 1022 1238 consuetudinis
1054 1197 1226 1250 habitu,
1271 1198 1391 1251 r·egni
1423 1197 1509 1250 ius,
1543 1212 1638 1239 cum

181 1268 225 1295 ie
247 1254 428 1296 necdum
451 1260 591 1310 queat,
615 1257 905 1311 appellacione
927 1269 1192 1310 precerpere,
1222 1256 1436 1310 singulare
1458 1256 1639 1297 nominis

180 1312 344 1366 insigne
376 1313 554 1355 celelius
576 1328 701 1369 quam
734 1315 883 1355 iustius
907 1328 1124 1369 occupar,e
1158 1314 1327 1368 iamque
1355 1328 1380 1355 a
1412 1314 1496 1354 suis
1529 1314 1637 1355 falso

180 1371 292 1424 regis
325 1372 446 1412 titulo
479 1373 639 1413 censeri
670 1387 753 1413 non
787 1372 1056 1425 er‘3ubesce1e
1090 1372 1323 1414 consulcius
1356 1376 1572 1424 actur,um
1604 1372 1639 1414 si

180 1430 387 1483 regnandi
427 1429 643 1471 fortunam
686 1445 768 1471 non
801 1432 843 1472 in
876 1445 1048 1472 suorum
1083 1430 1353 1482 adulacione,
1386 1430 1458 1471 sed
1492 1431 1534 1471 in
1565 1445 1638 1472 ex-

180 1488 329 1529 stantis
351 1488 489 1529 adhuc
511 1489 621 1543 regis
654 1503 801 1530 occasu
833 1503 1050 1544 reponere,
1084 1494 1381 1544 maturumque
1415 1489 1638 1542 prestolari

181 1544 307 1586 decus
348 1560 475 1601 quam
518 1546 867 1602 intempestiuum
901 1548 1121 1602 preripere
1165 1547 1324 1588 mallet.
1386 1546 1466 1601 His
1510 1552 1637 1602 atque

180 1605 469 1645 consentaneis
508 1605 641 1647 modis
688 1606 804 1660 regie
848 1606 926 1647 sibi
957 1605 1291 1660 nuncupacionis
1334 1605 1499 1660 insigne
1531 1605 1637 1661 eripi

181 1663 451 1716 querebatur.

319 1720 438 1762 Tunc
483 1735 694 1776 exurgens
727 1721 923 1763 Kanutus
964 1722 1036 1762 diu
1069 1722 1234 1763 uultum
1278 1721 1396 1762 humi
1427 1722 1635 1763 intentum

107 1792 143 1819 25
175 1777 336 1823 habuit,
360 1779 610 1834 dicendique
633 1780 855 1822 exordium
876 1781 1182 1835 aliquantisper
1199 1779 1350 1821 sudore
1382 1784 1423 1821 et
1449 1780 1636 1834 suspiriis

107 2084 144 2112 30

109 2374 146 2402 35

180 1838 451 1890 precucurrit.
501 1837 690 1879 Tandem
715 1844 756 1879 et
780 1838 923 1879 oculos
946 1843 987 1879 et
1016 1838 1204 1879 animum
1227 1838 1374 1879 leuans
1407 1838 1636 1893 gladiique,

177 1901 223 1934 ut
266 1909 356 1936 mos
397 1901 483 1947 est,
529 1897 680 1951 capulo
712 1896 906 1948 innixus,
939 1896 1149 1948 Peccant,
1183 1896 1344 1951 inquit,
1378 1901 1522 1951 pater,
1564 1897 1637 1951 qui

177 1953 509 1995 moderacionem
553 1959 691 2006 tuam,
733 1969 860 2010 supra
903 1954 1015 2010 quod
1060 1959 1132 1996 aut
1175 1954 1385 1995 maiestati
1426 1958 1499 1995 aut
1533 1955 1637 1996 etati

177 2011 317 2062 debes,
353 2018 621 2067 exasperant,
655 2013 811 2069 quique
844 2013 1111 2067 pacatissime
1145 2012 1296 2054 mentis
1330 2017 1400 2053 tue
1439 2026 1636 2054 serenum

177 2069 492 2111 mendaciorum
509 2072 700 2125 procellis
722 2072 911 2117 incitant.
931 2071 1292 2112 obtrectacionum
1312 2070 1443 2112 sibilis
1460 2076 1634 2112 uexant.

179 2127 263 2168 Sed
296 2134 492 2169 onustum
518 2129 642 2171 michi
666 2129 791 2171 ualde
819 2134 894 2181 est,
928 2129 1042 2184 quod
1070 2129 1387 2184 integerrimam
1422 2129 1551 2170 animi
1574 2129 1636 2170 tui

180 2187 508 2239 temperanciam
543 2188 703 2243 aliquid
736 2187 789 2228 ab
821 2188 1078 2229 alienissima
1110 2188 1187 2229 tibi
1219 2187 1438 2228 iracundia
1470 2192 1636 2228 mutua-

180 2249 264 2283 tam
299 2248 340 2284 et
372 2246 492 2298 quasi
523 2246 688 2287 sinistro
721 2246 899 2287 racionis
931 2246 1060 2287 ductu
1092 2251 1374 2286 transuersam
1408 2245 1509 2286 ferri
1540 2259 1635 2286 con-

179 2302 323 2355 spicio.
386 2302 557 2357 Reiice,
591 2318 744 2359 queso,
793 2318 1003 2358 nugarum
1045 2308 1238 2345 auctores
1271 2303 1529 2344 mendaciter
1562 2302 1635 2344 ob-

178 2365 427 2414 strepentes,
461 2362 651 2417 falseque
684 2362 805 2404 huius
838 2362 1147 2403 criminacionis
1184 2363 1434 2417 figmentum
1466 2374 1633 2416 respue.

179 2417 328 2472 Neque
361 2419 473 2459 enim
507 2420 706 2462 iniurioso
739 2420 815 2461 tibi
837 2421 1005 2461 nomine
1037 2420 1197 2461 censeri
1219 2420 1419 2461 sustineo.
1470 2418 1634 2460 Herum

180 2490 247 2516 me
280 2476 376 2527 mei,
410 2491 497 2518 non
528 2492 670 2532 regem
703 2477 933 2533 appellant.
996 2478 1150 2533 Itaque
1181 2492 1277 2519 cum
1312 2492 1337 2518 a
1369 2476 1532 2518 Sclauis
1565 2476 1635 2519 do-

181 2534 330 2585 milnus
361 2534 536 2576 salutari
567 2536 880 2584 consueuerim,
911 2536 1070 2577 sinistri
1113 2540 1229 2577 tante
1261 2535 1472 2576 comitatis
1503 2534 1631 2576 inter-

181 2597 321 2646 pretes
353 2592 489 2634 aliene
523 2594 773 2635 urbanitatis
805 2594 1022 2635 occasione
1054 2593 1382 2635 insimulacionis
1414 2592 1634 2634 materiam

111 2662 148 2690 40
181 2654 472 2707 aucupantur,
502 2651 667 2707 ipsique
700 2651 989 2698 ueneracionis
1019 2651 1159 2699 officia
1189 2650 1470 2707 negligentes,
1502 2650 1636 2693 eciam

1698 459 1725 484 p.
1745 451 1797 477 633

1694 1030 1787 1066 (237)

1687 2553 1714 2577 p.
1741 2545 1792 2571 634
