1884 3126
733 263 783 268 ——
844 239 960 281 XIII
1023 264 1072 269 —
1552 238 1635 279 439

179 368 386 411 relictum.
419 367 543 411 Adeo
567 367 736 410 obliuiis
758 367 947 410 animum
969 367 1191 410 festinacio
1213 367 1418 424 implicat.
1465 366 1635 434 Quippe

180 441 263 483 quo
298 428 565 482 occupacius,
598 427 678 469 hoc
709 427 1001 482 negligencius
1024 427 1257 468 humanum
1290 441 1383 469 esse
1414 426 1636 482 ingenium

182 486 415 527 consueuit.
479 485 733 541 Quanquam
766 499 870 527 uero
903 485 1206 551 prestolacioni
1227 485 1463 540 periculum
1493 484 1634 526 inesse

180 558 265 586 non
313 543 552 598 dubitaret,
599 543 818 599 sanguinis
870 549 1015 584 tamen
1066 544 1132 584 sui
1180 541 1338 610 culram
1389 542 1636 585 deformiter
1690 549 1790 581 p·654

133 612 149 639 5
180 602 362 644 abiicere
392 615 543 656 passus
588 615 674 644 non
717 605 792 644 est.
854 601 995 643 Missis
1026 600 1179 655 igitur,
1212 602 1283 657 qui
1315 601 1636 643 adolescentem

180 660 448 715 exciperent,
491 659 704 702 tarditatis
745 659 984 701 molestiam
1027 659 1182 700 eximia
1222 660 1298 701 filii
1330 659 1503 702 caritate
1536 672 1635 700 con-

180 719 363 774 tempsit.
409 718 505 767 Quo
530 717 544 773 ΙΙ
568 719 708 772 allato,
740 719 782 760 in
813 718 947 760 altum
969 718 1188 773 processit.
1233 718 1448 768 Diluculo,
1480 717 1633 773 quibus
1688 722 1782 757 (246)

180 777 293 819 Erici
337 791 437 818 cura
479 777 683 818 mandata
724 776 890 828 fuerat,
933 775 1114 832 pulsatis
1146 776 1324 831 hospicii
1354 776 1537 829 foribus,
1581 789 1635 816 an

180 836 422 878 hesternam
455 835 596 877 adhuc
616 835 917 877 temulenciam
940 848 1026 875 non
1049 833 1330 888 discussisset,
1354 835 1634 888 interrogant.

118 903 149 930 10
181 893 362 935 Nomine
397 907 499 935 uero
531 908 784 949 responsum
818 893 984 946 edente,
1018 893 1316 935 taciturnitatis
1348 893 1633 935 admiracione

181 952 337 994 crebris
361 952 403 993 id
426 953 563 1008 ipsum
597 952 847 994 clamoribus
871 955 1198 1007 prosequuntur.
1245 951 1436 993 Tandem
1459 951 1633 993 silencio

179 1011 382 1064 attoniti,
416 1010 630 1052 conuulsis
669 1011 830 1062 ianuis,
865 1023 1046 1051 uacuam
1078 1009 1318 1065 hospitibus
1361 1009 1484 1051 edem
1514 1010 1632 1050 inue-

179 1069 315 1111 niunt.
378 1069 416 1109 A
450 1069 601 1123 quibus
632 1067 755 1109 uafre
786 1068 863 1110 sibi
894 1068 1067 1108 illusum
1095 1068 1394 1121 uociferantes,
1429 1072 1634 1110 euentum

181 1127 349 1169 domino
382 1126 535 1181 trepidi
582 1126 799 1168 nunciant.
864 1126 960 1180 Qui,
992 1126 1187 1179 protinus
1218 1126 1351 1181 petito
1386 1126 1530 1168 littore
1562 1125 1633 1167 de-

114 1197 148 1224 15
180 1186 408 1240 tractisque
440 1185 479 1226 in
514 1185 645 1226 altum
679 1185 874 1240 nauigiis,
907 1184 1104 1238 fugacem
1135 1185 1332 1240 intercipi
1363 1184 1495 1227 iubet.
1539 1183 1632 1232 Que

182 1258 292 1295 cum,
313 1244 479 1285 uiciatis
501 1243 719 1294 lateribus,
743 1244 950 1284 undarum
972 1243 1099 1297 plena
1123 1243 1399 1298 conspiceret,
1421 1242 1632 1284 subducta

179 1302 296 1344 refici
329 1302 504 1343 curauit.
554 1300 797 1357 Iisdemque
829 1315 994 1343 rursum
1026 1301 1065 1341 in
1099 1315 1216 1342 mare
1249 1301 1444 1354 detrusis,
1478 1300 1530 1342 ad
1563 1314 1631 1342 ac-

181 1359 449 1402 celerandam
490 1360 813 1415 nauigacionem
855 1360 953 1400 uelo
988 1359 1145 1414 pariter
1188 1373 1237 1400 ac
1268 1359 1393 1401 remis
1425 1359 1631 1401 incubuit.

180 1419 302 1460 Adeo
337 1418 589 1473 promissum
620 1419 663 1459 in
694 1423 872 1461 mortem
894 1417 1006 1459 Erici
1038 1418 1246 1473 premium
1277 1417 1518 1460 affectabat.
1563 1417 1633 1458 In-

112 1487 149 1514 20
180 1482 298 1518 terea
344 1476 494 1518 Ericus
541 1476 746 1530 grandem
790 1476 933 1532 pelagi
987 1480 1150 1530 partem
1205 1490 1428 1529 emensus,
1477 1489 1632 1530 magno

182 1535 350 1576 hostem
382 1534 606 1577 interuallo
636 1541 920 1590 precesserat,
953 1533 1143 1590 ideoque
1167 1534 1290 1576 facile
1321 1535 1374 1576 ab
1395 1535 1632 1601 ‘insequen-

181 1594 294 1635 tibus
337 1593 538 1648 occupari
578 1593 796 1645 nequibat
860 1591 1051 1647 Cumque
1084 1593 1264 1646 Magnus
1306 1593 1632 1648 nauigacionem

181 1651 330 1693 diutile
372 1657 534 1706 gestam
566 1652 776 1706 propositi
807 1651 967 1692 irritam
1002 1650 1382 1705 animaduerteret,
1427 1655 1630 1692 reuocato

180 1710 378 1764 remigio,
425 1709 598 1750 domurn
645 1709 835 1751 reuertit.
912 1708 1061 1750 Ericus
1109 1723 1212 1750 uero
1259 1708 1506 1751 fidissimam
1552 1708 1632 1750 sibi

111 1777 146 1804 ‘25
177 1767 430 1810 Lalandiam
461 1772 681 1834 iepetens,
725 1768 950 1822 intercepti
981 1767 1176 1809 Vbbonis
1211 1767 1466 1823 suspendio,
1501 1781 1631 1822 quem

181 1825 382 1868 Nicolaus
414 1826 624 1867 minorum
658 1826 890 1867 insularum
924 1825 1160 1880 prefectum
1194 1830 1436 1878 creauerat,
1468 1826 1630 1866 clarum

178 1883 340 1925 reditus
373 1884 436 1925 sui
477 1884 678 1925 indicium
713 1883 851 1925 dabat.
913 1883 1075 1925 Audito
1109 1883 1287 1935 deinde,
1322 1898 1466 1938 regem
1499 1882 1630 1924 diuini

178 1943 331 1984 natalis
365 1941 490 1996 die[s]
516 1942 682 1984 Lundie
713 1942 857 1984 feriari
889 1941 1061 1994 debere,
1094 1942 1325 1983 aduentum
1359 1943 1461 1992 eius,
1495 1941 1630 1996 petita

179 2000 352 2050 Scania,
395 2001 676 2055 precucurrit,
718 2005 936 2056 totamque
977 2000 1083 2055 regii
1121 2005 1352 2056 apparatus
1393 2002 1630 2055 impensam

109 2069 146 2097 30
177 2060 394 2114 preripuit.
477 2058 603 2107 Quod
655 2058 830 2100 audiens
881 2060 926 2100 in
977 2058 1194 2101 Sialandia
1245 2073 1352 2113 rex,
1414 2058 1628 2100 alimentis

179 2117 349 2172 publica
385 2116 753 2159 administracione
795 2117 1050 2171 contractis,
1093 2117 1328 2173 procedere
1375 2116 1626 2173 supersedit.

179 2174 325 2216 Estate
365 2188 494 2224 uero,
534 2181 677 2231 preter
719 2173 979 2230 Scani<c>am
1021 2176 1132 2216 omni
1166 2175 1332 2216 Danica
1364 2176 1497 2217 classe
1530 2188 1627 2216 con-

178 2238 333 2284 tracta,
380 2232 433 2274 ad
475 2233 628 2275 Fotam
670 2234 806 2275 sinum
846 2233 1032 2288 appulit,
1064 2233 1389 2289 pedestremque
1418 2235 1422 2284 Ι
1451 2237 1628 2289 propter
1681 2242 1776 2275 9-655

179 2292 297 2332 littus
330 2292 463 2332 aciem
495 2292 656 2333 statuit.
719 2292 814 2339 Que
847 2305 940 2332 cum
973 2292 1218 2334 centuriatis
1249 2306 1481 2358 parumper
1515 2290 1626 2332 ordi-

109 2359 145 2387 35
176 2349 299 2391 nibus
346 2350 624 2399 constitisset,
671 2349 931 2391 aduentante
982 2350 1130 2403 Erico,
1183 2351 1372 2391 excitum
1420 2363 1626 2405 equorum

178 2407 345 2474 ungulis
379 2408 600 2462 puluerem
632 2408 674 2449 in
706 2409 892 2462 speciem
922 2408 1078 2450 nebule
1102 2409 1266 2449 eminus
1291 2408 1496 2450 exhalare
1529 2421 1627 2449 con-

177 2466 382 2521 spic-iens,
427 2466 632 2520 paulatim
674 2466 726 2507 ad
768 2480 899 2507 naues
943 2466 1122 2521 gradum
1162 2466 1315 2508 retulit
1386 2463 1469 2506 Sed
1516 2465 1626 2507 inter

178 2523 362 2564 eundum
407 2523 678 2565 aduentantis
719 2524 934 2579 equitatus
965 2524 1134 2590 fragore
1166 2524 1381 2578 perculsa
1413 2523 1626 2565 incessum

177 2581 230 2622 ad
260 2581 406 2635 fugam
437 2582 659 2623 conuertit.
722 2581 861 2629 Quam
892 2583 1198 2636 superueniens
1231 2580 1400 2632 Ericus,
1442 2580 1626 2636 fortuna,

107 2651 144 2681 40
174 2653 257 2682 non
290 2639 423 2697 prelio
456 2644 713 2698 superatam,
745 2640 917 2699 impune
949 2639 1111 2694 cecidit,
1142 2640 1504 2698 incruentamque,
1545 2638 1624 2683 deo
