1884 3126
75 883 106 909 10

73 1462 109 1490 20

76 2046 112 2072 30

76 2334 113 2362 35

77 2626 115 2653 40

713 243 767 249 -—
827 217 893 260 VI
955 243 1007 248 ——
1497 223 1576 265 193

195 345 284 388 Ora
315 358 509 401 premens
540 359 700 401 pugno,
733 350 910 389 contusa
941 361 1042 389 nare
1074 362 1263 391 cruorem

194 403 354 457 Eliei03
390 408 491 445 tunc
521 403 642 445 labra
674 404 794 446 malis
825 410 997 447 assueta
1028 406 1237 449 cachinnis
1648 418 1738 450 (109)

195 461 413 517 Sanguine
445 461 658 517 permixto
689 462 913 518 lachrymis
944 463 1159 517 maduere,
1190 465 1352 520 luitque

196 520 361 562 Stultus
393 532 523 572 amor,
556 519 756 576 quicquid
788 520 952 562 blandis
985 521 1191 564 commisit
1223 524 1375 565 ocellis.

194 578 366 620 Luserit
396 577 559 629 infelix,
594 592 675 634 que
710 592 809 621 ceca
839 579 1012 622 libidine
1043 580 1175 622 fertur

196 636 317 678 More
348 635 526 678 furentis
559 651 683 692 eque,
714 637 945 692 sepelitque
977 637 1171 693 cupidine
1201 639 1391 683 formam.

197 694 408 736 Gentibus
441 695 629 736 externis
662 697 804 750 precio
839 696 983 738 uenire
1015 697 1200 748 mereris,

195 753 339 808 Digna
368 753 495 806 mola,
527 753 570 794 ni
601 757 644 794 te
675 753 781 795 falso
815 754 967 809 probet
998 754 1282 797 insimulatam

195 810 376 853 Elicitus
405 810 595 853 mammis
629 825 765 865 cruor,
801 817 1096 868 expui-yetque
1126 818 1290 855 reatum
1466 859 1469 862 ,
1622 832 1745 862 ιΝιῃι,

195 869 314 910 Vber
344 870 467 924 inops
497 869 632 911 lactis.
694 870 754 911 At
785 884 864 925 ego
898 875 940 913 te
973 871 1153 912 criminis
1186 872 1309 913 huius

196 927 394 969 Arbitror
425 928 668 980 immunem,
699 927 774 969 sed
807 929 894 970 noli
926 928 1174 984 suspicionis

196 985 326 1027 Ferre
358 989 493 1039 notas,
524 989 599 1028 aut
631 991 674 1028 te
706 985 823 1028 falsis
855 987 1098 1042 permittere
1130 987 1296 1043 linguis,

195 1043 251 1085 Et
281 1043 392 1085 male
425 1043 682 1099 carpendam
711 1045 868 1100 populo
901 1049 1092 1100 prestare
1123 1045 1303 1101 loquaci.

195 1101 361 1144 Rumor
394 1102 517 1144 obest
548 1102 706 1156 multis,
738 1103 963 1158 nocuitque
997 1103 1170 1145 infamia
1201 1103 1398 1146 mendax

196 1160 381 1202 Fallitur
412 1160 567 1215 exiguo
601 1161 789 1216 uulgaris
822 1161 964 1216 opinio
998 1161 1124 1204 dicto.

199 1217 331 1260 Defer
362 1218 467 1272 auis,
499 1232 707 1261 uenerare
739 1223 895 1274 patres,
928 1233 1089 1261 memor
1122 1223 1212 1263 esto
1244 1223 1477 1274 parentum,

201 1275 256 1317 Et
287 1289 472 1331 proauos
504 1277 654 1319 metire
686 1279 805 1331 tuos,
836 1281 919 1319 stet
950 1278 1083 1332 gloria
1115 1277 1240 1320 carni.

201 1334 306 1382 Quis
336 1334 454 1376 furor
484 1334 685 1377 incessit?
717 1334 828 1390 quod
860 1339 915 1387 te,
948 1335 1068 1377 faber
1097 1335 1298 1391 improbe,
1331 1335 1464 1376 fatum

201 1392 375 1448 Impulit
404 1393 633 1447 ingenuam
665 1397 829 1434 tentare
862 1393 1057 1449 cupidine
1089 1393 1291 1449 stirpem?

198 1450 288 1492 Aut
319 1451 412 1506 quis
444 1455 499 1504 te,
531 1452 666 1507 uirgo,
699 1451 818 1492 claris
851 1451 1095 1507 dignissima
1125 1451 1281 1503 fulcris,

199 1508 300 1564 Egit
330 1510 370 1550 in
405 1508 629 1551 obscuram
660 1507 886 1551 Venerem.
947 1509 1040 1563 Dic,
1073 1523 1155 1565 quo
1187 1514 1307 1564 potes
1339 1523 1444 1550 ausu

200 1566 259 1608 Os
291 1567 475 1610 cinerem
506 1567 704 1609 redolens
735 1569 869 1609 roseis
900 1571 1072 1623 gustare
1104 1567 1279 1621 labellis,

198 1624 282 1667 Vel
312 1624 431 1667 fedas
465 1626 647 1668 carbone
677 1639 827 1667 manus
858 1627 899 1668 in
931 1629 1102 1682 pectore
1132 1626 1253 1679 ferre,
1639 1649 1665 1673 p.
1685 1640 1735 1667 200

200 1684 263 1725 Ac
294 1683 417 1726 lateri
447 1684 611 1726 sociare
643 1688 716 1725 tuo
747 1685 967 1726 uersancia
998 1698 1154 1739 prunas

199 1741 395 1795 Brachia,
426 1746 468 1784 et
499 1742 671 1784 assidua
701 1741 873 1784 duratas
904 1741 1062 1798 forcipe
1095 1742 1255 1797 palmas

201 1799 381 1841 Sinceris
414 1799 619 1842 adhibere
650 1800 783 1854 genis,
814 1813 1090 1856 sparsumque
1122 1800 1267 1841 fauilla

203 1857 438 1913 Complecti
470 1863 609 1914 eaput,
641 1862 682 1900 et
706 1858 847 1900 nitidis
881 1858 1081 1900 mandare
1112 1857 1311 1900 lacertis?

203 1916 374 1964 Quanta
406 1917 459 1958 sit
488 1917 531 1959 in
562 1916 738 1969 cunctis,
770 1917 953 1971 memini,
986 1916 1189 1959 distancia
1218 1915 1359 1970 fabris,

203 1975 318 2016 Ictus
349 1974 401 2015 ab
434 1975 499 2017 his
532 1974 756 2030 quondam.
818 1974 984 2017 Nomen
1017 1975 1174 2030 quippe
1218 1974 1411 2016 omnibus
1455 1987 1583 2014 unum

203 2032 343 2074 Officii
375 2046 598 2075 commune
629 2037 785 2084 manet,
816 2034 889 2075 sed
922 2036 1095 2088 pectora
1127 2033 1306 2074 subsunt

202 2090 388 2145 Ingeniis
422 2091 603 2133 discreta
634 2092 734 2134 suis.
797 2091 868 2133 Me
899 2091 1038 2132 iudice
1069 2094 1272 2147 prestant,

206 2148 290 2197 Qui
320 2147 484 2202 gladios
517 2154 558 2191 et
587 2149 673 2190 tela
703 2150 804 2192 uiris
835 2148 887 2190 ad
920 2150 1051 2204 prelia
1084 2148 1253 2201 cudunt,

203 2206 468 2261 Ingenioque
499 2208 659 2249 animos
690 2207 888 2263 produnt,
922 2211 962 2248 et
995 2206 1122 2248 corda
1150 2207 1290 2260 rigore

206 2263 348 2305 Officii
378 2265 557 2319 signant,
589 2279 826 2322 ausumque
858 2265 1000 2307 labore
1031 2264 1231 2306 fatentur.

170 2321 310 2374 *Sunt
341 2326 382 2364 et
411 2323 602 2364 nonnulli
634 2323 786 2378 quibus
820 2338 862 2366 es
894 2336 1000 2364 caua
1031 2322 1187 2364 testula
1219 2321 1383 2377 promit,

202 2380 407 2422 Diuersas
437 2379 530 2423 fuso
561 2381 726 2437 speeies
757 2381 1018 2423 imitantibus
1050 2394 1166 2431 auro,

203 2437 288 2486 Qui
318 2442 479 2480 torrent
510 2452 641 2481 uenas
672 2443 991 2496 reeoquuntque
1023 2437 1216 2490 metalla3
1247 2436 1320 2477 sed
1352 2436 1450 2492 ipsis

204 2495 373 2537 Mollius
405 2497 622 2551 ingenium
653 2497 774 2539 finxit
803 2502 966 2550 natura,
997 2495 1243 2550 manusque,

204 2552 372 2595 Eximia
406 2569 511 2610 quas
542 2559 633 2597 arte
665 2555 793 2604 dedit,
825 2554 1049 2597 formidine
1079 2553 1242 2610 pressit.

202 2612 327 2654 Tales
358 2626 461 2668 sepe
492 2611 607 2667 dolo,
639 2612 740 2655 dum
771 2613 911 2655 flatilis
943 2612 1101 2668 eliquat
1133 2609 1257 2652 ardor

215 2687 294 2712 Saxo
313 2686 546 2714 Grammaticus.
1405 2677 1446 2713 13
