1884 3126
123 888 156 916 10

125 1179 158 1207 15

122 1470 158 1497 ‘30

792 220 1059 262 —V-
1567 228 1643 268 131

192 361 287 390 cum
319 348 472 391 classis
503 362 578 390 sue
614 348 876 404 paucitatem
916 349 1182 404 attenderet,
1225 364 1357 406 aquas
1389 352 1431 393 in
1462 352 1646 396 hostium

191 406 424 463 perniciem
470 405 715 449 euocandas
755 421 990 464 earumque
1033 408 1111 450 sibi
1143 409 1451 452 conciliandum
1481 413 1649 467 putauit

191 464 411 507 auxilium.
460 465 614 521 Itaque
645 465 805 521 scapha
837 471 1042 521 exceptus
1074 481 1124 508 ac
1154 468 1279 509 tacito
1310 482 1523 511 remorum
1554 472 1648 513 nisu

190 523 362 580 propius
378 524 564 566 hostium
584 523 736 565 carinis
760 523 980 578 aduectus,
997 525 1158 567 uicinas
1179 539 1287 581 aque
1307 526 1474 569 tabulas
1493 529 1648 570 sensim

188 584 343 624 intorto
377 582 548 624 terebro
581 585 721 635 cauat,
748 596 799 624 ac
829 597 944 636 mOX,
978 584 1152 639 remigio
1185 585 1260 625 uix
1292 598 1415 627 auras
1438 586 1649 641 pulsante,

193 639 348 682 reditui
390 640 586 682 consulit.
658 640 779 683 Adeo
824 645 965 683 autem
998 642 1289 698 circunspecte
1332 656 1376 683 se
1418 644 1561 698 gessit,
1601 650 1649 687 ut

190 698 488 741 excubitorum
519 712 645 741 nemo
678 698 841 740 aditum
864 699 955 741 eius
977 700 1277 742 abscessumue
1299 700 1646 756 deprehenderet.

191 756 287 806 Quo
323 758 601 812 enauigante,
644 757 849 812 paulatim
884 757 1076 801 Oddonis
1108 762 1219 800 rates
1253 762 1435 814 excepta
1465 759 1648 802 rimatim

188 814 305 857 unda
336 815 560 871 depressit.
623 814 801 870 Ecdem,
836 829 946 872 aqua
976 817 1110 859 lacius
1143 817 1371 858 introrsum
1404 821 1648 872 stagnante,

187 873 360 916 recondi
393 874 563 930 gurgite
596 873 865 917 uidebantur.
919 874 1009 916 Nec
1040 889 1190 930 parum
1223 874 1445 917 descensui
1479 876 1646 920 addidit

190 932 405 974 internum
458 932 649 988 lapidum
699 933 881 988 pondus.
959 933 1015 975 Et
1065 934 1148 975 iam
1175 937 1182 984 1
1210 938 1395 976 transtra
1444 933 1645 977 fluctibus

190 990 473 1044 diluebantur,
505 991 710 1046 foi-osque
742 991 986 1047 exequabat
1018 1005 1145 1043 mare,
1179 1006 1274 1033 cum
1306 991 1448 1044 Oddo,
1478 993 1646 1048 nauigia

189 1062 326 1105 prope
348 1048 521 1091 modum
543 1048 667 1091 undis
691 1054 846 1105 equata
878 1050 1150 1105 conspiciens,
1173 1054 1391 1104 receptum
1425 1050 1647 1093 immodice

189 1106 346 1149 fretum
377 1108 514 1150 urceis
547 1108 662 1164 egeri
692 1108 827 1155 iubet,
868 1108 1022 1164 Itaque
1054 1108 1232 1150 nauticis
1259 1107 1456 1150 occiduas
1488 1109 1646 1164 nauigii

188 1169 330 1223 partes
362 1166 416 1208 ab
448 1180 653 1222 aquarum
677 1166 843 1208 influxu
867 1166 1096 1209 defendere
1124 1166 1512 1222 perseuerantibus,
1536 1181 1648 1210 com-

190 1224 328 1266 minus
372 1224 505 1267 hostis
550 1225 759 1281 apparuit.
822 1225 959 1280 Igitur
1001 1239 1117 1267 arma
1150 1224 1468 1280 capessentibus
1512 1226 1647 1267 acrior

189 1281 438 1325 imminebat
479 1297 654 1339 gurges.
716 1283 976 1326 Parautibus
1020 1284 1199 1339 prelium
1242 1283 1395 1324 enandi
1434 1297 1541 1338 opus
1587 1284 1647 1326 in-

191 1340 306 1384 cidit.
368 1339 493 1384 Erico
534 1341 693 1384 bellum
726 1341 864 1395 unde,
908 1357 991 1384 non
1025 1356 1140 1383 arma
1172 1355 1356 1397 gessere.
1417 1341 1648 1397 Pugnabat

189 1413 266 1455 pro
301 1414 351 1442 eo
384 1414 517 1454 mare,
551 1400 617 1442 cui
648 1400 737 1455 ipse
774 1400 955 1442 nocendi
986 1400 1099 1442 uires
1133 1399 1381 1455 aditumque
1403 1400 1644 1455 prebuerat.

188 1457 342 1513 Itaque
385 1458 560 1512 Ericus,
604 1458 737 1500 fluctu
780 1458 943 1500 felicius
985 1473 1111 1514 quam
1156 1457 1268 1499 ferro
1315 1471 1437 1511 usus,
1486 1458 1645 1500 efficaci

190 1529 398 1572 aquarum
431 1531 559 1572 opera
591 1531 779 1573 pugnam
801 1517 956 1559 absens
988 1530 1138 1572 gerere
1162 1515 1401 1568 uidebatur,
1433 1530 1456 1557 a
1489 1517 1645 1572 pelago

192 1574 419 1630 presidium
451 1579 685 1617 mutuatus.
747 1575 939 1617 Victoria
972 1576 1049 1617 arti
1085 1574 1324 1617 contributa
1356 1578 1432 1615 est.
1494 1573 1644 1630 Neque

191 1633 302 1674 enim
333 1633 513 1676 offusum
549 1633 674 1675 undis
705 1633 924 1688 nauigium
956 1647 1101 1689 pugne
1134 1633 1303 1688 paciens
1337 1647 1428 1674 esse
1461 1637 1644 1687 poterat.

191 1691 350 1734 Taliter
378 1692 561 1734 Oddone
593 1706 687 1734 cum
721 1692 844 1734 sociis
885 1692 1165 1747 interempto,
1208 1690 1451 1746 captisque,
1494 1691 1564 1746 qui
1604 1691 1646 1732 in

143 1760 156 1769 ·
189 1749 373 1793 stacione
408 1754 551 1805 erant,
589 1751 801 1793 neminem
834 1750 964 1793 cladis
996 1751 1196 1792 nuncium
1229 1762 1414 1790 euaslsse
1457 1762 1645 1804 comper-

191 1812 282 1850 tum
316 1813 390 1850 est.

331 1866 496 1917 Ericus‚
528 1872 706 1923 peracta
737 1868 821 1909 iam
852 1872 1008 1922 strage,
1042 1870 1253 1908 maturato
1287 1878 1480 1917 recessu,
1513 1865 1645 1908 Lessc

193 1925 373 1967 insulam
407 1925 531 1967 subit.
581 1925 662 1968 Vbi
694 1940 778 1967 non
810 1931 996 1981 repertu,
1028 1939 1113 1978 quo
1135 1925 1289 1966 famem
1321 1923 1452 1964 lenire
1484 1929 1644 1979 posset,

193 1983 355 2026 duobus
386 1984 562 2039 predam
591 1984 773 2039 nauigiis
804 1984 972 2027 domum
1007 1983 1170 2037 dirigit,
1214 1984 1467 2024 commeatus
1499 1982 1541 2023 in
1574 1996 1645 2023 an-

123 2053 160 2080 30
190 2056 293 2083 num
324 2042 506 2084 alterum
537 2042 747 2085 relaturis.
809 2043 906 2098 Ipse
938 2056 1023 2084 uno
1068 2042 1276 2083 duntaxat
1307 2038 1490 2080 adeundi
1534 2040 1645 2094 regis

193 2101 360 2155 copiam
403 2101 523 2155 petit.
585 2100 770 2143 Accessa
808 2102 952 2156 itaque
984 2099 1226 2155 Syelandia,
1258 2097 1539 2139 discurrentes
1570 2111 1645 2152 per

193 2158 336 2200 littora
382 2158 539 2200 nautici
584 2173 712 2214 pecus
754 2163 941 2201 sternere
984 2157 1175 2213 aggressi
1219 2159 1329 2198 sunt.
1399 2154 1488 2196 Aut
1535 2156 1646 2196 enim

192 2215 376 2258 leuanda
416 2217 596 2270 esuries,
638 2221 711 2259 aut
754 2217 867 2259 fame
907 2215 1233 2272 periclitandum
1275 2216 1379 2255 erat.
1441 2211 1644 2254 Armento

194 2288 303 2326 ceso,
333 2273 495 2316 nudata
525 2275 568 2316 in
598 2276 743 2317 nauim
767 2275 978 2318 cadauera
1009 2274 1207 2315 detractis
1230 2271 1446 2313 coniecere
1468 2270 1642 2324 tergori-

146 2342 162 2368 5
193 2332 283 2377 bus.
346 2332 471 2381 Quod
501 2347 595 2374 cum
638 2347 899 2388 possessores
942 2333 1106 2388 pecoris
1146 2329 1466 2384 comperissent,
1512 2329 1643 2370 classe

194 2389 401 2445 predones
441 2391 605 2446 insequi
648 2395 942 2447 properarunt.
1005 2390 1194 2445 Cumque
1234 2401 1278 2428 se
1308 2385 1455 2428 Ericus
1495 2387 1548 2427 ab
1579 2400 1643 2427 ar-

195 2449 326 2489 menti
358 2448 540 2490 dominis
570 2449 719 2505 impeti
750 2450 1042 2505 cognouisset,
1088 2458 1277 2490 cesarum
1308 2444 1435 2485 boum
1468 2457 1645 2498 corpora

194 2505 370 2560 signatis
429 2506 601 2549 funibus
651 2507 829 2562 alligata
878 2507 1074 2548 fluctibus
1138 2501 1386 2547 occultanda
1446 2501 1643 2557 prouidit.

196 2562 376 2616 Deinde,
408 2564 544 2620 siquid
577 2565 691 2620 apud
721 2580 766 2608 se
798 2565 950 2621 quesiti
982 2563 1198 2606 cadaueris
1230 2564 1361 2612 esset,
1403 2559 1645 2615 superueni-

129 2632 164 2659 w
196 2621 363 2663 entibus
385 2621 647 2678 Syelandicis
677 2622 961 2678 perlustrandi
984 2621 1199 2664 licenciam
1222 2616 1383 2671 tribuit,
1415 2617 1645 2669 affirmans,

1466 2685 1508 2719 9*

1701 954 1729 979 p.
1749 946 1797 973 197
