1884 3126
150 901 183 928 10

152 1192 184 1218 15

148 1481 185 1507 ‘20

147 1771 184 1798 25

150 2059 186 2087 30

151 2349 186 2376 35

215 236 298 283 298
767 263 822 270 —
880 239 994 282 VIII
1052 266 1107 272 —

214 369 382 424 gemina
413 382 607 410 curarum
644 369 860 412 anxietate
890 368 1134 418 distractus,
1175 382 1320 425 sparsa
1350 382 1477 410 manu
1508 372 1654 424 aptum

215 428 382 481 utrique
415 426 648 469 remedium
678 427 936 483 prouideret.
979 428 1148 469 Interea
1179 427 1387 479 Getrinas,
1419 426 1654 482 speciosam

216 499 268 526 ex
294 484 536 526 saxonibus
558 485 778 527 uictoriam
800 485 1002 535 referens,
1030 485 1035 539 Ι
1064 485 1288 527 contractis
1321 484 1460 526 denuo
1491 484 1651 526 uiribus

215 556 263 584 ac
285 542 564 598 frequenciori
588 544 802 598 copiarum
824 544 977 585 robore
1003 547 1260 599 comparato,
1291 556 1375 584 non
1397 544 1438 583 in
1461 542 1654 584 Saxones

213 600 359 655 modo,
398 615 545 642 uerum
576 601 618 642 in
649 615 813 643 omnem
848 599 1074 643 Germanis
1107 601 1310 655 populum
1342 600 1492 642 amisse
1525 599 1655 641 domi-

214 659 398 700 nacionis
420 659 612 700 iniuriam
633 659 775 700 ulcisci
797 659 1026 701 constituit.
1072 659 1134 701 Ac
1164 659 1299 714 primo
1326 658 1497 714 quidem
1519 658 1653 699 classe

214 716 404 758 Fresiam
446 716 603 760 domat.
667 717 760 766 Que
801 717 1017 772 prouincia
1057 716 1110 757 ad
1151 717 1321 758 modum
1362 717 1444 758 situ
1474 715 1654 767 humilis,

216 775 385 829 quocies
412 775 601 816 seuiente
624 774 796 816 Oceano
830 775 995 816 obiecta
1024 775 1220 816 fluctibus
1253 775 1437 816 estuaria
1466 788 1654 830 perrum-

215 838 395 888 puntur,
435 839 568 874 totam
611 833 902 874 inundacionis
934 833 1087 874 molem
1118 832 1360 888 patentibus
1392 832 1550 886 campis
1583 846 1653 872 ex-

213 891 352 946 cipere
399 892 633 933 consueuit.
694 891 808 932 Huic
841 891 1034 933 &otricus
1076 905 1159 932 non
1202 895 1288 932 tam
1332 895 1490 931 arctam
1531 902 1654 943 quam

213 948 457 990 inusitatam
498 950 744 1004 pensionem
789 949 1001 1004 imposuit.
1061 949 1126 990 De
1168 949 1286 990 cuius
1329 947 1573 989 condicione
1613 951 1655 988 et

214 1006 342 1048 modo
389 1009 629 1048 summatim
680 1006 874 1050 referam.
956 1006 1142 1048 Primum
1187 1007 1331 1061 itaque
1378 1005 1654 1047 ducentorum

217 1064 324 1107 .XL.
356 1065 513 1120 pedum
544 1065 852 1120 longitudinem
884 1064 1078 1106 habentis
1113 1063 1262 1106 edificii
1286 1069 1496 1105 structura
1519 1063 1656 1118 dispo-

216 1123 341 1176 nitur,
375 1122 551 1164 bissenis
584 1122 779 1163 distincta
810 1123 982 1177 spaciis,
1027 1137 1202 1177 quorum
1235 1122 1456 1178 quodlibet
1487 1121 1656 1163 uiceno-

214 1195 306 1221 rum
347 1180 501 1235 pedum
545 1180 861 1236 intercapedine
892 1179 1159 1233 tenderetur,
1191 1180 1378 1235 predicte
1411 1178 1655 1234 quantitatis

215 1253 420 1280 summam
443 1239 581 1280 totalis
604 1239 733 1294 spacii
766 1238 982 1294 dispendio
1016 1238 1231 1280 reddente.
1274 1238 1324 1279 In
1356 1238 1480 1278 huius
1513 1237 1655 1290 itaque

217 1296 306 1338 edis
340 1297 476 1352 capite
507 1297 624 1351 regio
659 1295 907 1338 considente
940 1301 1157 1351 questore,
1190 1296 1267 1337 sub
1301 1300 1535 1338 extremam
1568 1294 1656 1335 eius

215 1359 377 1409 partem
407 1355 610 1396 rotundus
645 1369 667 1396 e
700 1354 869 1408 regione
903 1355 1077 1409 clypeus
1109 1353 1350 1396 exhibetur.
1393 1352 1654 1395 Fresonibus

215 1413 342 1467 igitur
374 1412 574 1453 tributum
609 1412 768 1454 daturis
801 1427 891 1453 mos
924 1417 1015 1453 erat
1048 1412 1232 1466 singulos
1256 1424 1448 1453 nummos
1470 1411 1509 1452 in
1533 1410 1656 1452 huius

216 1471 323 1511 scuti
355 1485 505 1512 cauum
533 1473 538 1520 l
566 1470 793 1523 coniicere,
827 1483 849 1510 e
881 1469 1032 1525 quibus
1065 1484 1137 1511 eos
1170 1469 1379 1511 duntaxat
1410 1469 1451 1509 in
1484 1482 1655 1509 censum

216 1529 378 1583 regium
410 1529 521 1570 racio
565 1528 848 1582 computantis
892 1528 1090 1582 eligeret,
1134 1528 1203 1582 qui
1245 1528 1404 1568 eminus
1447 1520 1655 1568 exactoris

216 1600 341 1628 aures
365 1587 551 1627 clarioris
574 1586 664 1627 soni
687 1586 940 1641 crepitaculo
972 1586 1327 1641 perstrinxissent.
1372 1584 1465 1633 Quo
1498 1585 1654 1636 euenit,

216 1649 263 1685 ut
294 1644 334 1685 id
367 1644 504 1685 solum
545 1658 588 1685 es
629 1648 800 1698 questor
839 1643 881 1685 in
922 1642 1068 1685 fiscum
1110 1643 1379 1708 supputando
1422 1642 1655 1697 colligeret,

217 1702 334 1743 cuius
375 1716 516 1744 casum
562 1701 792 1743 remociore
838 1702 950 1742 auris
996 1701 1148 1742 iudicio
1196 1701 1495 1756 persensisset;
1542 1700 1655 1740 cuius

216 1774 319 1801 uero
354 1760 570 1801 obscurior
601 1774 728 1801 sonus
760 1759 864 1800 citra
895 1760 1175 1814 computantis
1207 1758 1431 1800 defecisset
1452 1757 1656 1808 auditum,

216 1818 499 1873 recipiebatur
520 1817 687 1873 quidem
709 1817 751 1858 in
773 1817 933 1870 fiscum,
965 1817 1038 1858 sed
1072 1817 1234 1857 nullum
1259 1830 1420 1857 summe
1441 1815 1658 1871 prestabat

217 1881 504 1930 augmentum.
567 1875 864 1930 Compluribus
895 1875 1021 1930 igitur
1053 1888 1318 1915 nummorum
1349 1874 1525 1915 iactibus
1556 1886 1657 1928 que-

217 1933 367 1975 storias
390 1948 515 1975 aures
546 1934 663 1974 nulla
694 1932 881 1974 sensibili
913 1933 1146 1974 sonoritate
1176 1932 1458 1988 pulsantibus,
1491 1930 1656 1982 accidit,

217 1995 263 2032 ut
294 1995 447 2033 statam
478 2005 555 2047 pro
587 2006 633 2032 se
665 1993 814 2045 stipem
847 1991 1088 2046 erogaturi,
1132 1991 1305 2031 multam
1336 1989 1546 2030 interdum
1578 1987 1658 2030 eris

216 2055 379 2104 partem
418 2049 532 2090 inani
572 2049 776 2104 pensione
817 2053 1126 2090 consumerent
1190 2047 1321 2089 Cuius
1353 2047 1495 2088 tributi
1530 2059 1657 2087 onere

216 2121 293 2162 per
323 2107 530 2149 Karolum
561 2111 707 2161 postea
738 2106 903 2148 liberati
933 2106 1183 2161 produntur.
1228 2105 1420 2172 Cumque
1451 2104 1657 2154 Gofflcus,

218 2170 458 2207 transcursa
477 2165 635 2216 Fresia,
657 2178 707 2206 ac
727 2178 899 2206 reuerso
922 2165 1003 2205 iam
1022 2164 1158 2205 Roma
1174 2163 1351 2208 Karolo
1374 2164 1416 2204 in
1433 2161 1657 2207 ulteriores

218 2236 263 2264 se
294 2223 518 2264 Germanic
550 2223 788 2276 prouincias
821 2222 1037 2263 effundere
1068 2222 1311 2272 statuisset,
1343 2220 1502 2276 proprii
1534 2219 1657 2261 satel-

217 2281 301 2322 litis
331 2280 490 2322 insidiis
522 2280 846 2333 circunuentus,
889 2281 1000 2321 ferro
1033 2279 1262 2321 domestice
1293 2279 1454 2320 fraudis
1485 2277 1657 2319 interiit.

219 2338 312 2386 Quo
342 2339 500 2389 audito,
532 2338 719 2379 Karolus
751 2338 882 2379 effuso
915 2338 1071 2392 gaudio
1104 2337 1327 2389 exultauit,
1360 2336 1462 2377 nihil
1484 2349 1535 2378 eo
1558 2348 1656 2376 casu

220 2410 420 2452 umquam
453 2396 622 2438 fortune
652 2410 728 2437 sue
758 2395 974 2438 iocundius
1006 2395 1231 2437 obuenisse
1262 2395 1491 2437 confessus.

561 2638 814 2669 EXPLICITVS
846 2637 922 2667 EST
951 2636 1081 2667 LIBER
1112 2635 1319 2666 OCTAVVS.

1706 502 1733 528 p.
1751 493 1801 520 437
