1884 3126
82 873 117 900 10

81 1167 115 1193 15

80 1458 116 1484 20

76 1748 112 1774 ‘25

74 2038 111 2065 30

74 2330 110 2356 35

75 2619 111 2647 40

731 232 780 238 —
845 207 911 250 ΙΙΙ
973 233 1022 238 ——
1232 248 1235 250 .
1548 215 1596 254 91

155 340 203 378 ut
248 336 543 378 inextricabile
592 335 832 378 calliditatis
885 338 1098 392 ingenium
1155 339 1308 380 usitato
1359 339 1601 382 insidiarum

155 408 311 449 genere
343 394 612 450 proderetur.
657 393 861 436 Maiore-m
885 396 1040 451 quippe
1072 396 1159 438 eius
1186 398 1460 451 pcruicaciam
1495 413 1600 441 esse.

155 467 279 508 quam
313 458 360 494 ut
392 452 560 494 leuibus
584 453 887 507 experimentis
921 454 1073 509 attingi
1105 454 1272 496 debeat.
1316 456 1600 503 Quamobrem

156 510 375 565 multiplici
407 511 518 552 illius
540 510 700 552 astucie
732 511 961 566 simplicem
989 513 1242 554 tentacionis
1266 513 1435 555 modum
1462 514 1600 556 afferri

153 582 238 611 non
281 574 489 624 oportere.
561 568 834 611 Subtiliorem
876 571 1017 624 itaque
1070 571 1250 612 racionis
1289 572 1400 612 uiam
1441 570 1600 626 salcioro

153 627 280 668 animi
311 641 438 669 sensu
469 641 494 668 a
524 641 568 668 se
601 632 812 681 repertam
847 627 1026 682 dicebat,
1067 629 1310 670 cxecucioni
1344 644 1427 671 non
1459 631 1601 671 incon-

152 699 300 739 gruam
325 690 367 727 et
388 685 606 741 preposite
629 686 689 726 rei
712 685 983 740 indagacioni
1006 686 1348 730 efficacissimam.
1398 688 1599 742 Fengono

150 743 360 799 siquidem
391 757 467 798 per
506 743 689 798 ingentis
730 745 895 796 negocii
940 745 1257 786 simulacionem
1302 745 1354 786 de
1395 746 1598 788 industria

150 801 393 843 absenciam
425 807 655 858 prestante,
687 802 819 844 solum
845 815 938 843 eum
972 808 1106 844 matre
1127 803 1375 845 Amlethum
1408 805 1597 858 cubiculo

148 859 287 901 claudi
322 864 534 915 oportere,
566 866 793 916 procurato
826 866 950 902 antea
982 861 1090 912 uir,o
1124 862 1189 916 qui
1224 863 1428 903 unbobus
1450 862 1599 904 insciis

150 917 191 959 in
226 918 407 960 obscura
440 917 526 960 edis
558 922 681 973 parte
713 919 977 971 consisteret,
1011 919 1109 974 quid
1143 919 1221 960 illis
1254 920 1448 975 colloquii
1478 921 1596 965 foret

151 977 357 1018 attencius
377 981 646 1032 excepturus.
679 976 892 1018 Futurum
909 979 1032 1026 enim,
1049 984 1109 1030 ut,
1127 978 1265 1034 siquid
1289 979 1398 1019 filius
1420 984 1599 1033 sapere,t

149 1035 261 1089 apud
296 1039 508 1076 maternas
531 1048 653 1076 aures
685 1035 824 1090 eloqui
848 1049 934 1077 non
959 1035 1187 1089 dubitaret,
1220 1050 1298 1077 nec
1319 1050 1363 1078 se
1386 1037 1599 1091 genitricis

148 1092 246 1134 fidei
278 1092 450 1135 credere
491 1094 826 1148 pertimesceret.
887 1093 1006 1135 Idem
1052 1109 1096 1136 se
1129 1094 1438 1149 exploracionis
1480 1095 1599 1136 mini-

148 1155 284 1192 strum
315 1151 509 1207 cupidius
542 1151 768 1202 offerebat,
806 1160 865 1193 ‘ne
896 1153 1043 1207 pocius
1076 1157 1224 1194 auctor
1259 1153 1438 1199 consilii,
1472 1167 1597 1207 quam

149 1213 352 1251 executor
398 1210 630 1252 uideretur.
718 1209 965 1251 Delectatus
1017 1212 1231 1252 sentencia
1286 1211 1431 1266 Fengo
1489 1210 1600 1252 facta

146 1267 375 1323 longinque
408 1267 688 1321 profeccionis
721 1268 994 1310 simulacione
1039 1269 1231 1311 discedit.
1293 1269 1334 1310 ls
1361 1283 1487 1323 uere,
1530 1270 1600 1324 qui

148 1326 368 1368 consilium
403 1326 590 1380 dederat,
623 1326 839 1378 conclaue,
874 1340 957 1381 quo
991 1341 1085 1368 cum
1118 1333 1250 1369 matre
1283 1327 1507 1369 Amlethus
1539 1341 1601 1368 re-

147 1384 415 1438 cludebatur,
446 1385 576 1426 tacite
606 1384 772 1440 petiuit,
804 1384 1123 1440 submissusque
1155 1390 1386 1427 stramento
1419 1386 1599 1428 delituit.

148 1441 240 1484 Nec
270 1442 518 1485 insidiarum
550 1442 752 1485 Amletho
784 1443 1019 1485 remedium
1054 1443 1204 1486 defuit.
1266 1443 1439 1485 Veritus
1473 1445 1598 1496 enim,

147 1515 199 1542 ne
231 1501 502 1543 clandestinis
536 1502 772 1557 cuiuspiam
814 1501 986 1543 auribus
1020 1502 1297 1557 exciperetur,
1330 1503 1508 1555 primum
1541 1502 1593 1542 ad

145 1559 288 1615 inepte
337 1559 653 1602 consuetudinis
701 1559 829 1600 ritum
872 1559 1112 1613 decurrens,
1165 1559 1447 1615 obstrepentis
1498 1560 1598 1614 galli

146 1632 263 1659 more
296 1622 518 1660 occentum
550 1618 694 1668 edidit,
727 1618 992 1673 brachiisque
1019 1631 1096 1673 pro
1129 1618 1290 1660 alarum
1322 1618 1476 1673 plausu
1501 1632 1597 1659 con-

147 1676 304 1730 cussis,
357 1674 630 1731 con<s>censo
682 1681 915 1718 stramento
989 1690 1142 1731 corpus
1205 1676 1360 1717 crebris
1423 1676 1598 1717 saltibus

143 1733 298 1776 librare
329 1735 454 1789 cepit,
487 1735 623 1790 siquid
656 1734 738 1776 illic
771 1734 959 1777 clausum
1003 1734 1289 1784 delitesceret,
1332 1739 1597 1799 experturus.

147 1792 205 1833 At
237 1792 307 1834 ubi
329 1793 563 1834 subiectam
595 1792 775 1848 pedibus
799 1792 953 1834 molem
986 1793 1210 1847 persensit,
1234 1792 1345 1833 ferro
1379 1793 1514 1833 locum
1546 1793 1597 1832 ri-

144 1854 298 1904 matus,
330 1852 597 1906 suppositum
621 1851 824 1900 confodit,
859 1854 1136 1916 egestumque
1169 1850 1331 1892 latebra
1355 1850 1594 1890 trucidauit.

145 1907 274 1950 Cuius
306 1923 458 1965 corpus
491 1909 532 1951 in
564 1914 707 1965 partes
735 1909 993 1951 conscissum
1025 1909 1145 1964 aquis
1176 1908 1436 1950 sernentibus
1470 1908 1594 1957 coxit,

143 1965 525 2024 deuorandumque
547 1968 687 2022 porcis
720 1982 795 2022 per
818 1981 864 2008 os
888 1968 1031 2008 cloace
1063 1967 1247 2022 patentis
1275 1965 1434 2010 effudit.
1467 1970 1595 2021 atquc

142 2025 203 2066 ita
236 2025 397 2067 miseris
430 2026 606 2067 artubus
640 2039 790 2067 cenum
823 2029 947 2080 putre
980 2026 1230 2067 constrauit.
1282 2024 1438 2066 Taliter
1472 2025 1594 2066 elusis

143 2082 302 2124 insidiis
345 2085 549 2126 conclaue
592 2081 772 2139 relpetit.
843 2083 1035 2139 Cumque
1067 2088 1199 2125 mater
1239 2097 1392 2136 magno
1435 2083 1592 2124 eiulatu

145 2146 294 2197 questa
339 2143 548 2197 presentis
592 2143 668 2184 filii
721 2141 957 2185 socordiam
1013 2142 1168 2183 deflere
1221 2141 1423 2206 cepisset,
1471 2141 1593 2191 Quid,

143 2199 299 2254 inquit,
331 2201 556 2243 mulierum
586 2201 851 2256 turpissima,
882 2200 1116 2253 grauissimi
1147 2199 1328 2241 criminis
1360 2198 1593 2240 dissimula-

145 2257 308 2300 cionem
339 2259 446 2301 falso
470 2259 643 2302 lamenti
673 2273 833 2314 genere
855 2259 1033 2313 expetis,
1066 2272 1146 2313 que
1178 2258 1304 2299 scorti
1338 2271 1454 2299 more
1476 2256 1594 2299 lasci-

144 2316 285 2367 niens,
317 2316 520 2359 nefariam
552 2331 600 2359 ac
632 2317 925 2360 detestabilem
960 2317 1070 2358 thori
1103 2315 1389 2358 condicionem
1434 2318 1592 2366 secuta,

144 2373 223 2415 uiri
266 2375 325 2416 tui
375 2375 693 2418 interfectorem
742 2376 870 2431 pleno
913 2374 1060 2417 incesti
1104 2374 1196 2415 sinu
1236 2372 1501 2429 amplecteris
1551 2377 1594 2412 et

144 2432 194 2482 ei,
228 2434 296 2487 qui
329 2433 460 2488 prolis
492 2437 563 2476 tue
596 2439 813 2488 parentem
848 2432 1105 2483 extinxerat,
1135 2430 1446 2474 obscenissimis
1478 2429 1595 2471 blan-

146 2490 430 2532 dimentorum
461 2491 672 2534 illecebris
694 2491 911 2534 adularis?
958 2489 1022 2532 Ita
1054 2503 1206 2545 nempe
1239 2501 1344 2542 eque
1367 2487 1592 2542 coniugum

146 2562 319 2590 suorum
365 2549 596 2591 uictoribus
636 2550 910 2616 maritantur3
932 2544 1174 2590 brutorum
1214 2551 1366 2588 natura
1406 2546 1486 2587 hec
1518 2549 1593 2597 est,

142 2612 189 2649 ut
221 2607 263 2649 in
296 2607 467 2650 diuersa
498 2608 653 2664 passim
691 2608 889 2662 coniugia
909 2607 1158 2662 rapiantur3
1194 2604 1274 2646 hoc
1304 2603 1378 2645 tibi
1400 2603 1596 2659 exemplo

1649 2098 1674 2123 p.
1696 2090 1743 2115 14³.
