1884 3126
161 857 198 884 10

165 1142 198 1170 15

158 1434 196 1462 20

160 1719 197 1747 25

159 2012 197 2041 30

161 2297 197 2325 35

159 2588 196 2617 40

232 197 314 240 304
806 221 858 227 -
918 195 985 240 IX
1045 221 1097 227 ...

230 326 388 368 tudinis
434 325 630 380 exemplo
679 325 880 368 contexit,
940 326 1111 368 Militari
1154 339 1336 381 namque
1377 325 1570 367 discursu
1608 325 1668 368 in-

232 385 500 439 opinatorum
522 387 644 436 terga
672 384 991 436 circumuolans,
1025 384 1222 425 socialem
1255 388 1413 425 metum
1437 384 1475 424 in
1500 383 1667 425 hostilia

231 446 369 506 castra
409 440 629 483 conuertit.
690 441 758 482 Ad
799 441 990 483 ultimum
1036 442 1178 482 laxata
1209 440 1386 483 Haraldi
1419 441 1507 483 acie
1539 445 1667 496 atque

229 499 320 554 ipso
351 513 427 553 per
458 512 663 539 summam
695 513 868 540 suorum
899 503 1082 554 stragem
1113 499 1275 553 fugato,
1308 512 1400 539 cum
1422 498 1590 540 domum
1615 512 1668 539 ex

229 557 319 598 acie
362 557 626 607 reuertisset,
668 557 855 611 spiculo,
897 557 1008 611 quod
1051 561 1155 609 toga
1187 557 1500 609 occultauerat,
1540 560 1666 597 noctu

229 614 366 655 mariti
398 614 590 667 iugulum
622 615 874 667 attentauit,
918 615 1140 670 tociusque
1171 613 1365 669 potencie
1397 615 1484 655 eius
1516 628 1564 654 ac
1595 628 1669 655 no-

230 672 352 713 minis
399 685 603 712 summam
649 672 815 713 inuasit.
878 672 1237 713 Insolentissimus
1281 685 1469 724 namque
1515 670 1667 712 femine

229 730 399 784 spiritus
440 726 609 784 abslque
650 730 738 771 uiro
779 743 956 782 regnum
997 743 1165 784 gerere,
1210 743 1332 784 quam
1373 728 1543 771 fortune
1575 728 1662 770 eius

230 786 537 828 communicare
570 787 790 828 iocundius
822 787 956 829 duxit.

366 845 537 885 Interea
559 845 776 899 Syuardus
810 845 979 899 oppido,
1011 844 1122 899 quod
1146 845 1187 885 iu
1209 845 1362 886 uicinia
1384 848 1485 895 erat,
1517 843 1669 885 allatus

230 902 461 943 curandum
504 902 676 943 medicis
724 916 873 958 corpus
903 903 1119 958 prebebat.
1182 902 1344 950 Quibus
1377 901 1429 942 ad
1461 915 1668 943 summam

228 974 362 1014 usque
402 958 744 1014 desperacionem
789 960 1020 1015 prouectis,
1062 959 1162 1000 dum
1204 960 1389 1000 uulneris
1433 959 1669 1000 immanitas

229 1018 415 1058 adhibita
438 1016 721 1058 fomentorum
748 1031 908 1072 genera
937 1017 1223 1069 frustraretur,
1255 1017 1424 1072 quidam
1457 1017 1669 1071 stupenda

229 1075 516 1130 magnitudine
540 1076 629 1127 egri
652 1075 855 1116 lectulum
879 1075 994 1116 adire
1017 1080 1282 1130 conspectus,
1315 1077 1348 1115 si
1381 1075 1457 1115 sibi
1490 1075 1668 1126 illorum,

229 1146 333 1187 quos
365 1133 488 1173 armis
522 1145 796 1187 oppressurus
828 1132 959 1185 foret,
1004 1133 1164 1173 animas
1196 1133 1445 1185 dedicasset,
1476 1131 1666 1187 protinus

227 1190 511 1232 incolumitate
562 1191 808 1244 gauisurum
858 1191 1078 1246 promittit.
1139 1189 1229 1231 Nec
1278 1190 1447 1232 nomine
1501 1189 1666 1245 quidem

228 1261 477 1302 suppresso,
523 1248 753 1289 Rostarum
800 1262 843 1289 se
889 1248 970 1289 dici
1017 1248 1250 1290 subiunxit.
1310 1246 1668 1289 Animaduertens

228 1311 369 1347 autem
417 1305 662 1360 SyuarduS,
708 1306 885 1360 paruule
931 1306 1218 1360 promissionis
1263 1305 1474 1360 impendio
1520 1306 1668 1358 ingens

229 1365 459 1418 comparari
502 1363 748 1404 beneficium
795 1377 941 1418 posse,
983 1363 1124 1418 petitis
1156 1363 1306 1418 cupide
1338 1364 1489 1418 paruit.
1550 1362 1667 1403 Tunc

227 1435 358 1462 senex
404 1424 625 1461 attrectate
670 1422 778 1462 tabis
822 1421 1000 1462 liuorem
1046 1422 1269 1475 repentino
1316 1435 1463 1461 manus
1511 1420 1667 1461 auxilio

229 1478 415 1534 dispulit,
447 1478 710 1533 subitamque
742 1479 905 1520 uulneri
940 1479 1171 1520 cicatricem
1204 1477 1397 1520 intendit.
1446 1478 1666 1519 Postremo

228 1536 410 1591 pupillas
434 1536 523 1577 eius
545 1537 722 1591 puluere
744 1536 999 1591 perfundens
1021 1536 1134 1578 abiit.
1182 1535 1274 1587 Qui,
1297 1536 1471 1576 maculis
1494 1541 1668 1591 repente

230 1595 402 1647 coortis,
434 1595 630 1634 eximiam
664 1594 988 1635 uermiculorum
1020 1594 1333 1635 similitudinem
1367 1595 1667 1647 obstupescen-

228 1652 338 1692 tibus
361 1651 491 1693 oculis
522 1652 798 1705 ingenerauit.
822 1651 836 1705 Η
862 1651 1133 1704 Crediderim,
1167 1652 1288 1692 liuius
1309 1651 1498 1692 miraculi
1520 1656 1665 1692 aucto-

227 1723 314 1751 rem
330 1709 513 1750 futuram
530 1709 692 1750 iuuenis
709 1710 906 1750 seuiciam
926 1709 1176 1751 euidenciori
1198 1709 1400 1750 luminum
1424 1708 1664 1750 testimonio

229 1766 408 1822 prodere
447 1766 653 1818 uoluisse,
695 1781 747 1809 ne
788 1767 1068 1822 perspicacior
1100 1767 1287 1822 corporis
1321 1781 1417 1821 pars
1449 1766 1666 1820 sequentis

227 1825 313 1867 uite
344 1825 538 1880 presagio
572 1838 707 1866 uacua
737 1830 936 1866 maneret.
988 1825 1122 1873 Quem
1155 1839 1271 1874 anus,
1303 1838 1383 1879 que
1414 1824 1663 1879 pocionibus

229 1883 317 1924 eius
350 1888 538 1937 preerat,
580 1883 871 1924 uermiculatas
916 1897 987 1925 ore
1018 1888 1140 1924 notas
1170 1881 1356 1937 preferre
1390 1882 1666 1937 conspiciens,

229 1941 428 1981 inusitato
460 1940 624 1981 iuuenis
655 1941 825 1982 horrore
855 1946 1068 1996 permota,
1112 1941 1250 1981 subito
1294 1940 1414 1994 lapsu
1455 1939 1666 1983 decidens.

228 1999 357 2052 linqui
397 1999 537 2039 animo
582 1999 703 2053 cepit.
766 1998 860 2046 Quo
903 1998 1065 2052 euenit,
1110 2003 1158 2039 ut
1201 1997 1394 2053 Syuardo
1435 1997 1665 2053 serpentini

230 2056 338 2097 oculi
370 2056 588 2109 uulgatum
621 2057 701 2097 late
734 2070 968 2111 cognomen
1002 2055 1233 2097 accederet.

364 2113 535 2155 lnterea
558 2119 730 2168 nuptam
748 2114 932 2168 Regneri
948 2113 1131 2155 Thoram
1156 2113 1367 2155 uiolentus
1389 2112 1523 2154 morbi
1545 2126 1665 2154 casus

228 2170 481 2226 absumpsit,
521 2184 653 2225 eaque
697 2186 761 2213 res
801 2171 1087 2213 amantissimo
1120 2170 1305 2225 coniugis
1337 2171 1428 2213 uiro
1460 2170 1663 2211 infinitam

228 2229 473 2284 egritudinis
509 2229 745 2270 molestiam
779 2229 956 2284 peperit,
1018 2228 1152 2277 Quam
1186 2229 1344 2283 optime
1374 2228 1552 2282 negocio
1585 2226 1665 2268 dis-

228 2287 470 2328 cuciendam
503 2291 643 2339 ratus,
684 2287 887 2328 solacium
917 2287 969 2328 ab
1002 2287 1211 2328 exercicio
1244 2286 1424 2327 mutuari
1457 2286 1664 2327 dolorem-

229 2358 311 2399 que
341 2345 485 2386 labore
517 2350 751 2399 temperare
779 2344 784 2396 Ι
812 2345 1040 2393 constituit.
1104 2343 1296 2385 Miliciam
1341 2344 1484 2399 itaque
1525 2344 1662 2385 detra-

229 2402 367 2443 hende
398 2401 644 2457 egritudinis
677 2402 951 2457 pariendique
984 2402 1198 2444 solaminis
1240 2401 1382 2455 gracia
1422 2401 1661 2452 meditatus,

228 2461 399 2513 statuit,
437 2464 485 2500 ut
525 2460 811 2515 unusquisque
848 2459 1172 2515 paterfamilias,
1214 2473 1340 2514 quem
1370 2459 1478 2500 inter
1508 2458 1662 2500 liberos

228 2517 635 2573 contemptissimum
667 2517 862 2569 duceret,
903 2522 975 2559 aut
1004 2518 1166 2572 siquem
1205 2517 1399 2572 pigrioris
1447 2529 1573 2571 opere
1614 2528 1662 2556 ac

228 2575 363 2617 minus
379 2579 568 2632 spectate
584 2575 681 2617 fidei
698 2588 869 2617 seruum
885 2575 1074 2630 haberet,
1096 2574 1304 2631 stipendia
1320 2574 1399 2615 sibi
1415 2574 1661 2616 meriturum

1718 746 1746 771 p.
1765 740 1814 764 us
