1884 3126
36 1572 149 1617 ''10
180 1575 406 1632 tyrannide
451 1576 685 1630 uoluptatis
731 1574 918 1631 ac]{cepit.
978 1576 1094 1618 Dum
1148 1576 1257 1617 enim
1305 1590 1400 1616 eum
1451 1576 1622 1617 fortuna
1675 1588 1769 1621 (181)

557 807 823 862 SAXOle
862 808 1252 863 GRAMMATICI
1684 837 1712 862 p.
1731 828 1782 855 475

516 949 928 992 I-IISTORIE
980 948 1302 991 DANIoE

705 1078 850 1111 LIBER
884 1077 1111 1111 DECIMVS.

281 1219 283 1221 ’
320 1192 542 1265 Defuncto
592 1222 820 1276 Gormone,
869 1222 1096 1275 Haraldus,
1143 1222 1395 1263 hereditarie
1440 1222 1626 1263 domina-

131 1304 147 1329 5
179 1287 310 1328 cionis
337 1287 551 1328 fortunam
576 1287 802 1342 conspicue
824 1287 1086 1329 fortitudinis
1109 1286 1306 1341 operibus
1328 1287 1524 1342 prosequi
1558 1301 1627 1327 cu·
1687 1311 1695 1319 ·

180 1346 320 1400 piens,
364 1345 541 1386 traiecta
573 1345 614 1386 in
648 1343 867 1387 Orientem
898 1346 1086 1400 piratica,
1122 1344 1464 1399 circumpositum
1497 1344 1626 1386 laces-

180 1403 278 1444 siuit
310 1402 540 1444 Oceanum.
604 1402 687 1444 Sed
719 1402 945 1457 absumpto
990 1403 1155 1444 interim
1190 1401 1450 1454 Hedelrado,
1495 1416 1625 1458 quan-

181 1474 306 1516 quam
369 1459 541 1502 sedulos
602 1462 823 1516 questuosi
897 1460 1062 1515 negocii
1121 1459 1285 1502 fructus
1361 1460 1624 1515 decerperet,

181 1519 392 1574 aliquanto
425 1518 518 1573 plus
550 1523 689 1559 tamen
734 1519 774 1559 in
818 1519 934 1559 auito
968 1518 1055 1560 fato
1091 1517 1380 1559 amaritudinis
1413 1532 1538 1573 quam
1573 1532 1624 1558 ex

183 1633 440 1676 cumulaeius
472 1634 662 1675 barbaris
695 1633 844 1674 ditauit
867 1635 1032 1689 opibus,
1050 1634 1241 1688 Anglicis
1264 1634 1395 1685 exuit,
1430 1638 1625 1675 externa·
1668 1665 1671 1667 -

185 1706 264 1748 que
296 1693 502 1733 donatum
534 1691 667 1746 preda
698 1692 928 1733 domestica
960 1697 1088 1747 atque
1122 1691 1375 1732 hereditaria
1412 1691 1625 1746 spoliauit.

183 1749 401 1806 Siquidem
443 1749 676 1791 Hedelradi
717 1750 826 1790 filius
874 1750 1148 1802 Adelstenus,
1195 1750 1326 1804 patris
1370 1753 1625 1791 testamento

182 1806 484 1864 prete1·[r]itus‚
515 1807 854 1861 indignacionem
889 1821 1007 1849 suam
1038 1808 1182 1859 literis,
1228 1807 1379 1862 quibus
1411 1806 1626 1848 Hau-aldus

114 1880 149 1908 15
184 1867 305 1908 heres
338 1865 614 1916 scribebatur,
648 1866 857 1921 opposuit,
888 1864 1191 1921 re<s>eissoque
1224 1865 1406 1920 parentis
1439 1865 1626 1909 arbitrio,
1671 1884 1675 1891 ·

183 1924 398 1979 proprium
433 1924 641 1964 emulatus
674 1928 749 1964 est.
800 1923 936 1978 Igitur
968 1923 1182 1977 Noruagie
1205 1936 1293 1976 rex,
1327 1923 1466 1963 obtusi
1490 1923 1625 1964 cordis

183 1982 339 2024 homini
361 1981 618 2036 amplissime
639 1982 700 2022 rei
722 1979 940 2037 sumlmam
959 1982 1136 2023 cessisse
1161 1982 1393 2035 ingemenS,
1420 1980 1626 2035 pociende
1680 2000 1706 2024 1³-
1729 1992 1779 2018 476

185 2040 274 2081 eius
320 2053 394 2095 spe
440 2042 605 2080 armata
650 2039 831 2081 insulam
878 2040 1012 2081 cla-sse
1057 2039 1196 2094 peciit.
1259 2038 1388 2079 Cuius
1435 2052 1530 2079 cum
1581 2052 1626 2079 sc

185 2097 445 2139 Adelstenus
488 2097 650 2138 uiribus
695 2098 897 2139 minorem
943 2097 1313 2148 animaduerteret,
1365 2095 1625 2137 conficiendo

114 2170 152 2197 20
182 2168 327 2211 pugne
374 2154 529 2196 fiducia
574 2168 736 2196 uacuus
784 2155 940 2196 bellum
992 2154 1044 2195 ad
1098 2154 1347 2209 obsequium
1399 2154 1630 2203 transtulit,

189 2212 519 2254 beniuolenciam
552 2213 697 2262 hostis,
739 2226 867 2266 quem
909 2213 1033 2254 armis
1072 2214 1321 2267 propulsare
1363 2212 1625 2266 nequiuerat,

185 2271 331 2313 officiis
364 2283 593 2325 capessere
625 2270 812 2325 cupiens.
875 2270 973 2312 Non
1016 2271 1151 2311 solum
1195 2269 1305 2310 enim
1346 2282 1491 2323 regem
1523 2269 1625 2310 ami-

185 2328 349 2370 cissimo
373 2329 497 2369 uultu
525 2328 911 2383 benignissimoque
943 2328 1110 2383 excepit
1140 2327 1337 2382 alloquio,
1370 2326 1441 2367 sed
1477 2327 1623 2380 eciam,

181 2396 267 2441 ‘quo
301 2386 508 2427 salubrius
539 2387 716 2440 patriani
748 2387 874 2427 armis
906 2385 1128 2426 hostilibus
1158 2384 1379 2437 liberaret,
1411 2385 1496 2425 filio
1534 2385 1622 2426 eius

112 2457 151 2485 25
183 2444 399 2499 Haquino,
431 2443 484 2484 ad
513 2443 684 2484 modum
716 2448 879 2496 tenerO,
913 2443 1178 2486 educacionis
1199 2443 1433 2497 impensam
1464 2441 1624 2496 pollici-

185 2506 265 2555 tus,
312 2515 488 2556 regnum
536 2515 580 2543 se
627 2501 784 2556 pariter
830 2505 1084 2542 testamento
1122 2501 1360 2555 legaturum
1404 2500 1622 2554 promittit.

185 2559 321 2607 Quam·
354 2572 441 2599 rem
473 2560 672 2611 maxime,
706 2564 752 2599 ut
784 2558 1036 2613 Noruagicis
1068 2558 1192 2599 armis
1225 2557 1449 2598 aduersum
1471 2556 1624 2597 Haral-

184 2616 284 2658 dum
335 2619 544 2666 uteretur,
604 2616 748 2673 oblatu
808 2615 977 2671 dignam
1028 2615 1207 2671 putauit.
1288 2614 1390 2656 Eius
1443 2627 1623 2669 namque
