1884 3126
208 910 242 936 10

208 1197 241 1222 15

205 1486 240 1511 ¹20

280 258 437 299 362-
859 249 1129 291 —X—

281 382 490 436 deponere
523 378 761 418 libertatem
791 381 920 429 atque
954 389 1006 416 ex
1038 374 1220 429 fulgenti
1261 373 1438 427 imperio
1471 376 1646 428 repente
1676 373 1718 414 in

283 438 551 479 humillimam
576 434 805 476 concedere
829 433 1094 475 seruitutem.
1128 431 1209 473 Sed
1235 431 1429 485 religiosa
1451 431 1717 486 popularium

279 495 493 537 sentencia
525 492 766 546 superabat,
799 504 977 545 quorum
1010 490 1182 531 arbitrio
1214 490 1347 544 pacti,
1388 503 1470 529 non
1504 488 1718 542 sanguinis

280 553 444 592 habitus
479 549 768 591 estimabatur.
828 547 989 589 Verum
1023 553 1070 588 ut
1103 547 1245 600 Magni
1277 547 1387 587 uotis
1420 546 1583 587 Danica
1614 546 1718 587 fides

278 608 517 661 respondit,
560 607 617 647 ita
649 606 856 646 Sueuonis
899 605 1182 646 credulitatem
1216 603 1395 658 Anglica
1436 603 1610 658 perfidia
1642 604 1719 644 cin-

277 669 527 706 cunuentam
571 662 793 718 oppressit.
869 662 980 703 Nam
1020 667 1117 717 post
1159 663 1247 702 eius
1279 662 1330 702 ab
1364 661 1521 715 Anglia
1551 661 1716 717 profec-

277 723 437 763 cionem
461 721 673 762 Godouini
700 721 808 761 filius
832 720 1047 761 Har-aldus
1080 734 1154 774 spe
1186 719 1377 774 improba
1409 720 1540 760 tocius
1562 719 1718 774 Anglie

276 794 405 833 reffnu
415 794 449 819 m
471 780 728 834 complexus,
747 779 994 832 participato
1013 791 1106 819 cum
1123 777 1269 818 incolis
1289 778 1476 830 consilio,
1496 777 1716 830 Danicum,

276 836 356 889 utll
382 844 470 877 erat
502 851 582 901 per.
608 835 793 900 presidia
836 835 1109 886 distributus,
1155 834 1387 876 exercitum
1433 836 1718 900 compluribus

275 895 503 949 separatim
546 894 645 934 uicis
689 907 772 934 uno
816 893 1050 947 eodemque
1094 898 1283 947 tempore
1324 892 1546 958 magnifico
1580 893 1719 934 conui-

276 953 438 993 uiorum
471 958 678 1006 apparatu
710 965 783 1006 per
816 951 1003 1016 obsequii
1048 951 1364 992 simulacionem
1408 951 1542 1005 excipi
1586 951 1718 1004 iussit,

277 1024 475 1064 meioque
499 1024 546 1049 ac
568 1022 715 1050 somno
740 1009 921 1063 sopitum
956 1013 1083 1050 noctu
1115 1022 1189 1062 per
1221 1008 1391 1049 insidias
1423 984 1720 1049 trucidanduni

275 1069 450 1108 curauit.
513 1066 575 1107 Ea
618 1081 703 1107 nox
746 1067 924 1122 paruulo
972 1066 1174 1121 temporis
1222 1071 1433 1106 momento
1470 1069 1718 1117 {uetustam

274 1125 492 1166 Danorum
510 1124 846 1164 dominacionem
865 1124 1022 1179 diuque
1045 1124 1250 1165 maiorum
1276 1125 1433 1165 uirtute
1456 1124 1719 1165 elaboratum

273 1183 409 1222 finiuit
452 1183 684 1237 imperium.
746 1182 827 1223 Sed
873 1196 1008 1237 neque
1048 1182 1089 1222 id
1133 1188 1303 1237 postera
1345 1182 1502 1223 nostris
1547 1181 1717 1222 fortuna

276 1240 469 1280 restituit.
532 1240 599 1280 Ita
644 1240 799 1294 Anglia
846 1239 1091 1280 dominandi
1138 1241 1229 1292 ius,
1275 1240 1449 1294 ignauia
1494 1239 1717 1295 perditum,

274 1298 432 1338 scelere
465 1298 742 1352 recuperauit.
807 1297 940 1350 Igitur
974 1296 1201 1349 Heu-aldus,
1236 1297 1398 1339 Danice
1434 1297 1718 1352 oppressionis

274 1356 482 1410 simulque
526 1355 757 1397 domestice
805 1355 1011 1396 libertatis
1043 1361 1213 1404 auctor,
1253 1354 1454 1396 Eduardo
1497 1369 1718 1407 summam,

273 1413 384 1452 facta
417 1427 498 1453 non
531 1413 655 1453 animi
690 1413 790 1461 eius,
822 1413 895 1454 sed
927 1413 1142 1467 sanguinis
1174 1413 1471 1465 estimacione‚
1504 1413 1718 1467 permittit,

274 1472 470 1525 quatinus
510 1471 578 1511 ille
621 1471 823 1523 nominis,
873 1472 959 1526 ipse
1003 1484 1140 1511 rerum
1181 1472 1463 1526 usui-pacione
1506 1475 1717 1524 regnaret,

273 1535 327 1579 et,
360 1542 442 1583 quo
475 1529 693 1569 nobilitate
726 1531 950 1583 peruenire
981 1542 1065 1569 non
1097 1533 1265 1583 posset,
1312 1528 1504 1583 potencia
1535 1528 1717 1569 uallatus

272 1591 529 1639 assurgeret.
591 1586 815 1627 Eduardus
849 1600 976 1638 uero,
1017 1586 1106 1626 sola
1137 1587 1304 1640 generis
1336 1586 1599 1638 auctoritate,
1633 1600 1714 1627 non

273 1643 501 1699 prudencie
533 1645 700 1684 racione
736 1645 931 1696 munitus,
965 1657 1074 1685 uano
1108 1644 1336 1685 maiestatis
1365 1644 1542 1685 obtentu
1565 1657 1716 1698 prauo-

274 1717 361 1742 rum
395 1702 563 1756 ingenia
596 1702 884 1756 maiorumque
917 1701 1198 1756 petulanciam
1231 1701 1454 1752 nutriebat,
1486 1702 1607 1742 titulo
1641 1716 1717 1742 rex

203 1775 239 1800 2³5
272 1760 429 1814 patrie,
470 1759 718 1800 condicione
749 1760 998 1801 miserabilis
1030 1773 1250 1814 procerum
1283 1773 1436 1811 uerna,
1481 1762 1716 1810 contentus,

203 2062 239 2087 30

204 2350 240 2377 35

205 2634 243 2664 40

274 1817 385 1872 quod
419 1817 487 1857 alii
518 1817 724 1867 fructum,
762 1818 851 1871 ipse
886 1818 1075 1857 umbram
1107 1821 1270 1858 tantum
1303 1831 1352 1857 ac
1382 1817 1566 1871 speciem
1596 1831 1717 1858 occu-

274 1880 427 1929 passet.
490 1874 556 1915 Ita
599 1875 831 1928 Anglorum
877 1876 987 1917 inter
1029 1888 1072 1915 se
1115 1889 1344 1925 summam,
1391 1888 1545 1915 nomen
1592 1878 1717 1929 atque

272 1933 512 1987 potenciam
560 1932 817 1983 diuiserunt,
865 1933 1058 1987 titulique
1103 1933 1165 1973 ius
1208 1946 1256 1972 ac
1300 1946 1437 1973 rerum
1486 1931 1715 1972 dominium

272 1991 404 2032 ueluti
439 1991 615 2030 diuersis
648 1990 700 2030 ab
732 1990 911 2031 inuicem
953 1990 1154 2044 gradibus
1198 1989 1461 2032 differebant.
1525 1989 1606 2031 Sed
1640 2003 1717 2030 nec

272 2047 487 2089 Haraldus
521 2048 701 2088 alienum
734 2049 873 2102 specie
905 2062 1080 2101 regnum
1113 2047 1295 2101 gessisse
1328 2052 1573 2097 contentus,
1622 2061 1716 2101 pro-

273 2106 406 2161 priam
431 2106 629 2146 claritatis
653 2107 879 2159 imaginem
908 2106 1145 2148 affectabat.
1190 2105 1325 2158 Igitur
1346 2105 1545 2146 Eduardo
1578 2105 1714 2160 ipsum

273 2178 440 2218 quoque
465 2164 790 2218 nuncupacionis
814 2163 942 2205 decus
965 2163 1131 2217 inuidit,
1151 2163 1375 2217 omniaque
1398 2163 1513 2216 regni
1537 2163 1715 2216 insignia

273 2222 315 2262 in
348 2236 391 2262 se
424 2223 562 2276 ipsum
605 2221 833 2262 transferre
871 2227 1069 2274 conatus,
1114 2220 1332 2275 cupiditati
1365 2219 1524 2261 aditum
1555 2221 1713 2261 scelere

274 2279 438 2334 petiuit,
471 2280 692 2334 occisoque
725 2292 846 2332 rege⁷
878 2279 1009 2332 tituli,
1042 2279 1111 2334 qui
1144 2278 1256 2319 solus
1288 2278 1367 2319 sibi
1410 2278 1557 2319 deesse
1598 2278 1715 2320 uide-

274 2337 410 2383 batur,
444 2337 621 2391 gloriam
655 2337 891 2391 occupauit.

413 2394 582 2435 Interea
614 2395 781 2447 Sueno,
814 2395 983 2435 tametsi
1015 2408 1108 2435 rara
1139 2393 1348 2435 fautorum
1382 2407 1463 2448 ope
1496 2394 1713 2445 subnixus,

276 2452 372 2493 belli
395 2466 488 2492 cum
513 2451 668 2505 Magno
691 2452 898 2493 fortunam
924 2452 1106 2507 experiri
1137 2451 1337 2496 decreuit,
1371 2464 1548 2506 cumque
1568 2451 1714 2506 paucis

275 2514 316 2551 et
354 2511 642 2564 incompositis
683 2510 885 2553 aduersus
927 2509 1240 2550 multitudinem
1281 2522 1449 2549 manum
1491 2522 1712 2550 conserere

275 2573 495 2608 cunctatus
528 2582 610 2608 non
646 2572 721 2609 est.
783 2567 917 2621 Igitur
947 2568 987 2607 in
1021 2567 1133 2607 Intia
1163 2567 1278 2621 prius
1310 2566 1530 2616 maritima,
1563 2565 1713 2606 deinde

274 2626 456 2680 equestri
479 2639 623 2682 pugna
643 2625 819 2667 sinistris
845 2626 1097 2685 congressus
1129 2624 1334 2679 auspiciis,
1367 2629 1545 2679 utraque
1576 2623 1712 2665 uictus

1781 842 1874 874 (9⁶3)

1773 1081 1800 1106 p.
1822 1073 1872 1100 5⁴2

1769 2411 1794 2435 p.
1816 2403 1866 2429 513
