1884 3126
239 908 270 935 ω

238 1199 273 1225 15

235 2067 271 2094 30

234 2358 270 2385 35

234 2646 271 2674 40

311 247 392 287 152
894 245 1163 287 -V—

308 373 448 428 gentis
470 374 646 428 stirpem
668 373 942 428 consumpsit.
987 372 1055 414 Sic
1088 373 1264 415 indebiti
1294 375 1446 429 premii
1477 375 1751 430 cupiditatem

308 431 451 473 debita
479 434 705 472 consecuta
738 436 801 472 est
831 445 954 486 pena,
986 432 1180 486 iustoque
1211 432 1415 487 supplicio
1442 432 1613 487 indigne
1645 447 1751 474 mer-

308 489 421 531 cedis
453 489 634 530 auiditas
667 487 816 530 adacta
847 494 924 531 est.
977 488 1235 531 Crediderim
1268 491 1359 532 iure
1392 491 1526 531 exicio
1561 491 1752 544 traditos,

308 548 390 602 qui,
409 560 504 587 cum
523 547 820 588 taciturnitatis
838 547 1100 588 munimento
1119 547 1299 589 salutem
1316 562 1489 590 seruare
1505 550 1752 603 potuissent,

305 620 408 647 uoce
440 605 677 660 periculum
708 604 967 647 adciuerunt.

447 663 541 704 Rex
576 662 756 704 recentis
781 663 958 704 uictorie
980 663 1111 704 titulis
1134 667 1321 716 euectus,
1357 677 1410 704 nc
1431 663 1596 717 iusticia
1629 679 1752 720 quam

307 721 431 762 armis
463 720 672 762 defeccior
705 720 933 773 uideretur,
965 722 1087 763 nouis
1120 721 1352 763 exercitum
1386 721 1547 776 legibus
1569 722 1753 764 formare

307 778 537 828 constituit,
569 793 747 844 quarum
777 791 950 833 presens
972 778 1178 833 quasdam
1200 779 1304 820 ritus
1328 784 1519 834 usuipat,
1551 780 1753 835 quasdam

307 836 648 877 a1bit1wa1iaiu1is
674 836 838 877 nouitis
872 836 1072 879 aboleuit.
1117 837 1262 878 Edixit
1293 838 1418 890 enim,
1452 841 1497 879 ut
1519 839 1753 894 primipilus

305 895 493 960 quisque
540 893 670 948 prede
717 894 951 949 particione
997 894 1132 944 facta,
1179 895 1378 936 maiorem
1429 901 1570 938 cetero
1623 897 1753 938 milite

308 953 551 1007 porcionem
585 952 849 1007 acciperet31
880 952 1056 994 ducibus
1090 967 1216 998 11010
1256 952 1407 1018 quibus
1440 954 1480 995 in
1514 954 1602 995 acie
1634 955 1752 1009 signa

308 1010 509 1052 anteferri
540 1011 749 1061 solerent,
788 1009 1004 1065 dignitatis
1037 1024 1164 1052 causa
1195 1011 1407 1066 captiuum
1444 1013 1650 1054 concessit
1679 1026 1753 1054 au-

307 1083 413 1110 rum.
456 1068 705 1123 Grcgarium
740 1082 842 1109 uero
875 1068 1048 1109 militem
1079 1073 1256 1123 argento
1291 1069 1427 1110 uoluit
1460 1085 1550 1112 esse
1584 1074 1754 1112 conten-

309 1132 412 1168 tum.
456 1127 588 1168 Arma
620 1125 672 1167 ad
705 1126 869 1180 pugiles
901 1127 1152 1178 redundare,
1186 1127 1352 1182 captiua
1385 1128 1556 1183 nauigia
1577 1128 1754 1184 popula-

306 1185 420 1226 ribus
443 1184 592 1226 cedere
613 1184 747 1238 iussit,
780 1187 929 1239 utpote
953 1186 1011 1226 eis
1036 1185 1191 1238 debita,
1223 1185 1375 1240 quibus
1408 1186 1617 1228 condendi
1644 1191 1754 1228 rates

307 1243 626 1297 instruendique
659 1242 722 1283 ius
755 1248 879 1284 esset.
920 1243 1125 1285 Preterea
1157 1243 1308 1295 sanxit,
1342 1243 1489 1298 nequis
1522 1258 1609 1285 rem
1635 1244 1754 1285 fami-

307 1301 450 1342 liarem
495 1301 599 1342 seris
639 1299 840 1341 mandare
880 1307 1164 1356 presumeret,
1205 1301 1376 1356 duplum
1410 1316 1465 1342 ex
1508 1302 1604 1344 fisco
1645 1303 1754 1356 regis

307 1360 559 1400 amissorum
610 1359 799 1413 precium
851 1363 1113 1414 recepturus.
1193 1359 1330 1408 Quam
1381 1359 1509 1414 siquis
1561 1374 1751 1402 arcarum

308 1417 499 1458 claustris
542 1416 855 1458 obseruandam
898 1416 1110 1483 duxisset,
1153 1431 1280 1459 auree
1321 1417 1426 1458 libre
1465 1418 1556 1472 regi
1587 1417 1754 1459 debitor

237 1489 253 1514 2>
307 1476 443 1517 fieret.
492 1475 650 1516 Statuit
682 1475 827 1528 eciam,
859 1480 907 1516 ut
938 1475 979 1516 in
1013 1489 1120 1525 eum,
1153 1476 1225 1530 qui
1255 1475 1337 1516 furi
1369 1476 1620 1542 ignosceret,
1652 1476 1754 1517 furti

306 1547 416 1588 pena
463 1532 684 1574 ieciderct.
746 1532 973 1587 Preterea,
1013 1534 1143 1588 siquis
1185 1533 1227 1574 in
1273 1533 1361 1574 acie
1402 1533 1564 1588 primus
1609 1534 1753 1588 fugam

306 1596 575 1646 capesseret,
607 1605 631 1631 a
664 1589 765 1645 com}
773 1591 888 1631 muni
919 1567 1010 1632 iuie
1042 1591 1204 1632 alienus
1237 1591 1452 1633 existeret.
1514 1591 1572 1632 At
1604 1592 1676 1632 ubi
1707 1592 1748 1633 in

305 1649 486 1690 Daniam
528 1623 676 1699 rediit,
718 1653 789 1702 ut,
831 1649 1030 1705 quicquid
1076 1648 1188 1704 Grep
1221 1649 1389 1690 sinistra
1430 1662 1591 1690 morum
1635 1664 1753 1691 usur-

306 1707 480 1761 pacione
513 1711 772 1762 corruperat,
818 1706 937 1749 bonis
971 1707 1128 1748 artibus
1163 1707 1366 1762 expiaret,
1399 1706 1660 1748 arbitrariam
1694 1707 1753 1749 fe-

236 1778 252 1804 2
306 1765 426 1806 minis
471 1764 656 1806 nubendi
703 1768 960 1819 potestatem
1006 1764 1203 1818 indulsit,
1250 1778 1390 1819 nequa
1432 1764 1542 1806 thori
1585 1765 1752 1807 coaccio

308 1823 442 1865 fieret.
486 1823 639 1877 Itaque
670 1823 766 1877 lege
800 1823 920 1876 cauit,
955 1827 1001 1864 ut
1033 1823 1091 1864 eis
1121 1823 1161 1863 in
1195 1823 1505 1864 matrimonium
1539 1823 1752 1876 cederent,

307 1881 459 1935 quibus
502 1880 741 1922 inconsulto
785 1885 904 1946 patre
945 1880 1199 1935 nupsissent
1260 1880 1319 1922 At
1350 1880 1384 1921 si
1415 1880 1547 1921 libera
1581 1895 1754 1922 consen-

307 1938 427 1980 sisset
459 1939 501 1979 in
535 1952 725 1991 seruum,
770 1939 859 1980 eius
903 1938 1188 1980 condicionem
1222 1942 1418 1993 equaret,
1461 1938 1754 1993 libertatisque

308 1996 511 2037 beneficio
534 1997 728 2051 spoliata,
758 1996 919 2037 seruilis
943 1995 1114 2037 fortune
1135 1999 1289 2037 statum
1311 1996 1520 2038 indueret.
1564 1996 1750 2037 Mar-ibus

304 2068 486 2109 quoque,
519 2068 813 2109 quamcunque
846 2054 1036 2110 primitus
1068 2053 1379 2108 cognouissent,
1413 2053 1594 2095 ducendi
1614 2054 1752 2108 legem

304 2112 470 2153 inflixit.
537 2112 769 2153 Adulteros
817 2126 841 2154 a
886 2113 1000 2154 ueris
1051 2111 1301 2166 coniugibus
1354 2125 1576 2166 corporum
1628 2117 1750 2167 parte

304 2169 547 2225 spoliandos
580 2170 811 2224 constituit,
844 2184 927 2225 quo
961 2170 1095 2211 minus
1128 2169 1394 2211 continencia
1424 2170 1598 2224 flagiciis
1623 2169 1751 2212 elide-

305 2231 431 2270 retur.
493 2227 640 2269 Edixit
680 2242 870 2283 quoque,
913 2232 980 2281 ut,
1017 2228 1085 2278 lsi
1116 2227 1264 2269 Danus
1297 2227 1418 2269 Dano
1457 2228 1646 2283 rapinam
1690 2227 1750 2269 in·

303 2286 479 2340 fiigeret,
512 2285 690 2352 duplum
720 2286 984 2341 rependeret,
1017 2300 1066 2327 ac
1098 2285 1256 2327 uiolate
1289 2286 1403 2340 pacis
1431 2284 1626 2327 crimi*ne
1651 2299 1749 2327 cen-

303 2348 480 2385 seretur.
523 2344 582 2385 At
613 2344 742 2399 siquis
776 2358 863 2385 rem
895 2343 1008 2385 furto
1041 2343 1247 2399 quesitam
1280 2343 1332 2385 ad
1365 2343 1543 2385 alienam
1576 2343 1747 2384 domum

303 2402 523 2456 perferret,
554 2400 837 2456 hospes<que>
867 2406 964 2457 post
993 2402 1109 2443 illum
1133 2401 1222 2443 edis
1253 2414 1328 2442 sue
1349 2401 1461 2443 fores
1494 2400 1752 2453 obcluderet,

304 2460 513 2501 bonorum
563 2460 750 2501 omnium
798 2473 950 2516 penam
997 2461 1255 2512 incurreret
1297 2465 1425 2513 atque
1466 2460 1508 2500 in
1550 2459 1752 2500 concione

304 2531 446 2558 coram
481 2518 678 2559 omnibus
711 2517 947 2573 uapularet,
963 2517 1093 2573 quod
1118 2531 1162 2558 se
1186 2516 1321 2558 eidem
1342 2517 1494 2558 delicto
1520 2517 1750 2558 obnoxium

302 2574 450 2618 fecisse
481 2574 725 2618 uideretur.
787 2575 1011 2629 Pretcrea,
1053 2574 1240 2631 quisquis
1282 2575 1458 2616 exulum
1497 2575 1631 2629 patrie
1674 2588 1750 2616 sue

302 2632 433 2676 hostis
467 2633 680 2689 euaderet,
706 2636 778 2675 aut
797 2633 1010 2680 inimicum
1034 2633 1197 2678 ciuibus
1219 2636 1383 2676 scutum
1406 2632 1586 2689 afferret²
1612 2646 1751 2677 rerum

1805 972 1819 997 p
1848 963 1884 990 2¹2¹

1803 1606 1830 1630 p.
1849 1598 1881 1624 22

1794 2294 1882 2322 LXV
