1884 3126
229 867 265 894 10

230 1158 265 1185 15

231 1446 267 1473 20

231 2025 269 2052 30

233 2315 269 2341 35

236 2602 271 2630 40

294 206 377 247 254
864 225 918 233 -
977 201 1067 246 VII
1127 225 1178 232 —-

296 331 479 374 conuiuii
508 331 652 383 facies,
684 345 762 373 nec
795 333 1019 388 quicquam
1041 332 1165 373 inicio
1197 345 1272 387 par
1303 335 1377 373 aut
1407 331 1618 387 persimile
1645 330 1736 374 fuit.

295 390 362 431 Ita
386 390 612 444 benignum
646 390 767 430 unius
790 391 965 445 hospitis
987 390 1243 446 promissum
1265 404 1528 432 communem
1551 389 1736 431 omnium

295 448 561 489 formidinem
595 448 886 503 propulsabat.
937 448 1052 490 Inter
1084 449 1160 489 1100
1195 448 1361 488 Hiallus
1396 453 1436 488 et
1470 448 1619 489 Scatus
1643 461 1736 488 eum

296 505 441 546 decem
474 506 710 547 uernaculis
750 507 1120 560 superuenientes,
1160 511 1360 560 tanquam
1405 505 1588 560 puellam
1627 506 1736 547 illico

294 561 535 618 sublalturi,
568 564 830 605 tumultuoso
869 569 1021 605 01111010
1052 565 1236 604 clamore
1277 564 1534 616 miscebant,
1580 577 1738 618 regem,

295 621 337 662 ni
368 622 496 662 filiam
527 622 567 662 in
601 621 798 676 expedito
832 623 1012 676 sisteret,
1045 627 1271 663 euocantes
1295 622 1335 661 in
1359 634 1559 676 pugnam.
1614 619 1738 675 QU0·!i

295 694 388 720 rum
436 678 816 721 debacchacionem
862 680 1055 735 protinus
1099 679 1177 720 Olo
1225 681 1452 734 sponsione
1495 679 1734 720 certaminis

296 737 466 793 exeipit,
491 737 735 779 condicione
764 738 940 789 adiecta,
973 738 1119 792 nequis
1140 737 1284 779 furtim
1315 741 1481 792 tergum
1503 736 1739 778 dimicantis

296 796 540 841 incesseret,
572 795 644 836 sed
678 795 868 837 aduersis
900 800 1064 836 tantum
1096 809 1240 850 pugna
1268 794 1564 850 congressibus
1596 799 1739 836 staret.

297 853 463 894 Deinde
495 853 662 907 gladio,
695 854 846 907 Logtlii
881 853 1013 905 dicto,
1058 855 1194 905 solus,
1239 853 1464 894 duodecim
1505 852 1740 908 prostratis,

299 912 432 951 maius
481 910 750 952 adolescente
797 925 903 966 opus
949 911 1092 953 edidit.
1168 911 1366 953 Ceterum
1413 924 1555 966 pugne
1600 911 1740 952 10011111

297 969 435 1010 insula
467 967 594 1009 dabat
626 969 765 1022 stagni
797 969 979 1010 medium
1012 973 1172 1018 tenens,
1203 969 1314 1010 unde
1348 982 1431 1009 non
1464 969 1590 1023 longe
1623 968 1740 1009 uicus

297 1028 430 1078 abest,
462 1027 532 1081 qui
564 1026 691 1067 cladis
726 1026 1014 1068 huiuscemodi
1048 1027 1367 1071 monimentum,
1402 1025 1532 1067 Hialli
1563 1031 1604 1068 ct
1627 1026 1739 1067 Scati

297 1084 471 1125 fratrum
506 1085 714 1126 uocabula
746 1085 1001 1126 coniunctim
1034 1085 1234 1138 referens,
1267 1085 1431 1139 prebet.

435 1141 570 1195 Igitur
615 1143 757 1197 puella
804 1143 881 1183 sibi
931 1144 969 1182 in
1011 1144 1220 1197 premium
1261 1142 1434 1183 uictor-ie
1480 1142 1598 1191 data,
1645 1155 1742 1182 011111

297 1200 427 1241 filium
461 1214 512 1240 ex
549 1214 598 1241 ca
629 1201 869 1242 sustulisset
902 1200 1425 1255 Omundum,1epetendi
1454 1201 1584 1254 patiis
1616 1200 1742 1240 licen-

299 1259 403 1298 ciam
436 1270 460 1297 a
492 1272 634 1299 socero
667 1265 829 1310 nactus,
862 1266 1087 1313 postquam
1118 1258 1298 1312 patriam
1320 1257 1560 1298 aThorone
1594 1257 1740 1311 regulo

297 1330 374 1370 pei
416 1315 646 1357 Tostonem
692 1315 984 1356 Victimmium
1034 1321 1074 1357 et
1119 1316 1350 1356 Leotarum
1381 1313 1448 1336 *ἢ*
1492 1314 1741 1369 cognomine

298 1373 511 1428 preditum
554 1375 790 1428 oppugnni
838 1389 971 1429 cogno
980 1372 1070 1429 'uit,
1116 1373 1168 1414 ad
1203 1373 1504 1415 conserendam
1545 1387 1639 1414 eum
1683 1372 1740 1413 eis

298 1445 468 1472 manum
501 1431 591 1472 solo
625 1432 805 1472 satellite
838 1432 1095 1473 muliebriter
1127 1432 1240 1472 culto
1274 1435 1497 1473 contentus
1539 1431 1741 1486 perrexit.

302 1489 494 1543 Cumque
518 1504 600 1530 non
633 1489 759 1539 longe
781 1490 990 1530 Theronis
1023 1490 1170 1530 edibus
1203 1489 1385 1535 01100001,
1417 1503 1540 1529 01111111
1564 1488 1740 1530 001111110-

300 1561 381 1602 que
413 1548 572 1588 ferrum
614 1548 772 1588 cauatis
817 1548 974 1588 baculis
1013 1548 1280 1588 condendum
1325 1548 1502 1588 curauit.
1575 1548 1631 1587 At
1671 1545 1739 1586 ubi

300 1606 460 1658 regiam
494 1604 632 1654 subiit,
666 1620 812 1646 uerum
848 1607 931 1646 oris
965 1606 1155 1646 habitum
1187 1605 1425 1645 adulterina
1466 1606 1605 1659 speeie
1645 1617 1742 1658 sup-

300 1664 494 1718 primens,
527 1663 728 1704 obtritum
758 1664 875 1704 annis
908 1664 1122 1704 hominem
1143 1663 1381 1704 simulabat.
1434 1662 1561 1718 Apud
1587 1661 1746 1717 Synar-

253 1736 263 1741 ·
299 1720 397 1761 dum
431 1734 532 1762 uero
567 1735 612 1762 se
646 1722 865 1775 egencium
898 1735 1042 1775 regem
1073 1722 1228 1774 fuisse,
1271 1720 1427 1775 filiique
1470 1721 1559 1761 eius
1593 1718 1741 1762 Olonis

301 1778 397 1820 odio
430 1779 688 1833 pertinacius
721 1785 861 1820 actum
898 1780 1071 1820 exulare
1104 1779 1284 1820 dicebat.
1338 1777 1475 1825 Quem
1505 1792 1606 1819 mox
1642 1776 1744 1817 auli-

301 1850 444 1877 corum
475 1837 664 1891 plerique
697 1837 806 1890 regis
846 1838 1014 1878 nomine
1057 1836 1392 1886 consalutantes,
1436 1837 1611 1889 genibus
1654 1835 1742 1875 nixi

301 1909 446 1935 manus
491 1896 525 1935 01
570 1909 644 1949 per
688 1894 912 1936 ludibrium
964 1895 1114 1936 offerre
1162 1899 1376 1950 ceperunt.
1454 1894 1616 1942 Quibus
1659 1893 1741 1944 ille,

300 1953 412 2008 quod
456 1952 542 1994 ioco
589 1958 828 2006 gesserant,
876 1956 1011 1994 ratum
1058 1953 1214 1994 habere
1258 1952 1404 2005 iussis,
1451 1952 1581 2004 ferro,
1629 1950 1741 2007 quod

299 2010 459 2051 baculis
491 2011 698 2051 inclusum
731 2011 966 2064 gestabant,
1001 2015 1160 2065 erepto,
1194 2024 1335 2064 regem
1369 2009 1542 2050 inuadit.
1589 2010 1743 2063 Itaque

301 2082 397 2124 pars
430 2068 610 2109 Olonem
642 2068 813 2115 iuuare,
858 2069 995 2109 iocum
1016 2082 1101 2123 -pro
1135 2068 1241 2109 serio
1279 2067 1454 2116 ducere,
1497 2081 1574 2108 uec
1617 2067 1741 2107 fidem

301 2141 377 2181 per
408 2125 659 2166 ludi*brium
683 2127 898 2180 prestitam
931 2127 1106 2178 uiolare,
1140 2125 1390 2179 complures,
1422 2127 1510 2165 uoti
1549 2125 1736 2166 uanitate

302 2184 490 2226 10001000
528 2198 552 2224 a
573 2183 782 2225 Tlioronis
807 2184 1002 2250 ‚partibus
1035 2189 1158 2226 01010.
1231 2183 1368 2237 Igitur
1399 2196 1553 2237 anceps
1585 2182 1743 2224 intesti-

302 2256 488 2296 numque
531 2242 711 2297 prelium
756 2243 901 2283 oritur.
975 2242 1192 2295 Denique,
1236 2241 1437 2282 Thorone
1479 2254 1562 2281 non
1607 2242 1743 2281 minus

300 2313 473 2340 suorum
512 2312 638 2355 quam
671 2300 845 2354 hospitis
886 2300 1011 2340 armis
1047 2313 1276 2354 oppresso,
1322 2298 1515 2339 Liotarus
1558 2299 1742 2339 letaliter

302 2357 500 2409 saucius,
554 2357 757 2399 uictorem
805 2357 985 2399 Olonem
1029 2363 1116 2398 tam
1158 2357 1327 2412 ingenio
1375 2356 1566 2397 uiuidum
1615 2369 1739 2410 quam

304 2429 440 2456 aorem
499 2415 696 2469 operibus
749 2415 961 2468 iudicans,
1014 2414 1170 2468 Vegeti
1221 2418 1498 2468 cognomento
1553 2414 1742 2463 donauit,

303 2473 488 2515 eundem
518 2473 677 2514 fraudis
700 2473 906 2528 exemplo,
940 2486 1023 2527 qua
1055 2474 1164 2513 cirea
1192 2472 1434 2513 Tlioronem
1468 2486 1566 2513 usus
1590 2471 1743 2521 fuerat,

304 2530 535 2585 periturum
568 2530 825 2584 uaticinans3
857 2530 1146 2572 indubitanter
1178 2531 1333 2585 quippe
1357 2529 1591 2571 domesticis
1625 2542 1745 2570 occa-

303 2602 446 2629 surum
492 2588 666 2631 insidiis.
742 2587 798 2630 Et
837 2601 931 2629 cum
975 2588 1085 2630 dicto
1127 2592 1302 2643 repente
1352 2586 1617 2628 exanimatus
1666 2591 1741 2628 est.

1809 683 1878 713 (142

1768 2132 1884 2163 DXXV
