1884 3126
191 878 224 905 lo

195 1171 225 1197 15

186 1458 202 1484 2
209 1458 226 1483 0

184 2034 220 2062 30

184 2384 220 2411 35

259 222 341 263 204
838 241 886 246 —
951 219 1014 261 VI
1076 244 1128 248 —

258 352 415 397 tutem,
460 361 584 403 quam
616 346 836 389 debilitare
866 348 1135 402 nequiuerat,
1181 350 1376 402 stupens,
1419 347 1528 401 eius,
1572 361 1695 404 quem

257 405 415 447 frustra
447 405 660 447 beneficiis
693 404 834 458 coluit,
867 405 1128 446 ammiratrix
1160 405 1307 447 euasit.

397 462 557 504 Videns
589 467 729 504 autem
762 462 1079 516 Starcatherus,
1113 477 1198 513 eos,
1230 463 1302 518 qui
1333 462 1592 504 Frothonem
1624 477 1696 518 op-

255 525 516 576 presserant,
559 521 600 561 in
639 534 801 562 summa
843 521 957 586 regis
998 495 1247 576 dignacione
1280 521 1464 574 uersari,
1506 522 1697 576 concepti

256 578 408 619 furoris
449 577 781 632 magnitudinem
824 578 1026 620 acerrimo
1069 578 1291 620 oculorum
1322 577 1469 618 habitu
1498 578 1696 632 prodidit,

256 636 529 691 internosque
560 640 699 678 motus
732 640 910 677 externo
942 637 1024 678 oris
1055 635 1209 677 indicio
1240 635 1455 691 patefecit,
1490 636 1696 678 occultam

255 693 380 734 animi
402 693 629 748 procellam
661 698 806 749 aperta
837 694 1040 735 luminum
1073 694 1230 735 seuicia
1261 696 1457 735 testatus.
1500 693 1696 749 Denique

255 751 419 802 Ingello
452 766 496 792 se
527 751 655 806 regiis
686 751 864 806 dapibus
897 751 1084 793 delenire
1127 751 1346 806 cupiente,
1387 750 1574 792 edulium
1605 765 1696 806 rep-

256 809 386 864 pulit,
430 808 542 864 quod
583 809 771 863 uulgaris
808 808 892 850 'cibi
934 809 1097 851 uilitate
1135 812 1359 850 contentus
1390 809 1613 864 peregrina
1644 808 1696 850 ad

256 866 426 908 modum
460 867 635 908 obsonia
666 865 888 920 fastidiret,
922 866 1300 921 communibusque
1334 866 1468 922 epulis
1490 871 1696 918 assuetus,

256 924 412 966 nullius
435 925 577 979 gulam
608 925 771 980 saporis
804 923 1094 966 oblectacione
1125 924 1329 979 palparet.
1381 922 1696 979 Inlterrogatus,

255 996 329 1023 cur
360 982 497 1023 fronte
539 988 624 1024 tam
667 982 810 1024 nubila
847 983 965 1036 regie
996 982 1262 1024 liberalitatis
1295 981 1498 1037 obsequio
1533 982 1593 1022 uti
1625 996 1698 1023 no-

255 1040 416 1091 luisset,
446 1040 686 1095 rcperiendi
717 1039 943 1081 Frothonis
975 1040 1049 1080 filii
1080 1041 1240 1094 gracia,
1272 1039 1453 1080 Daniam
1485 1039 1563 1081 sibi
1594 1040 1698 1094 peti-

256 1103 340 1139 tam
375 1099 576 1150 asseruit,
608 1112 687 1139 nec
719 1097 829 1148 eius,
870 1097 941 1151 qui
972 1097 1200 1153 petulantis
1230 1097 1436 1138 stomachi
1466 1097 1697 1152 ingluuiem

256 1169 436 1211 operosa
458 1156 613 1211 dapum
645 1156 838 1197 ubertate
869 1154 1050 1197 farciret.
1092 1155 1190 1196 Hoc
1223 1155 1331 1196 enim
1362 1155 1578 1196 familiaris
1609 1155 1698 1210 regi

256 1213 497 1255 Teutonum
529 1213 653 1255 luxus
687 1217 846 1268 egerat,
878 1217 925 1253 ut
956 1215 1150 1255 excoctas
1183 1213 1301 1267 aquis
1332 1213 1478 1268 epulas
1500 1212 1698 1254 deliciose

256 1271 465 1313 sacietatis
496 1270 635 1312 studio
669 1284 833 1312 rursum
866 1271 953 1324 igni
986 1270 1205 1313 torrendas
1237 1270 1444 1325 preberet.
1487 1270 1592 1312 Post
1619 1270 1699 1311 hec

255 1329 408 1383 Ingelli
440 1343 576 1370 mores
607 1330 789 1370 intactos
820 1328 1026 1383 preterire
1057 1342 1139 1369 non
1173 1342 1347 1383 passus,
1379 1328 1420 1369 in
1452 1328 1540 1369 eius
1572 1332 1699 1383 caput

257 1401 423 1428 omnem
456 1386 798 1441 reprehensionis
832 1385 1151 1427 amaritudinem
1192 1386 1428 1439 transtulit,
1469 1386 1697 1440 impietatis

258 1444 528 1495 damnatum,
576 1444 688 1499 quod
736 1444 861 1485 nimie
902 1444 1129 1485 saturitatis
1170 1458 1248 1485 usu
1287 1443 1491 1494 oscitans,
1534 1449 1697 1498 partam

256 1501 422 1544 edendo
456 1503 668 1557 crapulam
701 1501 798 1543 feda
831 1501 1071 1544 ructacione
1103 1501 1336 1555 exhalaret,
1359 1501 1696 1556 Saxonicamque

254 1560 442 1602 imitatus
493 1559 734 1601 illecebram
786 1559 1051 1614 amplissimis
1098 1573 1122 1601 a
1168 1559 1402 1601 sobrietate
1453 1559 1696 1601 excessibus

255 1618 521 1670 aberrasset,
565 1617 673 1660 adeo
714 1617 871 1659 uirtute
902 1631 1083 1669 uacuus,
1123 1622 1170 1658 ut
1201 1631 1254 1659 ne
1284 1617 1498 1658 minimam
1530 1615 1696 1671 quidem

254 1675 343 1717 eius
367 1675 558 1717 umbram
584 1679 911 1717 consectaretur.
950 1675 1134 1716 Maxime
1165 1678 1307 1717 autem
1339 1674 1395 1715 illi
1428 1674 1698 1729 turpitudinis

186 1746 203 1773 2
255 1733 466 1774 cumulum
499 1734 700 1775 accedere
733 1732 1018 1786 memorabat,
1058 1732 1169 1788 quod
1202 1733 1243 1774 in
1274 1733 1365 1788 ipso
1398 1732 1550 1773 milicie
1582 1736 1696 1788 tyro-

255 1791 362 1833 cinio
396 1790 624 1832 ulciscendi
655 1791 844 1847 parentis
875 1791 1116 1840 immemor,
1165 1790 1356 1844 neglecta
1396 1793 1544 1831 nature
1587 1789 1696 1843 lege,

252 1849 417 1903 paterni
455 1849 668 1903 sanguinis
709 1849 923 1890 carnifices
963 1848 1252 1889 beniuolencia
1283 1853 1411 1902 atque
1444 1847 1581 1889 officio
1613 1861 1698 1888 am-

253 1907 524 1961 plecteretur,
554 1907 812 1962 iniquissime
845 1906 1020 1947 meritos
1063 1906 1348 1947 amantissima
1380 1906 1554 1947 caritate
1586 1919 1697 1946 com-

252 1965 419 2019 plexus,
452 1978 628 2020 eosque,
647 1965 701 2014 ,in
733 1977 837 2019 quos
871 1978 997 2018 quam
1028 1964 1229 2005 acerrime
1260 1962 1597 2005 animaduertere
1629 1963 1698 2004 de-

251 2022 414 2073 buerat,
446 2037 530 2065 non
564 2021 689 2064 modo
722 2022 973 2075 impunitate
1005 2021 1222 2071 donasset,
1253 2035 1401 2063 uerum
1435 2020 1567 2062 eciam
1598 2034 1695 2062 con-

252 2080 365 2121 uictu
398 2094 448 2122 ac
480 2095 625 2123 mense
659 2080 819 2121 honore
848 2079 999 2134 dignos
1030 2078 1275 2131 iudicasset,
1308 2093 1332 2120 a
1364 2078 1516 2134 quibus
1547 2079 1694 2133 pocius

253 2137 431 2194 capitale
463 2138 714 2194 supplicium
746 2136 997 2180 sumendum
1035 2136 1196 2179 fuisset.
1258 2134 1486 2179 *Preterea
1516 2136 1584 2177 hic
1615 2136 1693 2177 hoc

252 2197 436 2238 carmine
468 2210 570 2237 usus
601 2195 815 2238 asseritur.

529 2326 663 2369 Cedat
695 2327 874 2369 imbellis
906 2326 1053 2368 uetulo
1086 2326 1282 2368 iuuentus

527 2385 583 2427 Et
614 2386 724 2428 senis
758 2384 927 2426 crebros
959 2389 1189 2425 ueneretur
1222 2399 1374 2439 annos;

529 2443 578 2484 In
612 2444 704 2484 uiro
736 2442 835 2484 forti
867 2455 1093 2484 numerosa
1124 2456 1247 2484 nemo

666 2499 874 2555 Tempora
906 2499 1063 2554 culpet.

531 2591 703 2634 Albicet
733 2605 972 2649 quanquam
1005 2591 1123 2635 senio
1157 2591 1346 2649 capillus,

1751 940 1776 965 p.
1800 932 1849 959 303

1765 2144 1855 2175 Lxu
