1884 3126
86 893 118 921 10

82 1184 116 1212 15

77 1475 114 1502 20

76 2055 114 2084 30

694 256 747 262 -—
807 231 947 274 XIIII
1010 256 1059 261 -
1521 238 1602 279 569

149 363 311 414 gerent.
374 359 491 401 Inter
528 375 631 416 quas
671 364 761 401 erat
801 361 972 402 stanitia
1015 360 1112 413 (am
1156 361 1347 404 Rande
1380 362 1601 418 Stuatira),

151 418 442 473 magnitudine
473 433 522 460 ac
554 419 694 460 colore
726 419 924 473 insignis,
964 420 1029 461 cui
1062 424 1226 461 tantum
1259 422 1547 464 ueneracionis
1577 438 1602 464 a

149 476 305 532 populo
337 475 535 531 Rugiano
566 477 772 528 tiibutum
805 482 881 528 est,
915 483 1119 543 quantum
1148 479 1334 520 omnium
1367 493 1473 534 pene
1505 480 1602 522 deo-

150 549 244 575 rum
272 535 276 584 1
306 535 503 576 maiestas
545 526 737 577 obtinuit.
808 534 917 576 Eam
958 536 1071 577 enim
1113 550 1187 590 pre
1239 551 1282 578 se
1325 538 1508 580 ferentes
1554 540 1597 581 in

150 591 336 634 humana
383 593 610 649 diuinaque
661 593 881 647 grassandi
931 599 1186 648 potestatem
1237 595 1474 647 habebant,
1528 612 1604 639 nec

151 651 376 706 quicquam
427 652 510 703 eis,
562 651 673 707 quod
719 652 886 693 libitum
932 651 1064 705 soret,
1111 653 1304 694 illicitum
1351 654 1601 698 habebatur.

149 709 354 763 Populari
384 709 522 756 urbes
555 724 649 751 aras
672 709 876 755 demoliri
910 710 974 751 fas
1006 724 1054 751 ac
1076 710 1194 752 nefas
1226 711 1268 752 in
1290 726 1397 767 equo
1429 727 1601 768 ponere,

149 773 403 823 cunctosque
436 767 576 823 Rugie
607 772 783 822 penates
815 772 888 809 aut
918 769 1049 809 ruinis
1081 773 1154 809 aut
1175 769 1377 811 incendiis
1410 776 1601 814 euerte1e

149 827 375 881 potuisset3
409 831 658 892 tantumque
688 826 979 881 supersticioni
1012 826 1222 868 indultum
1253 833 1338 879 est,
1379 834 1425 869 ut
1457 830 1602 884 exigui

149 884 277 939 panni
311 885 539 926 auctoritas
571 885 686 939 regie
720 885 941 939 potestatis
973 885 1084 926 uires
1119 861 1448 928 transcenderet.
1506 887 1601 929 Ple-

149 946 309 984 ctentes
341 943 472 997 signo,
506 942 680 998 perinde
713 957 761 984 ac
793 942 936 984 diuino
968 944 1206 997 gestamini,
1239 944 1440 986 honorem
1473 945 1601 987 habe-

147 1000 264 1054 bant,
296 1001 444 1042 officiis
469 1001 636 1050 damna,
661 1001 836 1042 iniurias
858 1001 1066 1055 obsequiis
1090 1001 1383 1056 rependentes.
1431 1003 1601 1045 Interea

147 1059 276 1100 uariis
320 1059 554 1100 inchoande
602 1059 828 1100 obsidionis
879 1059 1076 1114 operibus
1128 1060 1344 1102 insistente
1396 1063 1600 1117 exercitu,

149 1117 324 1172 aliisque
356 1117 549 1171 stabula,
582 1118 675 1158 aliis
709 1117 893 1159 tentoria
924 1117 977 1158 ad
1010 1119 1265 1159 necessarios
1296 1133 1395 1160 usus
1428 1120 1602 1162 militari

147 1176 449 1229 procuracione
481 1176 761 1228 uersantibus,
795 1189 895 1230 rege
917 1189 1018 1217 uero
1051 1175 1190 1217 diurni
1213 1177 1362 1218 caloris
1394 1178 1599 1233 intempe-

147 1234 332 1275 ranciam
377 1234 465 1275 ocio
509 1238 635 1289 atque
679 1234 936 1275 umbraculis
977 1234 1183 1282 leniente,
1226 1234 1444 1286 Danorum
1490 1237 1599 1277 forte

148 1292 294 1347 pueri,
336 1292 471 1347 plenis
512 1293 752 1347 petulancie
793 1293 1038 1333 excursibus
1085 1292 1139 1333 ad
1186 1293 1347 1334 uallum
1391 1294 1598 1349 perducti,

149 1354 364 1392 contortos
403 1350 535 1391 funda
574 1351 742 1405 lapillos
785 1350 827 1391 in
856 1351 1175 1405 propugnacula
1205 1352 1341 1393 iacere
1382 1359 1597 1407 ceperunt.

150 1408 341 1457 Quorum
371 1409 542 1462 ingenio
577 1409 775 1450 delectati
797 1409 931 1462 magis
953 1408 1261 1461 Archonenses,
1294 1424 1422 1465 quam
1452 1412 1598 1463 territi,

146 1467 301 1508 similes
333 1467 444 1507 lusui
485 1467 601 1508 nisus
634 1467 761 1508 armis
800 1467 996 1521 excipere
1028 1467 1355 1519 erubescebant,
1388 1468 1440 1509 ob
1472 1469 1599 1524 idque

146 1539 216 1566 eos
257 1529 447 1580 spectare
489 1539 615 1580 quam
659 1525 863 1580 repellere
917 1525 1170 1567 maluerunt.
1244 1526 1598 1568 Adolescentibus

146 1583 325 1624 subinde
357 1597 589 1638 puerorum
610 1588 780 1638 ceptum
802 1583 844 1624 in
867 1583 1071 1624 consimili
1095 1585 1409 1638 prouocacionis
1441 1599 1597 1639 genere

146 1641 452 1689 emulantibus,
498 1641 717 1696 spectandi
763 1643 979 1696 uoluptate
1021 1641 1235 1697 deposita,
1278 1656 1377 1697 egre
1410 1657 1598 1697 pugnam

146 1703 382 1754 capessunt,
443 1699 627 1741 quenes
668 1713 831 1755 quoque
871 1700 1026 1752 nostri,
1068 1700 1222 1741 relictis
1263 1702 1380 1742 uarie
1422 1715 1598 1756 occupa-

146 1758 278 1799 cionis
310 1757 470 1810 officiis,
503 1757 556 1798 ad
588 1758 749 1799 auxilia
780 1757 900 1800 sociis
933 1757 1108 1799 ferenda
1139 1763 1417 1810 concurrunt,
1450 1760 1599 1814 equiti-

146 1816 224 1856 bus
256 1816 337 1856 ista
370 1815 594 1870 puerilium
627 1814 956 1858 exe1·ciciorun]'⁴“'
987 1816 1081 1856 loeo
1115 1816 1382 1858 ducentibus.
1432 1817 1498 1857 Ita
1530 1832 1596 1859 res

146 1873 336 1928 paruulis
369 1888 419 1914 ac
451 1888 561 1928 pene
593 1873 920 1929 despicabilibus
943 1874 1078 1914 iniciis
1112 1879 1236 1928 cepta
1256 1874 1460 1929 grandem
1485 1874 1596 1917 haud

145 1932 230 1973 leui
263 1931 303 1972 in
336 1936 553 1973 momento
598 1932 782 1986 ponendi
826 1933 1062 1973 certaminis
1106 1946 1377 1988 progressum
1420 1934 1596 1988 accepit,

147 1991 435 2045 paulatimque
479 1990 649 2044 puerilis
686 1990 775 2031 ludi
816 1991 1138 2031 incitamentum
1180 1990 1231 2030 ad
1264 1992 1420 2031 serium
1463 1992 1593 2033 uirilis

145 2062 287 2102 pugne
323 2047 490 2089 modum
523 2049 746 2103 prorepsit.
790 2049 917 2091 Forte
939 2052 1082 2090 autem
1117 2056 1265 2103 egesta
1296 2055 1416 2104 porte
1443 2049 1594 2091 liumus

144 2107 186 2147 in
218 2107 327 2146 antri
359 2106 449 2147 siue
483 2106 709 2160 crepidinis
730 2106 921 2159 formam,
944 2106 1189 2148 subsidente
1216 2107 1438 2161 glebarum
1472 2108 1596 2159 mole,

146 2168 441 2216 concesserat,
474 2170 708 2220 uastusque
740 2165 851 2206 inter
883 2165 1033 2206 turrim
1068 2171 1108 2206 et
1142 2165 1321 2220 cespites
1355 2165 1493 2206 hiatus
1527 2179 1599 2220 pa-

146 2222 275 2264 tebat.
340 2221 478 2269 Quem
522 2237 616 2263 cum
659 2224 822 2278 egregii
864 2222 991 2264 animi
1031 2223 1201 2275 ignotus
1246 2223 1410 2264 iuuenis
1443 2237 1595 2278 geren-

146 2280 296 2321 darum
328 2294 465 2321 rerum
501 2281 721 2335 proposito
750 2287 1039 2336 opportunum
1063 2281 1439 2334 animaduerteret,
1471 2281 1597 2322 attin-

99 2348 108 2352 ”
145 2339 270 2390 gendi
306 2338 395 2379 eius
429 2352 551 2393 opem
574 2352 599 2379 a
621 2339 745 2380 sociis
772 2339 1028 2394 implorauit,
1063 2354 1145 2394 quo
1171 2340 1202 2380 si
1226 2339 1413 2394 ipsorum
1438 2339 1596 2380 auxilio

145 2396 438 2452 precessisset,
493 2397 859 2451 expugnacionem
910 2397 1023 2438 illico
1086 2397 1411 2439 subsecuturam
1466 2411 1596 2452 seque

147 2455 323 2496 uictorie
363 2453 545 2507 gradum
590 2454 801 2495 facturum
848 2455 1101 2510 spondebat.
1175 2455 1363 2507 Quibus,
1411 2468 1596 2509 quonam

145 2512 274 2553 modo
309 2512 447 2552 iuuari
479 2516 638 2566 posset,
663 2511 1036 2566 percontantibus,
1071 2513 1246 2555 telorum
1272 2512 1481 2567 cuspides,
1504 2513 1596 2568 quis

146 2574 346 2625 tanquam
387 2571 513 2611 scalis
556 2569 780 2622 euaderet,
822 2570 971 2612 mediis
1018 2572 1224 2626 cespitum
1266 2572 1368 2611 locis
1402 2571 1596 2625 immergi

81 2641 118 2669 40
150 2628 353 2685 precepit,
387 2641 520 2683 eoque
552 2628 730 2682 negocio
753 2628 998 2680 subuectus,
1031 2635 1256 2684 postquam
1280 2628 1597 2684 animaduertit,

1653 551 1679 576 p.
1699 542 1749 570 831

1619 1828 1806 1857 Chxvlnb
