1884 3126
233 700 250 726 5

221 1050 255 1077 10

222 1340 255 1366 15

222 1630 258 1657 ¹20

222 1919 258 1946 25

224 2211 263 2238 30

228 2499 264 2527 35

281 227 362 267 134
868 221 1135 262 -V-

280 353 374 396 Hec
405 351 530 394 michi
561 366 627 393 res
659 351 790 405 auxit,
821 350 945 392 huius
980 349 1107 392 michi
1138 349 1283 404 gracia
1314 348 1495 404 primum

394 410 586 463 Munera,
618 409 761 462 robur,
797 423 913 464 opes,
945 408 1255 462 consiliumque
1286 406 1395 449 tulit.

693 522 844 566 Ericus
860 539 868 566 :

283 630 349 672 En
381 634 423 671 te
455 643 554 671 cura
586 630 737 684 premit
768 629 891 684 culpe
923 642 1018 681 rea3
1059 628 1195 670 tucior
1227 627 1324 669 huic
1356 631 1420 669 est

399 688 608 740 Libertas,
641 687 705 729 cui
739 701 854 728 mens
887 688 1137 729 intemerata
1167 693 1324 728 manet.

285 746 520 801 Decipitur,
554 746 740 800 quisquis
772 759 942 787 seruum
974 745 1053 787 sibi
1083 745 1219 800 poscit
1250 744 1454 794 amicum3

400 804 510 859 Sepe
542 803 652 846 solet
684 802 852 846 domino
884 817 1016 845 uerna
1047 817 1201 845 nocere
1234 816 1324 844 suo.

424 920 492 963 Ad
525 921 603 963 hec
635 921 750 975 Grep
782 919 1066 976 responsionis
1103 918 1341 974 aptitudine
1377 918 1628 971 destitutus,
1661 917 1732 958 ad-

287 980 427 1023 missis
462 993 618 1035 equum
652 977 885 1020 calcaribus
917 978 1088 1033 excipit.
1140 977 1199 1018 At
1231 977 1302 1018 ubi
1324 976 1496 1018 domum
1527 976 1734 1031 peruenit,

289 1039 556 1080 tumultuoso
590 1036 785 1078 clamoris
815 1036 978 1090 impetu
1008 1035 1167 1091 regiam
1198 1034 1395 1091 complet,
1431 1034 1658 1090 uerbisque
1689 1048 1735 1075 se

287 1097 447 1138 uictum
496 1095 757 1147 uociferans,
807 1107 974 1135 omnem
1014 1093 1058 1135 in
1103 1107 1220 1135 arma
1264 1092 1439 1134 militem
1484 1091 1735 1144 concitabat,

288 1160 492 1210 tanquam
525 1168 651 1195 manu
684 1152 915 1194 infaustum
946 1152 1065 1193 uocis
1097 1156 1310 1193 certamen
1332 1150 1510 1193 ulturus.
1561 1149 1736 1191 Iurabat

288 1213 413 1264 enim,
445 1226 490 1253 se
512 1211 722 1254 aduenam
744 1211 878 1252 aciem
899 1210 1135 1265 aquilarum
1169 1209 1382 1264 unguibus
1413 1208 1735 1251 substraturum.

290 1271 449 1313 Contra
472 1285 545 1313 rex
571 1269 707 1322 docet,
740 1268 1090 1311 deliberacionem
1108 1268 1242 1310 furori
1264 1266 1468 1319 dandam3
1498 1265 1736 1323 improuida

285 1329 522 1385 plerunque
562 1341 716 1370 nocere
758 1326 957 1379 consilia,
1002 1325 1104 1367 nihil
1136 1329 1260 1367 caute
1297 1325 1419 1367 simul
1462 1339 1510 1366 ac
1547 1324 1737 1366 celeriter

287 1387 378 1442 geri
410 1401 559 1442 posse;
592 1385 820 1441 plurimum
850 1384 1079 1439 precipites
1110 1383 1257 1426 obesse
1287 1384 1429 1437 nisus3
1461 1382 1513 1424 ad
1543 1383 1737 1424 ultimum

291 1444 561 1487 multitudine
583 1457 743 1498 paucos
764 1443 975 1484 incessere
1007 1456 1090 1484 non
1114 1441 1277 1484 decere.
1321 1441 1519 1483 Ceterum
1540 1440 1738 1483 solertem

290 1519 405 1557 esse,
449 1503 520 1558 qui
552 1502 709 1544 furenti
741 1501 879 1543 animo
923 1500 1068 1543 frenos
1099 1499 1278 1551 iniiciat,
1322 1500 1643 1554 seuientemque
1682 1498 1764 1540 ad·

289 1566 457 1616 tempus
480 1561 687 1615 impetum
708 1558 959 1615 interpellet.
1012 1558 1173 1600 Taliter
1204 1572 1282 1599 rex
1304 1557 1549 1614 precipitem
1571 1557 1737 1598 iuuenis

289 1621 392 1661 iram
435 1618 610 1661 consilio
655 1618 808 1660 cedere
852 1617 1004 1672 coegit.-
1065 1615 1156 1658 Nec
1195 1619 1334 1657 tamen
1375 1615 1574 1657 concitati
1613 1614 1737 1656 animi

290 1678 449 1720 rabiem
479 1677 484 1730 1
512 1676 619 1718 adeo
660 1676 828 1731 penitus
860 1674 913 1715 ad
954 1674 1205 1716 modestiam
1237 1673 1452 1725 euocauit,
1484 1673 1582 1728 quin
1616 1672 1737 1714 alter-

292 1736 513 1777 cacionum
546 1733 719 1788 athleta,
751 1747 902 1789 parum
934 1746 1137 1788 prospera
1169 1731 1485 1788 disceptacione
1526 1730 1738 1781 confusus,

293 1797 447 1848 negata
491 1806 705 1834 armorum
744 1791 954 1845 uindicta,
998 1791 1147 1833 saltem
1188 1789 1364 1832 ulcionis
1404 1789 1495 1831 loco
1536 1788 1737 1832 ueneficia

291 1852 371 1894 sibi
405 1857 550 1906 patere
579 1849 841 1903 deposceret.

431 1909 526 1958 Quo
559 1908 801 1963 impetrato,
834 1922 927 1949 cum
962 1906 1175 1961 exquisita
1207 1919 1426 1960 magorum
1467 1904 1592 1947 turba
1622 1905 1740 1946 littus

291 1971 486 2022 repetere
538 1970 672 2022 parat.
734 1966 922 2007 Primum
961 1965 1102 2019 itaque
1133 1961 1396 2017 immolati[s]
1430 1962 1507 2004 diis
1540 1962 1635 2018 equi
1666 1963 1740 2004 ab-

292 2026 446 2067 scisum
481 2028 609 2080 caput
641 2028 764 2066 conto
798 2023 1027 2079 excipiens,
1060 2021 1258 2063 subiectis
1290 2020 1500 2076 stipitibus
1531 2021 1739 2063 distentos

293 2083 480 2125 faucium
511 2083 639 2123 rictus
672 2082 858 2136 aperuit,
891 2093 1083 2136 sperans,
1125 2095 1170 2122 se
1212 2078 1369 2135 primos
1409 2079 1520 2120 Erici
1562 2083 1738 2120 conatus

294 2141 451 2183 atrocis
499 2140 730 2195 spectaculi
780 2139 1002 2181 formidine
1051 2138 1362 2179 frustraturum.
1440 2136 1740 2178 Arbitrabatur

294 2200 418 2250 enim,
450 2199 615 2254 ineptas
647 2197 926 2239 barbarorum
956 2200 1119 2238 mentes
1152 2195 1294 2237 oblate
1327 2194 1502 2236 ceruicis
1522 2194 1740 2236 terricula-

293 2261 436 2298 mento
470 2269 673 2299 cessuras
735 2254 791 2297 Et
820 2256 902 2297 iam
935 2254 1086 2297 Ericus
1128 2253 1302 2295 obuium
1332 2252 1412 2294 illis
1453 2252 1533 2294 iter
1572 2251 1738 2307 agebat.

295 2315 392 2368 Qui,
425 2317 649 2370 prospecto
671 2313 834 2355 eminus
863 2313 1013 2368 capite,
1046 2311 1318 2354 obscenitatis
1339 2314 1590 2366 apparatum
1621 2310 1740 2351 intel-

293 2373 443 2427 ligens,
474 2372 598 2413 silere
631 2372 769 2414 socios
801 2371 1055 2425 cauciusque
1088 2383 1132 2411 se
1164 2382 1312 2424 gerere
1341 2368 1471 2422 iubet,
1503 2382 1581 2410 nec
1612 2381 1740 2423 quen-

297 2444 424 2485 quam
455 2433 614 2471 temere
656 2429 908 2485 precipitare
946 2441 1203 2481 sermonem,
1246 2440 1300 2468 ne
1331 2426 1499 2468 incauto
1544 2425 1739 2468 effamine

295 2488 428 2531 ullum
460 2487 678 2529 maleficiis
719 2486 980 2529 instruerent
1010 2485 1173 2533 locum,
1209 2484 1429 2536 adiiciens,
1473 2484 1507 2525 si
1546 2497 1739 2526 sermone

298 2560 406 2601 opus
436 2544 655 2598 incideret,
688 2545 823 2587 uerba
856 2559 901 2587 se
932 2557 1008 2600 pro
1041 2542 1233 2586 omnibus
1256 2542 1513 2584 habiturum.
1560 2541 1738 2596 Iamque

296 2603 459 2649 medius
490 2602 581 2650 illos
605 2602 736 2648 amnis
769 2605 1024 2659 seoreuerat,
1057 2615 1151 2645 cum
1173 2600 1299 2660 magi,
1329 2603 1377 2640 ut
1396 2599 1568 2644 Ericum
1597 2599 1738 2658 pontis

1794 345 1804 377 (

1805 341 1880 406 ,⁷532

1795 1689 1821 1714 ρ.
1840 1682 1884 1708 20:
