1884 3126
137 875 169 902 10

136 1166 170 1192 15

133 1454 170 1481 20

135 1744 171 1771 ‘25

136 2033 174 2061 30

134 2323 171 2351 35

137 2613 174 2641 40

199 217 281 257 316
777 238 828 244 -
890 217 956 259 IX
1021 239 1067 245 .-

199 344 373 386 modum
414 345 633 387 interierat
679 342 874 401 sanlguis.
937 345 1103 388 Exinde
1142 345 1302 388 Biorno
1343 348 1470 401 atque
1515 345 1640 388 Erico

202 403 371 444 domum
414 403 615 456 reuersis,
655 403 808 445 Iuarus
849 410 975 460 atque
1008 403 1235 457 Siuardus,
1278 417 1361 458 quo
1403 404 1642 447 tenaciores

200 460 431 502 rebellibus
455 460 599 503 frenos
616 460 896 517 imponerent,
917 463 959 503 in
976 462 1116 503 Dania
1138 461 1399 514 resederunt,
1421 460 1642 516 Agnerum

202 518 355 572 Anglie
401 518 680 573 preferentes.
752 518 832 567 Qui
878 520 1048 576 repulsa
1092 524 1347 575 prouocatus
1392 519 1642 573 Anglorum,

202 576 438 631 opitulante
468 576 670 630 Siuardo,
718 579 1062 634 contemptricem
1098 578 1173 627 ,sui
1205 577 1463 632 prouinciam
1495 578 1642 619 incolis

202 633 534 676 uacuefaciendo
576 635 742 677 tenacia
784 636 867 678 situ
908 637 1057 689 iugera
1097 636 1259 676 cultore
1302 649 1467 688 carere,
1516 649 1644 691 quam

200 691 452 734 insolentem
488 692 601 733 alere
632 693 800 746 maluit,
832 694 1189 749 pinguissimaque
1221 693 1356 734 insule
1388 706 1486 734 rura
1517 696 1643 734 teter-

201 750 306 791 rima
338 750 539 792 uastitate
585 751 868 805 perfundens,
910 751 1077 792 deserte
1110 765 1235 806 quam
1268 750 1449 805 superbe
1480 751 1644 806 regioni

202 809 446 863 imperitare
497 809 633 851 sacius
686 810 934 851 autumauit.
1022 809 1128 851 Post
1181 809 1258 850 hec
1308 808 1478 850 Ericum
1529 809 1643 864 apud

202 866 393 907 Suetiam
451 866 599 908 Osteni
650 867 866 910 cuiusdam
919 867 1180 921 malignitate
1232 867 1448 908 sublatum
1498 867 1644 909 ulcisci

202 925 391 979 cupiens,
425 924 524 966 dum
557 925 692 966 aliene
726 925 910 967 uindicte
943 926 1103 966 arccius
1136 924 1355 976 incumbit,
1387 939 1506 965 suum
1530 924 1644 967 hosti

201 982 449 1036 sanguinem
482 983 688 1037 erogauit,
720 983 904 1039 dumque
937 983 1020 1024 cesi
1051 982 1192 1024 fratris
1225 996 1355 1037 penas
1386 982 1550 1024 auidius
1573 997 1645 1024 ex-

202 1040 324 1095 petit,
356 1040 573 1095 proprium
603 1040 788 1082 fraterne
820 1041 985 1083 caritati
1017 1040 1145 1081 funus
1177 1040 1395 1095 impendit.

338 1098 489 1153 Itaque
521 1098 726 1140 Sinardus
757 1100 930 1140 summis
962 1098 1099 1140 tocius
1130 1098 1291 1140 Danice
1323 1098 1529 1140 concionis
1560 1098 1645 1140 suf-

200 1156 344 1210 fragiis
386 1160 608 1210 paternum
652 1157 933 1212 apprehendit
964 1157 1199 1211 imperium.
1261 1155 1344 1196 Hic
1374 1162 1516 1198 autem
1547 1160 1645 1212 post

203 1213 337 1255 editas
360 1214 447 1255 late
469 1219 632 1268 strages
654 1214 885 1256 domestica
907 1215 1096 1256 claritate
1128 1218 1364 1267 contentus,
1395 1218 1497 1267 toga
1518 1228 1643 1269 quam

203 1272 328 1313 armis
359 1272 532 1313 illustris
563 1272 708 1314 haberi
741 1273 915 1325 maluit,
958 1273 1198 1327 omissoque
1238 1276 1474 1314 castrorum
1513 1273 1644 1325 cultu,

205 1344 259 1371 ex
289 1330 492 1371 acerrimo
535 1334 718 1384 tyranno
762 1330 1076 1372 exactissimum
1119 1330 1234 1384 pacis
1267 1330 1486 1371 custodem
1518 1343 1645 1384 agere

206 1388 329 1442 cepit,
362 1392 530 1429 tantum
560 1388 722 1430 decoris
751 1388 789 1429 in
827 1389 917 1430 ocio
950 1392 1078 1443 atque
1111 1388 1340 1429 uacacione
1373 1387 1642 1442 constituens,

201 1450 404 1500 quantum
448 1451 546 1487 ante
578 1447 617 1487 in
652 1447 921 1487 uictoriarum
969 1445 1210 1501 frequencia
1249 1446 1481 1500 repositum
1524 1451 1645 1488 autu-

205 1504 360 1545 mabat.
424 1503 547 1545 Adeo
591 1509 734 1554 auaem
764 1504 1002 1546 studiorum
1034 1504 1125 1545 eius
1156 1504 1443 1545 mutacionem
1472 1503 1644 1546 fortuna

202 1561 493 1603 fauorabiliter
515 1567 739 1617 prosecuta
762 1568 838 1613 est,
869 1566 927 1613 ut,
960 1562 1069 1603 sicut
1100 1562 1190 1617 ipse
1224 1563 1447 1614 neminem,
1477 1562 1537 1603 ita
1567 1575 1645 1603 nec

202 1621 340 1673 ipsum
381 1620 601 1675 quisquam
642 1619 850 1662 hostiliter
892 1620 1112 1661 laceraret.
1174 1618 1294 1660 Idem
1335 1619 1423 1660 fato
1464 1619 1645 1670 functus,

202 1677 373 1719 Ericum
406 1677 455 1718 ad
491 1677 661 1719 modum
702 1678 955 1719 infantulum
993 1682 1145 1718 nature
1187 1678 1323 1731 magis
1367 1691 1493 1732 quam
1523 1676 1644 1731 regni

203 1740 277 1776 aut
308 1735 421 1789 pacis
454 1736 656 1777 heredem
689 1736 851 1778 habuit.
895 1735 1063 1791 Quippe
1095 1733 1260 1789 Ericus,
1293 1734 1472 1776 Haraldi
1503 1735 1644 1787 frater,

203 1791 492 1844 tenerrimam!
514 1794 603 1835 eius
623 1794 824 1835 etatulam
857 1807 1078 1848 spernenS,
1109 1793 1271 1847 irrupta
1303 1807 1396 1834 cum
1428 1793 1645 1834 sediciosis

202 1851 364 1906 patria,
407 1852 570 1906 regium
615 1853 840 1906 occupauit
871 1851 1061 1905 insigne3
1102 1864 1180 1892 nec
1221 1851 1413 1902 erubuit,
1451 1850 1647 1892 lacessita

202 1909 381 1962 legitimi
424 1908 541 1951 ducis
581 1909 783 1961 infancia,
826 1909 1106 1951 adulterinam
1147 1909 1335 1963 arripere
1375 1913 1646 1963 potestatem,

204 1966 283 2007 hoc
315 1980 358 2007 se
391 1981 523 2021 regno
556 1967 834 2022 indigniorem
868 1967 1174 2021 comprobans,
1207 1966 1319 2021 quod
1351 1966 1563 2008 imbellem
1594 1979 1645 2007 eo

204 2024 386 2080 spoliare
417 2025 629 2067 sustinuit.
673 2024 809 2079 Igitur
839 2025 956 2065 illum
980 2027 1160 2078 sceptro,
1193 2038 1238 2066 se
1258 2025 1394 2080 ipsum
1418 2023 1646 2066 uirtutibus

205 2082 335 2130 exuit,
369 2086 422 2134 et,
455 2082 554 2124 dum
577 2083 703 2124 armis
725 2083 982 2124 incunabula
1008 2082 1182 2137 appetit,
1215 2083 1326 2125 omni
1349 2087 1497 2136 pectus
1518 2081 1647 2123 uirili-

203 2144 290 2181 tate
321 2140 511 2183 nudauit.
572 2140 725 2196 Neque
757 2142 889 2193 enim,
934 2139 1008 2182 ubi
1039 2139 1248 2195 cupiditas
1279 2140 1545 2195 ambicioque
1574 2140 1646 2180 fla.—

202 2199 355 2253 grauit,
398 2199 714 2253 consanguinea
747 2200 900 2241 caritas
932 2198 1076 2240 sedem
1110 2197 1270 2240 habuit.
1332 2198 1416 2240 Sed
1447 2198 1556 2239 hanc
1585 2197 1647 2239 in-

203 2256 508 2299 humanitatem
541 2269 723 2311 superne
769 2256 946 2298 ulcionis
988 2256 1049 2297 ira
1089 2257 1298 2310 pensauit.
1359 2256 1479 2297 Inter
1508 2256 1647 2311 ipsum

202 2328 386 2370 namque
412 2329 462 2356 ac
483 2314 781 2367 Guthormum,
813 2313 994 2356 Haraldi
1026 2313 1171 2366 filium,
1203 2314 1342 2356 subito
1373 2318 1492 2355 tanta
1526 2312 1646 2355 clade

205 2372 443 2414 confectum
478 2377 542 2414 est
571 2372 753 2426 bellum,
792 2377 839 2413 ut
870 2385 1012 2414 eorum
1062 2375 1242 2426 utroque
1283 2385 1378 2414 cum
1417 2370 1646 2412 innumeris

204 2430 295 2471 aliis
336 2430 590 2485 interempto
613 2462 623 2481 ,
663 2429 781 2483 regia
822 2430 1041 2471 Danorum
1084 2429 1229 2484 stirps,
1271 2429 1542 2471 atrocissimis
1575 2442 1647 2469 ex-

206 2487 359 2529 hausta
367 2487 550 2539 cedibus,
560 2487 613 2528 ad
627 2488 797 2529 unicum
809 2487 1040 2543 superioris
1050 2486 1214 2528 Siuardi
1226 2487 1357 2528 filium
1370 2486 1644 2541 redigeretur.

343 2545 435 2590 Hic,
450 2545 858 2597 consanguineorum
879 2546 1040 2586 iactura
1060 2544 1265 2599 regnandi
1285 2543 1498 2586 fortunam
1520 2543 1646 2598 adep-

206 2606 287 2657 tus,
325 2607 473 2658 utpote
503 2603 832 2659 propinquorum
862 2617 966 2645 nece
999 2616 1125 2658 quam
1156 2602 1447 2644 incolumitate
1475 2600 1648 2654 felicior,
