1884 3126
374 213 453 253 478
938 223 985 229 —
1047 196 1183 239 XIIII
1245 220 1297 225 —

373 333 623 378 Cedentibus
656 328 828 377 Sclauis,
861 340 953 367 cum
985 325 1150 380 pedites
1182 326 1459 376 necarentur,
1491 321 1654 376 equites
1686 334 1799 363 seor-

369 407 456 433 sum
497 391 536 430 in
579 387 748 441 globum
788 383 989 426 contracti
1029 382 1143 437 prius
1184 381 1300 422 uelut
1341 394 1394 421 ex
1442 379 1633 421 consulto
1680 382 1799 432 terga

371 448 602 496 uertebant,
634 457 732 483 mox
763 441 1049 481 imminentem
1080 453 1104 480 a
1136 443 1253 492 tergo
1286 451 1456 492 regem,
1490 436 1677 492 equitum
1710 436 1797 476 eius

370 504 580 560 paucitate
607 503 611 551 Ι
641 502 878 553 conspecta,
912 496 1102 538 conuersi
1132 495 1346 550 fugarunt.
1395 494 1512 542 Quos
1534 493 1799 548 Radulphus,

322 579 337 603 3
367 559 602 602 intermissa
633 556 819 611 peditum
852 560 1007 608 strage,
1039 568 1133 594 oum
1164 554 1248 594 suis
1277 552 1463 601 adortus,
1493 552 1532 592 in
1567 551 1724 604 uejssram
1759 555 1799 592 et

297 861 331 886 10

288 1429 325 1455 '20

280 2294 321 2320 35

368 616 606 672 precipitem
630 616 771 666 fugam
796 612 943 666 coegit.
991 611 1073 652 Sed
1098 610 1149 651 ab
1171 610 1324 652 iisdem
1345 610 1512 664 longius
1533 609 1799 662 insectandis,

366 673 474 728 quod
511 671 627 726 equis
658 675 922 725 prestarent,
962 673 1212 719 reuocatus,
1247 668 1436 708 admixta
1466 667 1582 721 regia
1613 667 1798 719 cohorte,

364 732 518 771 ferrum
549 728 601 768 ad
643 727 806 782 pedites
849 726 1006 767 retulit.
1068 725 1345 779 Fugientibus
1384 729 1503 766 tanta
1535 724 1674 765 adhuc
1706 738 1799 779 pre-

364 786 489 827 dandi
532 785 738 839 cupiditas
780 785 938 836 inerat,
979 787 1026 824 ut
1069 783 1299 824 occisorum
1333 783 1511 824 arietum
1553 782 1799 837 corporibus

363 844 514 899 pellem
547 842 787 882 cursitando
812 841 1099 882 detraherent.
1149 840 1362 888 Quantum
1395 841 1436 881 in
1457 840 1625 880 illorum
1657 843 1799 894 pecto-

363 902 475 942 ribus
507 899 688 940 auaricie
711 899 898 939 clausum
921 902 1131 952 putemus,
1167 898 1236 952 qui
1258 898 1367 938 inter
1390 903 1580 938 extrema
1600 897 1798 952 pericula,

362 957 532 999 abiectis
555 957 695 1006 armis,
726 957 955 1010 ignobilem
978 955 1152 1011 predam
1176 960 1218 996 et
1239 955 1341 996 uilia
1361 955 1462 1010 fuge
1486 955 1798 1009 impedimenta,

364 1029 443 1069 quo
490 1014 637 1054 melius
681 1014 758 1054 sibi
806 1013 1096 1063 consulerent,
1144 1012 1339 1054 deserere
1385 1013 1495 1068 passi
1542 1027 1626 1053 non
1671 1013 1798 1053 sunt?

362 1072 607 1113 l'aucissimi
653 1085 705 1111 ex
752 1071 810 1112 eis
858 1072 899 1111 in
938 1070 1055 1112 littus
1099 1071 1251 1126 elapsi,
1293 1085 1369 1126 per
1411 1070 1617 1111 lubricum
1655 1070 1798 1125 pelagi

314 1145 329 1170 5
361 1129 496 1170 nando
539 1128 710 1182 nauigia
749 1129 1008 1183 petiuerunt.
1079 1127 1282 1169 Nonnulli
1320 1127 1422 1183 fuga
1463 1128 1652 1182 cupidius
1683 1128 1798 1181 inita,

361 1201 458 1228 ceco
498 1190 612 1227 metu
656 1186 790 1227 undas
822 1186 1030 1240 aggressi,
1070 1186 1227 1241 passim
1258 1185 1486 1227 exanimati
1518 1190 1634 1237 sunt,
1666 1185 1795 1240 preci-

359 1245 492 1297 pitato
524 1244 565 1284 in
598 1258 711 1284 mare
745 1244 907 1299 spiritU,
940 1257 1063 1298 quem
1095 1244 1148 1284 ab
1180 1244 1303 1285 hoste
1335 1257 1508 1284 seruare
1536 1243 1797 1284 studuerant.

359 1301 528 1342 Interea
561 1300 809 1342 Sclauorum
851 1303 1036 1356 equites,
1077 1303 1194 1341 uelut
1235 1315 1287 1341 ex
1329 1301 1471 1342 abdito
1513 1300 1798 1355 prouolantes,

361 1359 583 1399 uictoriam
614 1358 700 1413 regi
734 1372 755 1399 e
789 1358 981 1399 manibus
1013 1372 1088 1413 per
1118 1358 1287 1400 insidias
1320 1359 1483 1414 eripere
1525 1357 1796 1400 conabantur.

356 1416 493 1470 Igitur
525 1416 661 1469 Dani,
703 1416 801 1457 dum
844 1416 895 1457 ad
938 1416 1062 1457 finem
1093 1430 1236 1471 pugne
1285 1419 1530 1469 peruentum
1563 1420 1797 1465 autumant,

358 1474 536 1528 prelium
567 1473 734 1516 iterant.
785 1474 975 1521 Quorum
1007 1475 1164 1515 uirtute
1199 1474 1300 1514 uicti
1331 1474 1485 1527 Sclaui,
1507 1474 1607 1528 fuga
1631 1473 1795 1514 auidius

358 1536 546 1586 sumpta,
589 1531 693 1571 adeo
729 1532 907 1573 salutem
940 1546 1057 1572 suam
1098 1531 1210 1573 ferro
1253 1532 1504 1573 subtrahere
1545 1531 1798 1585 gestiebant.

357 1594 403 1629 ut
435 1603 509 1642 per
540 1589 744 1630 maritime
776 1589 890 1644 rupis
922 1589 1055 1630 ardua
1087 1594 1223 1632 semet
1264 1604 1357 1631 cum
1400 1590 1516 1643 equis
1560 1588 1796 1630 effeminato

356 1660 517 1700 pauore
550 1646 850 1701 precipitantes
884 1647 1021 1688 uitam.
1042 1647 1238 1698 finirent,
1273 1653 1313 1689 et
1344 1647 1452 1688 inter
1486 1647 1682 1701 scopulos
1715 1647 1797 1701 spi-

354 1704 481 1744 ritum
514 1703 691 1745 deformi
723 1718 944 1760 corporum
977 1705 1097 1746 ruina
1129 1705 1403 1760 deponerent,
1437 1719 1559 1759 quem
1594 1704 1795 1745 audacter

354 1762 394 1802 in
429 1762 519 1802 acie
541 1762 797 1816 profundere
822 1762 1100 1805 dubitassent.
1162 1762 1436 1804 Abducendis
1458 1763 1585 1817 igitur
1616 1761 1795 1815 nauigiis

356 1819 409 1860 ob
441 1819 655 1873 ingentem
687 1826 914 1861 nautarum
945 1825 1129 1874 stragem
1161 1834 1259 1875 egre
1292 1821 1466 1874 remigia
1498 1820 1793 1875 suppetebant.

491 1876 647 1918 Iisdem
679 1878 963 1932 temporibus,
995 1878 1136 1920 effusis
1167 1879 1342 1933 piratice
1375 1878 1572 1931 habenis,
1605 1892 1628 1918 a
1660 1877 1793 1918 Wan-

355 1933 500 1975 dalicis
531 1935 680 1976 finibus
703 1935 904 1976 Eidoram
937 1950 1070 1991 usque
1104 1950 1247 1978 omnes
1278 1950 1354 1991 per
1386 1936 1591 1977 orientem
1624 1936 1703 1976 uici
1736 1936 1794 1975 in-

355 1992 454 2032 colis
485 1992 601 2033 uidui
632 2007 814 2048 ruraque
848 1994 1011 2034 culture
1043 1994 1240 2049 expercia
1269 1995 1448 2035 iacuere.
1495 1993 1708 2034 sialandia
1740 1993 1792 2033 ab

356 2053 447 2090 ortu
483 2055 524 2089 et
557 2050 729 2092 meridie
763 2051 948 2092 marcida
980 2052 1062 2093 situ
1094 2053 1294 2093 uastitate
1317 2051 1527 2106 torpebat.
1576 2051 1792 2106 Siquidem

355 2107 586 2161 agrestium
616 2108 736 2162 inops
769 2109 902 2163 patrie
936 2110 1030 2150 loco
1061 2109 1320 2165 predonibus
1351 2109 1445 2151 fuit.
1506 2108 1653 2151 Fionie
1690 2108 1792 2149 nihil

354 2165 567 2205 residuum
600 2171 740 2219 preter
772 2180 928 2220 paucos
962 2167 1122 2208 incolas
1154 2168 1328 2222 piratica
1366 2165 1537 2208 fecerat.
1600 2166 1790 2217 Falstria,

356 2222 497 2276 spacio
553 2236 679 2277 quam
726 2224 882 2265 uirtute
929 2225 1211 2277 contraccior,
1256 2224 1490 2265 incolarum
1540 2223 1790 2265 fortitudine

353 2280 573 2334 paruitatis
606 2281 757 2325 damna
788 2281 1006 2336 pensabat.
1069 2282 1235 2337 Quippe
1267 2282 1478 2323 tributarii
1509 2282 1790 2336 ignaraiugi,

355 2342 428 2377 aut
458 2342 582 2392 pacto
614 2336 778 2379 hostem
822 2344 894 2380 aut
935 2340 1094 2381 uiribus
1126 2340 1419 2381 submouebat.
1481 2340 1540 2380 At
1571 2339 1789 2388 Lalandia,

353 2395 519 2436 tametsi
559 2395 740 2437 Falstrie
780 2396 1018 2450 granditate
1059 2402 1292 2452 prestaret,
1335 2410 1483 2452 pacem
1515 2402 1656 2438 tamen
1689 2410 1790 2452 pen—

354 2453 469 2493 sione
518 2453 702 2507 petebat.
775 2453 924 2495 Cetera
972 2457 1145 2496 uastitas
1192 2459 1433 2509 occuparat.
1509 2455 1659 2510 Itaque
1706 2468 1789 2496 non

354 2511 497 2562 armis,
527 2515 531 2559 Ι
558 2525 643 2552 non
687 2511 859 2552 urbibus
907 2513 1133 2562 confisum,
1179 2513 1392 2554 anfractus
1436 2527 1657 2568 equorum,
1704 2526 1786 2567 quo

286 2580 323 2608 40
353 2568 486 2619 minus
517 2569 674 2623 piratas
705 2569 997 2623 admitterent,
1029 2571 1242 2626 prelongis
1285 2570 1391 2625 palis
1433 2585 1482 2613 ac
1513 2571 1688 2612 sudibus
1722 2570 1787 2611 ob-
