1884 3126
685 223 954 265 -‚X„.
1459 201 1598 263 331'

97 355 299 395 euentum
333 351 495 394 habuit.
556 350 650 393 Nisi
675 351 796 401 ,enim
828 351 1030 408 impetum
1066 351 1155 394 eius
1188 351 1304 393 inuia
1325 356 1543 407 petrarum

97 410 247 453 robora
310 416 518 466 uasteque
576 409 802 465 uoragines
861 409 1226 465 interpellassent,
1271 410 1374 451 haut
1414 410 1542 452 dubie

97 482 347 524 procursum
408 468 642 510 subiectum
694 467 787 523 rupi
839 467 1017 523 pelagus
1080 468 1330 523 excepisset.
1391 467 1477 509 Vbi
1519 482 1543 508 a

96 526 235 568 nautis
269 530 489 583 exceptus,
523 526 656 568 inuiso
690 526 780 580 regi
814 525 1043 567 tristiorem
1077 526 1247 567 fortuna
1279 539 1356 568 sua
1386 525 1543 567 famam

45 602 61 628 5
94 585 276 640 reliquit.
329 584 529 626 Vehiculi
574 598 744 641 quoque
776 584 1016 650 fragmenta
1048 599 1072 625 a
1105 584 1404 639 nauigantibus
1436 584 1544 625 inter

98 643 231 684 undas
277 647 448 699 reperta
490 642 596 685 falso
645 642 819 698 periculi
863 642 953 683 eius
984 642 1111 684 fidem
1152 646 1373 684 auxerant.
1445 642 1543 697 Ipse

95 715 221 753 uero,
260 706 514 757 suspectam
542 700 723 742 Haraldi
763 700 1026 756 presenciam
1056 705 1272 756 reputans,
1317 700 1430 756 quod
1463 700 1543 740 nir-

95 759 173 801 tuti
225 773 300 801 sue
352 756 621 815 prelmiorum
652 760 743 801 loco
790 758 980 814 pericula
1030 759 1207 814 proponi
1255 764 1542 814 cognosceret,
1599 767 1698 798 awa

95 817 330 859 studiorum
372 832 547 860 suorum
590 816 797 860 exercicia
841 816 893 857 ad
936 816 1008 858 filii
1053 817 1140 858 eius
1185 816 1392 859 Suenonis
1440 816 1543 857 mili-

27 892 62 918 ιο
96 876 202 918 ciam
242 876 434 918 contulit.

233 933 341 975 Post
381 934 459 976 hec
502 932 719 975 Haraldus
764 937 898 975 totam
951 932 1071 988 regni
1121 933 1297 975 classem
1350 947 1543 987 exerens,

94 1005 147 1033 ne
197 1005 332 1058 paruo
384 996 593 1048 apparatu
640 1005 791 1046 magne
837 991 960 1033 molis
1006 991 1174 1046 pondus
1221 992 1544 1047 aggrederetur

93 1050 245 1092 iunctis
298 1050 516 1092 hominum
570 1050 783 1106 boumque
826 1050 954 1105 copiis
997 1050 1197 1091 inusitate
1240 1050 1543 1104 magnitudinis

94 1122 258 1161 saxum,
290 1109 426 1150 Iutico
458 1109 603 1150 littore
635 1112 874 1164 repertum,
909 1121 990 1163 quo
1023 1108 1167 1150 matris
1199 1108 1406 1149 tumulum
1445 1107 1543 1150 insi-

26 1183 60 1210 15
91 1167 253 1222 gniret,
295 1166 485 1208 abstrahi
515 1165 648 1208 iussit.
710 1166 906 1220 Interea,
951 1167 1023 1221 qui
1066 1180 1158 1208 cum
1192 1166 1391 1208 Suenone
1423 1166 1545 1207 classi

94 1232 306 1280 preerant,
328 1225 508 1267 Haraldi
529 1224 765 1291 imperium,
797 1228 889 1266 tum
911 1224 1008 1279 quia
1031 1223 1174 1265 diuino
1200 1224 1543 1266 cultui'fauorem

94 1283 316 1335 tribuerat,
363 1288 453 1325 tum
485 1283 584 1339 quia
625 1283 835 1325 inusitatis
877 1282 1045 1339 plebem
1089 1283 1287 1324 oneribus
1330 1282 1544 1337 adigebat,

95 1341 250 1397 perosi,
282 1341 497 1397 quendam
541 1342 825 1396 compositum
860 1345 901 1382 et
932 1341 1226 1396 subornatum,
1269 1342 1340 1395 qui
1383 1341 1544 1383 Sueuo-

94 1414 206 1453 nem,
239 1414 291 1441 an
323 1414 441 1442 arma
472 1399 678 1442 aduersus
708 1405 873 1455 patrem
897 1397 1151 1454 sum[m]ere
1177 1413 1396 1455 regnoque
1418 1399 1544 1455 potiri

24 1472 62 1500 20
95 1458 246 1510 uellet,
289 1458 439 1499 callide
483 1462 855 1514 percunctaretur,
901 1457 1120 1500 inducunt
1198 1457 1292 1505 Quo
1342 1458 1543 1499 mandato

98 1515 241 1558 Sueno
277 1516 330 1557 ad
360 1530 540 1572 regnum
572 1515 796 1571 parricidio
829 1515 1059 1572 petendum
1092 1515 1321 1559 adductus,
1367 1530 1544 1571 percun-

97 1574 224 1616 ctanti
253 1577 395 1630 grates
428 1574 590 1626 habuit,
621 1574 890 1629 libenterque
913 1589 967 1616 »se
997 1575 1133 1630 patrie
1165 1573 1414 1628 dignacione
1448 1588 1545 1615 usu-

96 1647 190 1674 rum
230 1633 462 1689 respondit.
524 1631 618 1680 Quo
663 1637 851 1687 accepto,
900 1632 1096 1685 maiores,
1142 1633 1407 1688 exploratam
1453 1633 1543 1673 eius

97 1690 372 1746 cupiditatem
423 1691 612 1733 securius
664 1691 1002 1746 amplectentes,
1069 1691 1244 1732 occultis
1308 1690 1542 1731 animorum

25 1764 62 1791 25
95 1750 345 1791 commentis
386 1749 588 1790 audacter
641 1748 904 1791 euidenciam
961 1748 1235 1804 prebuerunt.
1296 1748 1543 1800 Enimuero,

99 1806 214 1863 quod
265 1807 538 1849 clandestinis
589 1807 773 1848 motibus
819 1810 1039 1858 texerant,
1091 1807 1285 1862 apercius
1338 1807 1542 1850 exsecuti,

97 1866 296 1907 continuo
349 1879 493 1920 regem
544 1879 640 1906 cum
690 1864 861 1920 publica
922 1865 1233 1906 acclamacione
1298 1864 1543 1906 decernunt.

95 1923 214 1965 Inter
246 1923 323 1964 hec
355 1922 572 1964 Haraldus
605 1922 714 1964 circa
748 1926 927 1964 tractum
960 1923 1112 1978 lapidis
1136 1927 1381 1978 occupatus,
1414 1936 1544 1977 quen-

96 1981 192 2023 dam
226 1996 398 2024 suorum
431 1995 454 2022 e
485 1981 619 2023 classe
665 1981 1033 2037 superuenientem
1074 1981 1236 2023 arccius
1278 1981 1544 2036 percunctari

27 2055 63 2082 30
97 2039 219 2095 cepit,
252 2053 306 2081 an
338 2044 498 2081 tantam
533 2039 636 2081 alias
670 2039 823 2080 molem
855 2039 1024 2081 mortali
1057 2053 1183 2081 manu
1214 2042 1420 2083 tentatam
1444 2053 1543 2080 con-

96 2097 319 2153 spexerit?
391 2097 468 2139 Ille
502 2111 547 2139 se
579 2098 748 2140 maioris
779 2097 980 2153 ponderis
1015 2098 1188 2139 ductum
1221 2097 1415 2139 humanis
1447 2097 1544 2139 uiri-

96 2156 175 2197 bus
235 2155 434 2197 effectum
461 2171 464 2174 ’
492 2160 687 2198 recenter
746 2156 879 2198 oculis
939 2156 1169 2198 subiecisse
1230 2160 1542 2198 commemorat.

97 2213 223 2262 Quod
255 2227 355 2268 rege
388 2213 545 2256 crebris
575 2214 1000 2269 percunctacionibus
1041 2219 1346 2269 prosequente,
1387 2213 1544 2269 Nuper,

95 2272 245 2328 inquit,
279 2286 377 2313 cum
398 2271 538 2313 Dania
568 2271 643 2314 tibi
660 2271 984 2322 subduceretur,
1016 2273 1256 2314 intereram.
1303 2272 1417 2327 Ipse,
1451 2276 1545 2313 uter

26 2345 63 2373 35
96 2331 313 2387 onerosior
360 2335 519 2372 tractus
573 2330 777 2384 extiterit,
817 2344 988 2386 penses.
1049 2331 1118 2372 Ita
1168 2329 1397 2383 Haraldus,
1450 2343 1542 2370 cum

97 2389 235 2430 alieno
267 2387 422 2429 iudicio
456 2388 569 2444 cepti
598 2388 777 2443 gloriam
810 2388 974 2443 querit,
1022 2388 1155 2443 erepti
1186 2388 1308 2442 regni
1346 2387 1543 2429 nuncium

97 2447 274 2502 accepit.
335 2445 525 2487 Penituit
566 2450 665 2488 tunc
706 2460 850 2501 regem
890 2446 1170 2502 pecudalibus
1201 2445 1308 2501 iugis
1338 2445 1543 2486 humanas

97 2504 295 2559 alligasse
329 2503 528 2546 ceruices
589 2503 698 2545 Nam
730 2518 840 2555 cum,
883 2505 1039 2546 omisso
1072 2503 1267 2545 uehende
1297 2503 1414 2545 molis
1446 2516 1541 2558 pr-0

96 2563 251 2618 posito,
312 2566 494 2604 tractum
557 2562 650 2603 saxi
707 2561 750 2603 in
810 2562 911 2604 belli
970 2566 1221 2618 apparatum
1272 2559 1545 2602 conuer*tere
1581 2562 1708 2591 xmxb

29 2634 65 2661 40
98 2620 320 2675 uoluisset,
362 2617 670 2676 grauissilmum
715 2620 858 2662 militis
899 2620 1173 2676 supercilium
1222 2623 1424 2675 expertus
1468 2623 1546 2661 est.
1602 2636 1630 2661 p
1650 2626 1703 2660 ⁴90.
