1884 3126
90 871 122 899 10

88 1163 122 1191 15

87 1454 125 1481 20

88 2619 124 2647 40

739 206 901 249 -ΙΙ
966 234 1015 240 -
1544 213 1596 254 47

153 333 357 378 militibus
398 332 452 375 ad
494 332 740 376 concionem
779 335 944 377 uocatis
976 334 1213 379 deserenda
1242 336 1460 387 uehicula,
1499 337 1599 379 abii-

153 392 347 435 ciendam
378 392 700 447 supellectilem,
733 407 994 449 aurumque,
1031 394 1146 449 quod
1177 394 1230 436 ab
1261 395 1319 436 eis
1350 398 1599 450 gestaretur,

152 452 308 507 passim
349 465 425 506 per
464 464 569 492 arua
611 449 906 492 disiiciendum
938 451 1093 506 edixit,
1126 452 1360 505 affirmans,
1393 453 1526 494 solam
1556 454 1597 494 in

153 523 280 565 opum
328 509 537 551 effusione
578 522 702 564 opem
741 513 927 563 restare,
971 524 1050 552 nec
1094 510 1207 552 aliud
1251 510 1457 553 conclusis
1500 511 1597 552 sub-

151 568 303 610 sidium
348 580 592 622 superesse,
640 579 769 622 quam
816 568 981 610 hostem
1024 569 1077 610 ab
1125 568 1249 610 armis
1289 569 1331 609 in
1371 570 1599 611 auariciam

151 626 362 681 pellicere.
415 625 616 667 Libenter
636 624 811 679 predam
833 626 947 681 apud
971 631 1140 669 exteros
1163 627 1370 682 quesitam
1402 641 1596 682 supreme

152 684 396 726 necessitati
418 682 604 739 impendi
627 682 802 738 debere3
825 684 916 726 fore
938 685 1064 739 enim,
1095 688 1143 726 ut
1164 685 1305 727 hostes
1333 699 1417 726 non
1438 687 1598 727 minore

152 742 359 784 auiditate
393 742 613 783 collectam
643 741 885 794 abiicerent,
925 757 1050 799 quam
1081 748 1294 798 repertam
1326 744 1597 798 corriperent,

153 801 269 843 oneri
302 800 449 856 pocius
482 814 610 856 quam
639 800 737 841 usui
768 799 971 843 futuram.

291 858 411 900 Tunc
442 858 678 912 Torkillus,
722 859 906 900 auaricia
937 863 1034 901 ante
1067 859 1170 901 alios
1201 859 1398 914 insignis,
1428 861 1597 902 ceteris-

152 931 234 972 que
267 917 434 973 eloquio
466 920 672 972 prestans,
704 917 841 972 capite
872 917 996 972 galea
1023 917 1195 970 nudato,
1227 918 1374 973 clypeo
1405 917 1598 959 innixus:

151 974 310 1026 Mouet,
350 975 498 1031 inquit,
530 988 629 1027 rex,
669 975 897 1031 plerosque
937 980 1010 1017 tue
1040 977 1328 1032 precepcionis
1360 975 1597 1029 austeritas,

153 1034 224 1089 qui
253 1034 397 1088 magni
430 1034 639 1091 estimant,
673 1033 786 1088 quod
818 1034 1024 1088 sanguine
1054 1038 1324 1090 pepererunt.
1370 1032 1482 1088 Egre
1504 1047 1599 1088 pro-

152 1093 304 1146 iicitur,
337 1091 450 1147 quod
472 1091 657 1133 maximo
677 1095 843 1133 constat
873 1092 1061 1147 periculo
1096 1094 1320 1148 quesitum.
1371 1091 1500 1133 Inuiti
1530 1091 1600 1133 de-

154 1155 315 1205 serunt,
349 1150 464 1207 quod
496 1150 583 1192 uite
615 1150 852 1193 discrimine
887 1156 1092 1192 emerunt.
1150 1150 1353 1192 Extreme
1386 1150 1495 1191 enim
1529 1149 1601 1191 de-

153 1209 315 1250 mencie
347 1212 430 1263 est,
467 1206 599 1250 ui*rili
632 1209 771 1249 animo
804 1222 852 1250 ac
885 1223 1011 1250 manu
1043 1213 1165 1264 parta
1195 1208 1457 1251 muliebriter
1488 1218 1737 1263 sper-xliiii,

153 1280 254 1309 nere
301 1280 487 1323 opesque
533 1267 646 1308 hosti
690 1267 927 1322 insperatas
973 1267 1137 1310 afferre.
1200 1266 1311 1315 Quid
1355 1266 1599 1319 deformius,

155 1339 280 1381 quam
313 1326 412 1368 belli
444 1325 660 1372 fortunam
684 1325 828 1380 prede,
862 1339 988 1381 quam
1009 1327 1207 1380 gerimus,
1240 1328 1484 1379 contemptu
1507 1337 1599 1379 pre-

154 1397 323 1425 currere
370 1387 617 1438 certumque
662 1389 704 1425 et
750 1398 925 1439 presens
971 1384 1131 1426 bonum
1181 1383 1297 1425 dubii
1342 1383 1441 1424 mali
1486 1385 1598 1423 metu

154 1442 424 1497 relinquere?
484 1441 686 1483 Nondum
719 1442 888 1484 Scottos
919 1443 1186 1498 aspeximus,
1228 1445 1269 1484 et
1308 1455 1457 1482 aruum
1498 1445 1599 1482 auto

155 1500 433 1555 spargemus?
471 1499 630 1548 Quales
658 1499 699 1540 in
723 1500 857 1555 prelio
880 1500 1151 1542 existimandi
1174 1497 1282 1553 sunt,
1316 1513 1420 1554 quos
1443 1498 1600 1540 bellum

152 1562 346 1613 petentes
378 1558 704 1600 sola-bellorum
738 1562 914 1600 eneruat
945 1559 1117 1614 opinio?
1158 1558 1241 1610 An,
1274 1558 1345 1613 qui
1377 1557 1486 1598 hosti
1516 1556 1600 1597 for-

152 1616 348 1658 midolosi
390 1616 571 1670 fuimus,
613 1615 775 1658 ridiculi
809 1617 976 1669 erimus,
1009 1617 1328 1672 claritatemque
1357 1619 1600 1671 contemptu

153 1674 442 1717 mutabimus?
503 1674 725 1716 Mirabitur
757 1674 986 1716 Britannus
1017 1675 1071 1716 ab
1105 1675 1167 1716 his
1200 1689 1244 1716 se
1276 1674 1458 1725 uictum,
1496 1686 1601 1728 quos

107 1745 119 1752 ”
152 1733 242 1775 solo
282 1734 394 1774 uinci
438 1733 586 1774 timore
628 1733 911 1788 conspexerit.
982 1733 1157 1777 Illorum
1192 1736 1305 1774 metu
1347 1744 1600 1786 prememur,

154 1791 306 1846 quibus
347 1795 506 1833 metum
549 1791 710 1846 priores
755 1792 1041 1846 ingessimus?
1110 1792 1298 1840 Quorum
1339 1789 1601 1845 presenciam

154 1850 495 1905 contempsimus,
527 1850 768 1891 absenciam
798 1850 1065 1891 metuemus?
1109 1848 1289 1898 Quando
1324 1862 1427 1903 opes
1459 1846 1599 1902 probi-

156 1911 242 1949 tate
282 1907 584 1962 mercabimur,
624 1921 729 1962 quas
774 1907 925 1950 timore
969 1908 1182 1949 uitamus‘?
1251 1905 1459 1948 Pecunias
1486 1908 1492 1956 l
1521 1919 1596 1960 pro
1629 1914 1708 1948 11-76

155 1965 307 2019 quibus
348 1966 657 2021 pugnauimus,
702 1980 889 2022 pugnam
934 1966 1108 2008 uitando
1154 1964 1422 2007 temncmus?
1484 1963 1600 2012 Quos

87 2036 103 2062 τ’,
153 2025 399 2079 paupertati
429 2024 636 2066 subiicere
670 2024 907 2075 debuimus,
940 2023 1102 2065 diuiciis
1134 2022 1402 2064 imbuemus‘?
1459 2021 1601 2076 Spolia

154 2081 319 2123 fortiter
351 2082 559 2137 cepimus3
592 2082 775 2124 molliter
807 2083 1038 2124 iaciemus?
1086 2081 1198 2130 Quid
1228 2081 1390 2136 turpius
1422 2094 1447 2121 a
1478 2079 1599 2121 nobis

155 2140 359 2181 committi
390 2140 561 2195 poter-it,
593 2154 720 2195 quam
752 2154 901 2182 aurum
935 2154 1123 2195 erogare,
1169 2140 1321 2195 quibus
1351 2138 1508 2179 ferrum
1540 2137 1598 2178 in-

154 2198 300 2253 fligere
342 2197 574 2240 debemus?
648 2198 793 2241 Pauor
836 2212 1068 2253 numquam
1108 2198 1278 2250 eximet,
1322 2195 1434 2251 quod
1467 2195 1598 2236 uirtus

155 2256 330 2311 peperit.
403 2256 524 2305 Quod
565 2255 676 2298 bello
718 2257 1004 2311 quesiuimus,
1050 2256 1161 2297 bello
1203 2253 1475 2310 linquendum
1523 2256 1597 2295 est.

109 2326 124 2351 5
154 2313 278 2356 Tanti
312 2313 443 2369 preda
473 2317 639 2367 ueneat,
672 2314 817 2369 quanti
850 2318 993 2370 empta
1025 2318 1110 2366 est,
1142 2314 1252 2355 ferro
1283 2312 1469 2368 precium
1496 2325 1598 2366 pon-

158 2372 343 2414 deretur.
405 2372 574 2414 Prestat
605 2373 797 2427 speciosa
829 2372 1004 2426 defungi
1035 2375 1190 2421 morte,
1225 2385 1348 2427 quam
1376 2369 1480 2411 lucis
1512 2368 1598 2409 aui-

157 2430 290 2472 ditate
323 2430 539 2471 uilescere.
598 2431 636 2471 A
668 2431 756 2471 uita
785 2431 965 2485 paruulo
999 2430 1200 2486 temporis
1231 2431 1445 2470 momento
1479 2425 1599 2468 dese-

156 2488 307 2542 rimur;
338 2488 477 2543 pudor
509 2488 641 2530 eciam
672 2488 807 2530 fatum
838 2489 1089 2544 insequitur.
1142 2487 1255 2529 Huic
1277 2485 1452 2538 accedit,
1485 2482 1599 2539 quod

156 2546 361 2587 iactantes
393 2560 545 2588 aurum
577 2545 708 2588 hostis
740 2547 822 2588 hoc
853 2546 1017 2588 auidius
1048 2547 1305 2600 insequetur,
1336 2557 1418 2599 quo
1441 2542 1599 2590 maiore

155 2607 269 2646 metu
303 2605 443 2660 urgeri
476 2603 714 2647 crediderit.
767 2603 973 2647 Preterea
1002 2607 1154 2646 neutra
1174 2601 1294 2644 nobis
1317 2601 1486 2642 fortuna
1507 2599 1598 2642 auri
