1884 3126
312 215 393 255 166
897 236 945 240 ——
988 207 1049 251 ‘V
1115 236 1163 242 —

311 340 484 394 egregia
529 336 690 379 Frotho
735 339 886 380 merita
932 338 1266 394 contemplatus,
1312 337 1426 379 haud
1472 338 1750 393 incongruum

312 397 453 448 duxit,
498 397 587 438 eius
620 409 666 437 se
697 409 888 437 socerum
930 395 1149 448 exhibere,
1193 396 1262 451 qui
1305 396 1382 437 sibi
1415 396 1750 451 tantisoperum

313 455 445 496 titulis
480 457 699 508 patentem
730 453 814 495 late
844 454 1081 495 claritatem
1112 454 1348 496 struxisset.

427 512 607 554 Sustulit
622 510 785 557 *autem
803 510 1055 566 Arngrimus
1073 511 1188 554 ,XIL
1209 526 1260 553 ex
1280 511 1419 565 Ofura
1435 512 1555 563 filios,
1574 525 1751 566 quorum

262 588 278 614 5
309 570 388 611 hec
409 571 579 611 nomina
601 569 848 611 subnotaui:
871 569 1076 623 Brander,
1100 569 1257 617 Biarbi,
1280 569 1489 620 Brodder,
1513 568 1752 622 Hiarrandi,

313 627 494 678 Tander,
526 627 768 681 Tiruingar,
802 627 886 669 duo
921 626 1157 680 Haddingi,
1190 627 1444 680 Hiorthuar,
1478 626 1753 678 Hiarthuuar,

313 685 444 739 Rani,
477 685 699 740 Angantir.
761 684 818 725 Hi
850 684 903 726 ab
936 684 1228 726 adolesceneia
1268 685 1444 740 piratico
1488 684 1651 726 muneri
1693 684 1755 726 in-

315 743 574 798 cumbentes,
597 757 682 784 uno
700 757 844 784 omnes
862 742 971 784 forte
988 743 1157 797 nauigio
1178 742 1352 796 Sampso
1374 743 1552 784 insulam
1571 742 1753 796 aduecti,

315 801 417 842 duas
449 801 489 842 in
521 801 739 843 maritimis
769 814 899 842 naues
932 799 1135 841 Hialmeri
1168 804 1294 855 atque
1326 799 1568 842 Aruaroddi
1599 800 1754 855 pirata-

246 875 281 902 1o
312 874 404 901 rum
436 860 674 915 reperiunt3
707 872 810 913 quas
843 872 986 913 pugna
1017 858 1172 910 adorti,
1205 858 1433 912 remigibus
1464 858 1755 910 uacuefecere,

314 923 455 972 atque,
488 931 539 959 an
557 916 865 972 gubernatores
887 916 1206 981 oppressissent,
1238 916 1400 970 incerti,
1432 915 1754 958 interfectorum

316 989 494 1031 corpora
537 974 622 1017 suis
663 988 828 1030 queque
870 974 1062 1015 transtris
1105 978 1324 1029 aptantes,
1372 975 1558 1029 quesitos
1605 974 1754 1015 abesse

316 1038 590 1088 cognoscunt.
653 1032 748 1081 Qua
779 1032 832 1073 de
864 1046 908 1073 ie
941 1032 1085 1085 mesti,
1132 1035 1327 1097 partam*¹
1354 1032 1663 1088 floccipendere
1698 1032 1757 1072 ui-

317 1091 503 1141 ctoriam,
535 1091 728 1145 scientes,
760 1089 837 1131 sibi
870 1089 1163 1144 consequentis
1191 1103 1334 1144 pugne
1356 1090 1577 1132 discrimen
1600 1090 1757 1131 maiore

247 1162 283 1189 15
314 1150 460 1191 salutis
506 1148 720 1204 impendio
767 1147 1048 1190 subeundum.
1124 1147 1290 1203 Quippe
1337 1147 1580 1189 Hialmerus
1628 1152 1756 1203 atque

318 1206 627 1260 Aruaroddus,
676 1220 855 1261 quorum
900 1206 1174 1260 iampridem,
1225 1205 1405 1261 abrupto
1453 1206 1757 1260 gubernaculo,

317 1269 546 1331 tempestas
588 1265 759 1318 nauigia
797 1264 1083 1317 lacerauerat,
1129 1263 1300 1305 alterius
1347 1263 1570 1305 excidendi
1617 1263 1758 1317 gracia

317 1338 464 1366 nemus
506 1323 706 1377 ingressi,
753 1321 855 1375 ligni
894 1321 1042 1363 rudem
1089 1326 1377 1363 extenuaueie
1423 1321 1666 1374 materiam,
1707 1335 1756 1363 co

319 1395 453 1447 usque
493 1385 688 1422 truncum
730 1379 914 1421 dolabris
946 1378 1202 1431 ambientes,
1248 1379 1384 1421 donec
1413 1379 1574 1421 naualis
1605 1379 1759 1421 instru-

248 1452 286 1480 20
318 1439 448 1481 menti
479 1438 661 1480 formam
691 1441 859 1479 uastum
891 1437 1020 1479 robur
1050 1436 1260 1479 indueret.
1304 1437 1428 1486 Quod
1461 1452 1555 1479 cum
1575 1436 1760 1479 humeris

319 1497 563 1552 impositum
605 1497 719 1538 socie
761 1495 890 1536 cladis
930 1495 1066 1550 ignari
1097 1494 1333 1548 deferrent,
1374 1496 1426 1537 ab
1470 1495 1610 1550 Ofure
1652 1495 1760 1547 filiis,

317 1555 478 1597 recenti
500 1568 798 1610 oppressorum
829 1567 979 1595 cruore
1010 1553 1290 1606 madentibus,
1320 1553 1516 1607 lacessiti,
1548 1552 1632 1595 duo
1666 1566 1759 1594 cum

319 1613 511 1669 pluribus
557 1612 668 1654 ferro
716 1611 944 1654 decernere
990 1612 1124 1653 coacti
1169 1616 1278 1653 sunt.
1340 1611 1429 1653 Nec
1474 1625 1550 1667 par
1592 1610 1761 1666 quidem

320 1684 569 1726 congressus
594 1670 802 1721 exstabat,
825 1683 920 1711 cum
941 1669 1151 1725 geminam
1171 1668 1338 1710 bissena
1359 1684 1508 1711 manus
1532 1669 1760 1735 exciperet.

251 1742 288 1771 2²5
322 1729 521 1772 Ceterum
558 1728 734 1770 uictoria
765 1741 941 1769 numero
973 1741 1058 1768 non
1089 1726 1318 1783 respondit.
1379 1726 1620 1769 Interfectis
1652 1727 1762 1768 enim

322 1786 515 1829 omnibus
558 1785 698 1836 Ofure
740 1785 855 1838 filiis,
897 1799 1185 1841 oppressoque
1227 1785 1280 1826 ab
1321 1785 1483 1827 hisdem
1526 1783 1762 1838 Hialmero,

322 1845 500 1887 uictorie
532 1843 834 1886 Aruaroddum
874 1843 1021 1885 titulus
1054 1857 1137 1884 non
1169 1842 1342 1894 fefellit,
1384 1857 1509 1898 quem
1541 1843 1677 1885 solum
1709 1857 1762 1884 ex

322 1907 441 1944 tanto
482 1902 695 1944 sociorum
735 1901 904 1955 agmine
944 1900 1115 1943 fortuna
1157 1899 1372 1942 residuum
1415 1900 1528 1943 fecit.
1592 1899 1674 1948 Qui
1703 1900 1763 1941 in-

323 1960 502 2002 formem
541 1959 680 2002 adhuc
725 1959 1002 2014 gubernaculi
1047 1962 1243 2000 truncum
1288 1958 1521 2001 incredibili
1564 1958 1762 1999 libratum

252 2032 291 2059 30
322 2019 416 2060 nisu
440 2022 557 2060 tanta
579 2017 622 2059 ui
643 2017 829 2059 hostium
852 2016 994 2071 adegit
1017 2016 1272 2072 corporibus,
1304 2020 1350 2057 ut
1382 2015 1606 2058 duodecim
1637 2016 1760 2057 unico

323 2077 413 2118 eius
455 2076 641 2132 impulsu
683 2079 881 2117 contusos
924 2074 1109 2117 elideret.
1171 2073 1260 2127 Ita,
1307 2079 1454 2116 cuncta
1495 2074 1548 2116 ad
1590 2073 1763 2117 modum

324 2134 569 2176 bellicarum
618 2147 759 2176 rerum
811 2136 1064 2189 tempestate
1115 2131 1315 2187 depulsa,
1354 2132 1575 2175 Oceanum
1614 2146 1763 2174 manus

325 2192 464 2234 adhuc
494 2192 671 2247 pi1atiea
701 2204 785 2233 non
818 2191 996 2247 reliquit.

462 2250 557 2299 Que
598 2264 664 2292 res
703 2249 886 2291 maxime
927 2248 1186 2291 Frothonem
1229 2247 1282 2289 ad
1324 2247 1762 2299 Occidentemarmis

254 2321 289 2349 35
320 2308 618 2350 incessendum
658 2306 862 2360 adduxit,
901 2307 1019 2349 cuius
1061 2306 1229 2348 unicum
1269 2306 1311 2347 in
1354 2305 1630 2362 propaganda
1661 2321 1763 2362 pace

323 2366 509 2409 studium
559 2365 821 2408 uersabatur.
900 2364 1117 2407 Accersito
1170 2378 1271 2419 ergo
1322 2364 1468 2417 Erico,
1529 2369 1763 2420 cunctaque

323 2423 624 2467 famulancium
655 2423 733 2465 sibi
754 2436 982 2478 regnorum
1013 2423 1147 2465 classe
1171 2422 1350 2476 concita,
1382 2422 1645 2464 Britanniam
1667 2421 1764 2476 11111-

323 2496 499 2524 numera
530 2481 756 2523 aduehitur
787 2481 929 2537 puppi.
992 2478 1123 2522 Cuius
1155 2479 1290 2521 insule
1321 2494 1419 2534 rex,
1456 2494 1582 2521 manu
1615 2494 1659 2521 se
1690 2481 1764 2522 im-

324 2555 473 2596 parem
503 2554 683 2583 noscens
716 2538 903 2595 (quippe
925 2538 1079 2580 fretum
1110 2537 1288 2593 nauigiis
1322 2537 1548 2581 uidebatur
1579 2537 1762 2591 occludi)

256 2610 294 2641 40
325 2598 541 2642 Frothone
572 2612 650 2657 per
687 2597 918 2643 dedicionis
959 2596 1275 2641 simulacionem
1307 2596 1463 2655 petito,
1502 2610 1585 2639 non
1628 2596 1764 2640 solum

1807 508 1834 532 p.
1853 499 1884 524 25)

1834 2427 1884 2462 (94
