1884 3126
223 199 306 240 280
777 221 827 226 —
889 199 1001 240 VIlI
1063 223 1117 228 —

223 325 508 367 accusacionis
544 327 732 380 partibus
772 328 894 382 plene
927 327 1137 379 exhibitis,
1182 326 1437 370 defensionis
1478 327 1662 382 presidia

223 383 373 425 afferre
405 398 486 425 non
508 388 666 438 posset,
697 390 818 440 pater
849 385 901 426 ab
924 385 1066 426 amicis
1097 386 1138 425 in
1172 385 1411 426 conuictum
1442 385 1540 426 ferri
1571 399 1661 426 sen-

224 441 402 483 tenciam
443 441 584 495 iubet,
632 443 767 484 minus
809 443 983 498 impium
1027 447 1140 484 ratus
1186 443 1433 484 sumendam
1479 443 1529 485 de
1576 443 1660 484 filio

223 498 453 540 uindictam
498 500 636 541 alieno
678 514 802 555 quam
839 501 1009 555 proprio
1053 501 1252 555 delegare
1289 500 1455 542 iudicio.
1527 501 1661 548 Quem

175 567 191 594 5
223 557 375 598 ceteris
398 559 712 612 proscripcione
734 558 906 613 dignum
930 559 1265 605 decernentibus,
1288 558 1414 599 Bicco
1438 559 1662 600 tristiorem

225 614 276 656 de
321 615 458 670 capite
506 615 595 656 eius
637 617 894 657 sentenciam
939 616 1047 657 ferre
1092 630 1172 658 non
1223 616 1402 667 ueritus,
1451 630 1475 656 a
1516 616 1663 657 nefarii

223 673 356 727 stupri
389 677 562 714 auctore
593 689 746 729 penam
768 674 995 729 suspendio
1021 675 1268 730 capiendam
1291 688 1381 715 esse
1398 675 1662 729 pronunciat.

225 729 361 778 Quam
415 732 563 786 nequis
609 746 633 772 a
678 736 855 786 paterna.
907 732 1156 773 crudelitate
1201 732 1430 786 profectam
1481 735 1663 787 putaret,

225 788 406 829 eundem
450 788 602 844 laqueo
650 789 828 830 affixum
872 804 895 829 a
932 789 1130 831 ministris
1178 789 1367 831 subiecto
1412 803 1552 831 assere
1593 804 1665 830 ex-

157 855 191 883 10
223 844 475 901 cillpiendum
507 847 762 902 percensuit,
794 853 854 899 ut⁷
887 861 978 888 cum
1011 847 1053 887 hi
1085 847 1216 889 fessas
1240 848 1355 889 oneri
1387 862 1534 888 manus
1566 847 1663 889 sub·
1725 851 1818 887 (157)

224 904 440 956 ducerent
472 904 648 960 perinde
679 919 727 945 ac
758 906 817 947 lei
839 906 1047 960 perempti
1079 905 1243 946 iuuenis
1266 905 1405 946 forent
1435 919 1665 960 regemque

222 962 434 1028 parricidii
478 963 648 1004 crimine
682 977 758 1004 sua
799 964 924 1018 culpa
954 964 1132 1004 liberum
1178 964 1664 1029 f·ace1ent.Prete1ea,

222 1020 302 1061 nisi
332 1034 442 1075 pena
473 1021 787 1062 accusacionem
821 1024 1082 1075 sequeretur,
1113 1025 1291 1075 paterne
1320 1035 1415 1062 eum
1447 1021 1573 1062 saluti
1603 1022 1665 1062 in-

224 1078 474 1119 sidiaturum
506 1080 702 1120 astruxit.
762 1079 1011 1120 Adulteram
1044 1093 1144 1120 uero
1169 1079 1440 1130 Swanildam,
1473 1093 1555 1134 quo
1578 1083 1664 1119 tur-

159 1148 191 1175 15
220 1137 315 1192 pius
347 1150 369 1177 e
402 1137 489 1177 uita
522 1137 758 1187 excederet,
790 1137 999 1192 pecudum
1032 1137 1201 1190 ungulis
1233 1137 1462 1191 proculcari
1495 1136 1661 1177 debere.

226 1193 375 1235 Paruit
406 1193 579 1235 Bicconi
601 1209 689 1247 rOX,
723 1194 786 1235 ad
779 1199 1006 1249 actumque
1029 1193 1256 1248 suspendio
1281 1195 1511 1244 filiu1n‚ne
1533 1199 1666 1236 stran-

222 1250 391 1306 gulariie
418 1252 423 1304 Ι
451 1257 609 1307 posset,
642 1267 664 1293 a
687 1252 1040 1293 circunstantibus
1071 1251 1246 1293 tabulati
1276 1266 1357 1306 ope
1389 1227 1872 1317 aileuandumhxxfflu*

225 1310 403 1351 curauit.
479 1310 616 1364 Igitur
669 1310 889 1351 innoxium
945 1310 1162 1351 uinculum
1211 1323 1358 1363 parum
1412 1310 1663 1365 compressis
1718 1300 1735 1325 p

224 1367 419 1409 faucibus
452 1369 583 1409 solam
631 1382 742 1423 pene
783 1368 965 1422 speciem
1007 1382 1082 1422 pre
1123 1381 1167 1408 se
1208 1367 1385 1409 ferebat.
1456 1368 1666 1423 Reginam

155 1435 194 1463 20
224 1439 325 1466 uero
360 1426 595 1467 firmissimo
629 1440 743 1467 nexu
775 1425 903 1467 humo
936 1426 1148 1467 astrictam
1182 1425 1347 1480 equinis
1390 1425 1665 1467 obterendam

225 1483 407 1525 calcibus
454 1484 636 1538 prebuit.
719 1483 843 1524 Hanc
885 1487 1002 1525 tante
1049 1484 1178 1524 fuisse
1220 1483 1512 1538 pulcritudinis
1552 1483 1664 1524 fama

225 1545 310 1594 est,
347 1546 393 1582 ut
424 1542 523 1595 ipsis
566 1555 734 1597 quoque
765 1541 962 1583 iumentis
1003 1541 1165 1583 horrori
1205 1542 1314 1582 foret
1356 1546 1470 1582 artus
1511 1541 1664 1582 eximio

224 1599 382 1640 decore·
407 1599 597 1656 preditos
619 1599 798 1640 sordidis
831 1600 1015 1651 lacerare
1040 1599 1242 1653 uestigiis.
1296 1598 1390 1646 Quo
1414 1604 1664 1654 argumento

223 1671 299 1698 rex
340 1656 632 1698 innocenciam
676 1657 864 1711 coniugis
908 1657 1112 1698 declarari
1144 1657 1405 1708 coniectans,
1438 1657 1666 1699 accedente

157 1726 194 1752 25
225 1714 376 1756 erroris
408 1716 660 1768 penitencia,
697 1715 801 1756 falso
834 1719 1026 1756 notatam
1056 1715 1227 1756 festinat
1267 1715 1506 1757 absoluere.
1579 1714 1666 1755 Ad-

223 1773 342 1813 uolat
373 1773 538 1814 interea
570 1773 726 1825 131000,
761 1774 832 1828 qui
863 1774 1054 1827 supinam
1085 1773 1272 1813 iumenta
1304 1772 1402 1814 diris
1439 1772 1666 1813 deturbare

225 1830 493 1884 carminibus,
525 1845 601 1871 nec
633 1831 712 1872 nisi
733 1845 907 1885 pronam
942 1831 1076 1871 obteri
1097 1844 1221 1885 posse
1253 1829 1450 1871 firmaret.
1499 1830 1664 1884 Quippe

225 1902 318 1930 eam
348 1888 482 1929 forme
506 1903 580 1930 sue
613 1889 814 1930 beneficio
837 1893 1049 1930 seruatam
1074 1888 1245 1929 sciebat.
1292 1888 1341 1928 In
1365 1888 1475 1928 hunc
1496 1887 1665 1930 modum

226 1944 516 2000 coll<oc>atum
534 1947 680 1999 regine
703 1960 855 2001 corpus
878 1945 1053 1986 adactus
1076 1947 1358 1986 iumentorum
1381 1959 1483 1999 grex
1508 1945 1665 1987 crebris

155 2014 191 2041 30
222 2003 305 2044 alte
342 2004 532 2058 uestigiis
578 2003 697 2045 fodit.
776 2004 858 2045 Hic
896 2003 1106 2044 Swanilde
1155 2003 1293 2043 exitus
1335 2004 1426 2044 fuit.
1494 2003 1665 2044 Interea

224 2061 362 2115 canis,
397 2063 463 2103 cui
494 2061 709 2103 Broderus
743 2065 1008 2114 assueuerat,
1041 2075 1114 2102 ceu
1148 2060 1399 2115 quibusdam
1433 2061 1665 2115 questubus

224 2133 451 2173 aggressus
494 2133 662 2174 regem,
710 2119 866 2161 deflere
913 2119 1070 2160 domini
1117 2118 1369 2173 supplicium
1413 2118 1663 2171 uidebatur3

224 2176 498 2233 eiusdemque
528 2177 668 2219 illatus
701 2178 900 2232 accipiter
930 2177 1096 2218 intimas
1127 2177 1292 2231 corpori
1324 2177 1490 2232 plumas
1529 2181 1663 2217 rostro

224 2235 445 2277 detrahere
478 2236 601 2291 cepit.
675 2235 741 2276 Ex
775 2236 892 2277 cuius
924 2235 1116 2275 nuditate
1147 2248 1223 2275 rex
1254 2235 1430 2289 sumptis
1473 2234 1664 2275 orbitatis

154 2304 191 2332 35
222 2293 432 2347 auspiciis,
466 2307 588 2335 omen
621 2293 932 2348 intercepturus
953 2305 1223 2348 prepropel'e,
1256 2292 1325 2347 qui
1350 2292 1481 2333 filium
1512 2292 1663 2346 laqueo

224 2351 510 2403 detraherent,
544 2351 682 2393 mittit.
734 2351 819 2392 Per
841 2351 1085 2406 implumem
1108 2350 1217 2390 enim
1238 2350 1446 2391 auiculam
1475 2348 1662 2391 futurum

222 2423 280 2459 se,
312 2409 355 2449 ni
387 2410 583 2461 cauisset,
615 2409 775 2463 absque
799 2408 941 2449 liberis
972 2407 1271 2463 augurabatur.
1321 2408 1520 2449 Liberato
1545 2406 1664 2448 clade

223 2465 425 2519 Brodero,
458 2466 600 2520 Bicco,
635 2466 863 2507 delacionis
894 2479 1024 2521 penas
1066 2466 1290 2506 exsoluere
1320 2470 1528 2517 metuens,
1561 2479 1663 2505 nun-

224 2524 333 2565 ciare
356 2523 685 2580 Hellesponticis
712 2525 867 2578 pergit,
900 2523 1157 2565 Swanildam
1179 2538 1203 2565 a
1225 2523 1315 2564 uiro
1339 2522 1499 2564 nefaria
1523 2527 1664 2576 strage

154 2596 191 2624 40
222 2587 524 2640 consumptam.
569 2582 730 2632 Quibus
753 2581 992 2626 ulciscende
1013 2581 1169 2625 sororis
1191 2582 1333 2637 gracia
1354 2580 1665 2638 nauigantibus²
