1884 3126
11 907 44 935 10

8 1197 42 1224 15

7 1485 44 1511 20

9 2062 45 2090 30

10 2352 46 2381 35

10 2644 47 2673 40

609 272 662 279 —
723 245 859 288 XIIII
922 273 975 280 ——
1430 247 1512 288 477

71 374 177 416 fumi
209 374 364 416 indicio
396 373 686 430 proderentur,
705 375 897 416 incendio
919 376 1086 430 penitus
1108 375 1388 417 abstinebant.
1434 373 1515 415 Ac-

70 433 247 474 cedebat
290 447 433 474 eorum
473 432 669 485 audacie,
712 432 825 487 quod
869 447 923 474 ex
962 433 1296 487 speculatoribus
1335 433 1514 474 ociosam

69 491 219 532 urbem
250 504 480 545 regemque
511 491 656 545 procul
690 504 744 531 ex
775 504 825 531 ea
846 491 1080 545 profectum
1113 495 1375 546 acceperant.
1423 490 1514 539 Quo

76 549 225 590 nuncio
266 549 477 601 instructi,
522 549 677 589 intacto
718 562 840 600 rure,
883 562 975 589 eam
1018 549 1269 599 confltencius
1301 548 1514 604 petebant.

75 606 143 647 Ex
185 606 335 661 quibus
377 606 566 647 nonnulli
604 605 906 660 pernicioribus
946 607 1062 661 equis
1103 606 1348 648 suburbium
1386 620 1516 661 prope

75 665 304 718 liminaque
336 664 516 705 ciuitatis
547 667 823 705 accesserant.
884 663 980 705 Rex
1013 665 1114 719 ipse,
1147 664 1247 705 dum
1269 669 1517 706 nocturnam

74 722 264 776 uigiliam
298 736 444 776 sopore
487 721 651 763 auidius
691 721 881 773 redimit,
926 736 1017 763 sero
1049 726 1199 777 paratu
1231 723 1336 764 tanti
1374 723 1517 763 discri-

75 780 195 821 minis
235 781 433 821 nuncium
477 780 727 835 excipiebat.
789 779 956 820 Primus
997 794 1051 821 ex
1083 779 1215 821 Danis
1253 780 1517 834 Radulphus,

74 838 280 893 equestris
312 838 463 878 milicie
486 838 676 892 apprime
698 837 870 892 peritus,
902 838 1177 893 prompcioris
1199 839 1300 893 equi·
1318 838 1517 879 beneficio

75 896 116 936 in
138 895 302 937 hostem
323 896 513 936 occurrit.
559 895 642 937 Sed
664 910 759 936 cum
790 895 1002 936 solitarius
1033 900 1155 948 esset,
1187 910 1296 936 nunc
1317 896 1516 936 euitando

73 953 224 1003 hostes,
257 967 366 994 nunc
398 953 699 1008 persequendo,
734 967 856 1008 opem
890 953 942 994 ab
969 954 1173 995 exercicio
1195 957 1410 994 mutuatus
1441 957 1516 995 est.

75 1011 252 1059 Quocies
284 1011 442 1052 inculta
473 1025 716 1066 camporum
747 1010 1002 1058 offenderat,
1035 1011 1087 1053 ob
1119 1014 1332 1053 armature
1366 1011 1518 1052 molem

75 1069 216 1123 egrius
257 1069 404 1123 fugam
451 1068 712 1111 conficiebat.
791 1068 902 1109 Nam
945 1069 1117 1110 Sclauos
1159 1069 1284 1111 simili
1328 1069 1517 1124 pondere

74 1141 228 1168 uacuos
270 1127 440 1168 liberior
480 1140 681 1182 equorum
721 1127 946 1182 pernicitas
981 1127 1224 1168 adiuuabat.
1286 1126 1378 1175 Quo
1411 1128 1516 1178 uiso,

72 1185 166 1240 plus
197 1185 357 1226 uiribus
389 1185 499 1239 equi,
533 1198 657 1239 quam
690 1185 906 1226 uelocitati
939 1185 1128 1239 confisus,
1161 1198 1327 1226 cursum
1349 1184 1402 1225 ad
1434 1185 1518 1225 cul-

74 1243 203 1284 ciores
245 1256 367 1296 agros
411 1243 462 1283 de
506 1243 711 1284 industria
753 1243 935 1297 dirigere
976 1243 1097 1298 cepit.
1169 1242 1306 1298 Igitur
1351 1242 1517 1296 caballi,

74 1301 223 1355 quibus
255 1301 366 1341 uires
400 1314 549 1355 parum
572 1305 856 1356 suppeterent,
889 1300 1098 1342 officiente
1129 1301 1298 1356 stipula,
1329 1304 1518 1354 prestan-

74 1363 160 1400 tem
194 1358 340 1399 robore
363 1372 516 1413 equum
538 1358 696 1400 imitari
716 1373 802 1399 non
825 1363 1031 1413 poterant.
1087 1358 1154 1399 Ita
1185 1359 1285 1399 dum
1317 1358 1518 1412 agilitatis

75 1417 226 1471 equine
260 1420 471 1457 certamen
503 1416 555 1457 ad
587 1417 741 1457 uirium
774 1431 974 1458 conamen
1006 1417 1244 1469 transtulit,
1276 1417 1329 1457 ab
1360 1416 1517 1457 instan-

74 1475 185 1515 tibus
219 1475 413 1529 occupari
445 1474 647 1528 nequiuit.
695 1473 865 1530 Quippe
897 1475 1063 1516 densior
1095 1488 1214 1529 seges
1245 1474 1339 1529 plus
1369 1474 1517 1515 uilium

75 1532 359 1573 iumentorum
392 1545 518 1586 quam
549 1532 708 1573 robusti
740 1533 933 1573 animalis
956 1547 1123 1574 cursum
1155 1531 1404 1573 debilitauit.
1447 1531 1517 1572 In-

75 1594 327 1644 terrogatus,
360 1590 450 1644 quis
482 1595 613 1637 esset,
659 1596 933 1632 mercatorem
971 1590 1198 1644 respondit.
1259 1590 1516 1630 Percontan-

75 1648 209 1699 tibus,
257 1661 460 1702 quasnam
492 1661 649 1689 merces
692 1648 887 1699 haberet,
927 1648 1153 1703 respondit,
1197 1661 1335 1699 arma,
1368 1647 1517 1701 quibus

76 1720 206 1760 equos
250 1710 509 1746 commutare
549 1706 712 1748 soleret.
787 1705 870 1748 Sed
912 1710 954 1748 et
996 1720 1112 1757 eum,
1150 1720 1274 1760 quem
1305 1705 1516 1758 insideret,

9 1794 23 1800 -
74 1763 152 1804 hoc
183 1764 262 1804 sibi
293 1764 562 1804 mercimonio
594 1764 811 1805 obuenisse
856 1764 1085 1806 subiunxit.
1148 1763 1311 1817 Regem
1354 1777 1516 1817 quoque

75 1821 296 1862 Roskildie
340 1835 452 1874 esse,
499 1827 670 1876 rogatus
711 1822 901 1863 asseruit.
972 1822 1062 1862 Illis
1105 1836 1222 1874 eum,
1260 1822 1517 1862 necessarios

76 1894 170 1920 suos
200 1879 496 1931 allocuturum,
530 1880 633 1921 urbe
667 1894 800 1934 nuper
832 1881 1059 1921 excessisse
1092 1879 1347 1932 dicentibus,
1379 1892 1517 1933 egres-

76 1951 167 1978 sum
199 1936 368 1991 quidem
401 1950 510 1988 eum,
542 1937 616 1979 sed
647 1952 862 1979 reuersum
889 1938 1078 1979 astruxit.
1142 1937 1263 1986 Quod
1296 1937 1392 1992 quia
1424 1950 1518 1977 cum

75 1996 385 2049 speculatorum
428 1995 710 2037 affirmacione
752 2010 834 2037 non
866 1996 1165 2048 conueniebat,
1207 1996 1249 2036 in
1290 1994 1517 2036 mendaciis

76 2053 301 2094 duxerunt.
374 2052 534 2094 Idcirco
573 2058 714 2094 autem
755 2053 1007 2109 Radulphus
1053 2054 1162 2095 circa
1207 2053 1317 2107 regis
1362 2056 1516 2093 statum

76 2111 187 2152 ueris
218 2109 420 2151 utendum
444 2111 622 2165 putauit,
646 2111 769 2166 quod,
793 2112 911 2166 siqua
932 2125 957 2152 a
979 2126 1021 2152 se
1053 2111 1258 2153 ueraciter
1280 2110 1515 2160 ederentur,

77 2168 285 2209 contrario
319 2168 444 2209 modo
467 2167 664 2223 hOJJstibus
686 2169 862 2210 credidit
884 2169 1176 2210 existimanda.
1223 2168 1392 2209 Interea
1411 2168 1517 2221 regii

77 2227 250 2281 equites,
282 2230 328 2266 ut
359 2227 533 2280 quisque
555 2232 763 2282 apparatu
794 2228 920 2268 uelox
942 2241 990 2267 ac
1012 2241 1139 2267 manu
1170 2230 1392 2268 strennuus
1415 2231 1518 2278 erat,

78 2283 306 2339 Radulpho
339 2283 517 2325 admixti
548 2284 590 2325 in
622 2299 749 2325 unam
783 2285 994 2326 cohortem
1025 2299 1067 2326 se
1093 2288 1353 2339 receperant,
1384 2284 1519 2323 incur-

78 2343 208 2382 saturi
229 2341 340 2382 illico
362 2340 535 2394 hostem,
564 2342 607 2382 ni
629 2342 892 2397 Radulphus,
915 2343 1068 2383 intuitu
1090 2341 1326 2397 paucitatis,
1358 2341 1518 2382 auxilia

79 2400 280 2440 sociorum
313 2399 577 2453 expectanda
617 2400 819 2441 duxisset.
881 2400 1062 2441 Tantam
1106 2400 1164 2441 eis
1195 2399 1367 2440 uictorie
1399 2399 1518 2439 certi-

79 2457 268 2498 tudinem
315 2456 482 2497 assidua
531 2457 738 2498 bellorum
787 2457 964 2499 felicitas
1014 2458 1281 2512 suggerebat.
1363 2456 1519 2498 Contra

79 2514 220 2556 Sclaui
261 2519 477 2555 reuocatos
510 2529 534 2555 a
566 2515 696 2569 preda
727 2516 860 2556 socios
891 2516 934 2556 in
976 2516 1107 2556 aciem
1139 2519 1371 2569 corrogant.
1433 2513 1518 2554 Ra-

80 2572 275 2627 dulphus,
307 2571 379 2613 ubi
410 2572 593 2626 primum
624 2573 796 2614 excitati
826 2573 1012 2627 pulueris
1038 2572 1187 2614 indicio
1210 2586 1354 2626 regem
1386 2571 1518 2613 affore

78 2631 375 2686 deprehendit,
417 2631 750 2684 superuenientis
794 2631 942 2672 auxilii
985 2630 1138 2672 fiducia
1179 2630 1359 2686 prelium
1405 2629 1517 2672 facit.

1571 2177 1666 2212 (268)
