1884 3126
65 906 101 933 10

69 1192 104 1220 15

65 1485 103 1512 ‘20

65 2065 101 2092 30

66 2352 102 2380 35

65 2643 102 2671 40

725 234 990 276 —V—
1499 240 1578 280 143

133 378 158 406 a
177 362 456 420 persecutoris
486 362 617 404 uestri
648 362 795 417 iugulo
828 362 1064 405 cohibetis?
1110 363 1195 406 Par
1220 367 1226 417 Ι
1255 369 1330 420 est,
1362 370 1409 408 ut
1440 367 1483 408 in
1515 381 1582 410 me

133 437 233 477 sors,
266 435 394 477 quam
424 420 544 462 uobis
574 435 846 477 paraueram,
880 421 1052 464 recidat.
1099 421 1279 476 Fateor,
1312 425 1346 466 si
1378 425 1502 466 michi
1542 426 1584 468 in

132 495 206 523 uos
238 493 300 531 ea,
333 493 461 535 quam
491 479 533 520 in
567 493 634 521 me
664 479 830 534 geritiS,
863 484 1048 535 potestas
1079 480 1293 535 incideret,
1325 482 1429 524 nihil
1461 497 1487 524 a
1517 498 1584 525 me

132 538 281 594 pietati
327 537 606 579 deferendum
649 551 753 579 esse.
827 537 951 585 Quod
993 538 1027 579 si
1068 539 1187 580 uobis
1229 539 1342 581 facto
1387 541 1584 583 innocens

131 611 236 647 sum,
268 596 488 637 uoluntate
520 596 670 637 saltem
700 609 796 637 reus
828 600 989 638 teneor.
1027 595 1255 638 Redundet
1276 598 1318 639 in
1341 613 1420 649 me,
1442 613 1582 654 queso,

131 668 288 696 nocens
310 654 441 695 animi
472 654 611 709 culpa,
643 654 714 708 qui
737 653 951 695 interdum
986 654 1125 708 operis
1156 655 1245 697 loco
1278 657 1435 698 censeri
1466 658 1583 699 solet.

133 712 178 754 Si
209 713 298 754 fato
331 712 490 754 ferrum
523 713 710 767 negatis,
752 713 926 767 propria
957 712 1083 754 michi
1115 727 1241 755 manu
1283 714 1444 757 cladem
1488 729 1584 757 con-

132 769 432 825 <s>cisoendam
465 770 631 812 curabo.

271 828 431 870 Contra
465 829 523 870 sic
554 827 724 870 Ericus:
757 828 827 869 Dii
854 843 879 869 a
903 833 957 880 te,
989 843 1129 884 queso,
1161 834 1357 871 auertant
1388 831 1582 873 stolidam

133 891 339 941 mentem3
372 891 581 939 auertant,
613 887 799 942 inquam,
831 901 884 928 ne
906 887 1135 929 clarissime
1157 888 1243 930 uite
1270 888 1397 930 finem
1418 889 1582 944 flagicio

134 959 297 1001 queraS.
360 945 470 987 Sane
503 944 674 1000 quidem
705 944 758 986 ab
791 945 891 1000 ipsis
922 945 1184 1000 prohibitum
1229 950 1312 998 est,
1356 946 1582 1002 benignum

134 1005 176 1045 in
222 1003 329 1045 alios
376 1003 419 1044 in
459 1017 503 1045 se
545 1003 799 1059 parricidam
842 1003 944 1046 fore.
1008 1003 1212 1045 Tentatus
1254 1018 1297 1046 es
1339 1019 1363 1046 a
1404 1004 1584 1057 fortuna,

135 1076 217 1117 quo
262 1061 412 1103 mentis
454 1061 601 1103 habitu
641 1061 821 1103 aduersa
864 1062 1104 1116 exciperes,
1150 1062 1412 1118 explorante.
1482 1063 1584 1105 Pro-

134 1120 380 1161 bamentum
413 1120 490 1161 tibi
521 1119 676 1162 dedere
708 1119 926 1171 fatasnon
949 1134 1103 1161 casum.
1151 1119 1268 1161 Nihil
1299 1120 1374 1161 tibi
1407 1122 1583 1163 meroris

133 1179 337 1220 inflictum
356 1182 430 1230 est,
463 1178 576 1233 quod
608 1191 699 1219 sors
722 1178 872 1219 melior
905 1177 1073 1220 abolere
1104 1193 1184 1220 non
1219 1179 1361 1233 possit.
1409 1179 1584 1221 Cautela

134 1237 290 1278 etenim
323 1236 489 1291 prebita
520 1241 605 1289 est,
650 1251 733 1277 non
766 1240 928 1277 mutata
970 1236 1160 1278 felicitas.
1222 1236 1358 1278 Nemo
1393 1237 1584 1279 modeste

134 1309 178 1336 se
209 1295 252 1335 in
273 1295 486 1350 prosperis
517 1295 620 1349 agit,
653 1295 724 1349 qui
756 1294 937 1336 aduersa
964 1294 1147 1336 tolerare
1169 1309 1254 1336 non
1277 1295 1435 1337 didicit.
1483 1295 1583 1337 Pre-

134 1357 252 1395 terea
284 1352 420 1394 omnis
451 1352 657 1394 bonorum
697 1367 796 1394 usus
827 1358 921 1408 post
961 1353 1104 1407 agnita
1145 1353 1312 1407 gracius
1343 1354 1453 1394 mala
1492 1368 1585 1408 per-

135 1411 302 1466 cipitur.
373 1410 597 1453 Iocundior
638 1415 700 1452 est
741 1411 959 1466 uoluptas,
1005 1424 1085 1465 que
1127 1425 1266 1452 rerum
1313 1411 1583 1452 amaritudini

134 1468 334 1511 succedit.
410 1468 603 1510 Salutem
645 1473 762 1510 tuam
802 1469 1081 1520 auersaberis,
1126 1469 1159 1510 si
1191 1469 1415 1524 superfuso
1455 1469 1583 1511 semel

137 1541 295 1583 equore
326 1526 554 1569 maduisti?
595 1527 721 1575 Quod
753 1527 787 1568 si
818 1527 937 1582 aquis
971 1526 1192 1581 frangeris,
1226 1526 1392 1582 quando
1426 1528 1581 1569 ferrum

137 1585 414 1640 equanimiter
445 1585 677 1628 tolerabis?
738 1585 902 1627 Enasse
933 1590 1166 1638 armatum,
1210 1585 1301 1640 quis
1332 1600 1415 1627 non
1447 1586 1580 1639 glorie

135 1644 266 1699 magis
298 1643 457 1685 tribuat
498 1658 626 1699 quam
663 1643 844 1685 rubori?
896 1644 1011 1692 Quot
1050 1657 1094 1684 se
1136 1643 1280 1684 felices
1320 1648 1581 1699 reputarent,

134 1703 168 1743 si
212 1707 286 1743 tua
322 1706 437 1744 sorte
477 1701 668 1744 infelices
710 1702 883 1744 essent?
951 1701 1124 1743 Summa
1170 1705 1211 1742 te
1255 1715 1392 1743 rerum
1427 1706 1581 1750 manet,

86 1772 99 1797 Γ
134 1761 258 1803 floret
289 1761 470 1813 animus,
502 1760 694 1816 pubescit
731 1765 834 1813 etas,
876 1760 998 1815 plura
1039 1774 1113 1814 spe
1146 1760 1367 1814 complecti
1407 1760 1581 1815 poteris,

135 1832 262 1873 quam
293 1818 475 1874 gesseris
508 1818 647 1860 rebus.
707 1818 950 1873 Numquam
985 1817 1064 1859 hoc
1103 1817 1177 1859 tibi
1216 1818 1401 1860 leuitatis
1445 1818 1583 1859 inesse

137 1876 304 1929 uellem,
337 1881 384 1918 ut
416 1890 498 1917 non
533 1877 660 1918 modo
693 1876 842 1931 fugere
874 1889 1038 1931 aspera,
1069 1876 1143 1917 sed
1175 1876 1306 1917 eciam
1339 1875 1392 1917 ob
1435 1889 1580 1918 eorum

134 1934 437 1990 inpacienciam
477 1934 607 1977 uitam
650 1936 834 1977 abiicere
874 1935 1033 1989 cupias.
1097 1934 1258 1982 Quouis
1299 1934 1582 1976 effeminacior

135 1999 210 2044 est,
244 1993 314 2048 qui
346 1993 623 2034 aduersorum
656 1998 771 2035 metu
806 1992 978 2035 uiuendi
1012 1992 1206 2033 fiduciam
1238 1992 1388 2046 perdit.
1444 1990 1580 2034 Nemo

134 2051 374 2106 sapientum
407 2056 542 2093 morte
574 2065 640 2093 res
673 2051 874 2093 aduersas
918 2050 1126 2093 redimere
1157 2050 1281 2092 solet.
1345 2049 1487 2091 Stulta
1518 2055 1581 2092 est

133 2109 174 2149 in
207 2108 334 2150 alium
375 2109 627 2163 indignacio,
659 2109 885 2151 temeraria
925 2109 966 2150 in
999 2122 1056 2150 se.
1120 2108 1306 2160 Ignauus
1350 2112 1413 2150 est
1451 2108 1579 2160 furor,

134 2166 206 2222 qui
236 2181 357 2208 suum
381 2165 634 2209 condemnat
665 2173 892 2210 auctorem.
939 2166 1063 2214 Quod
1095 2166 1128 2208 si
1165 2166 1274 2207 ultro
1307 2166 1359 2208 ob
1390 2166 1581 2207 iniuriam

133 2230 208 2266 aut
237 2225 378 2267 leuem
410 2225 535 2266 animi
577 2226 910 2268 commocioncm
951 2225 1086 2266 fatum
1116 2225 1307 2279 appetis.
1354 2238 1478 2278 quem
1520 2223 1581 2264 tui

134 2282 344 2324 uindicem
369 2283 656 2339 derelinquis?
694 2284 799 2332 Quis
832 2288 920 2325 tam
944 2297 1106 2335 amens,
1139 2287 1184 2323 ut
1216 2281 1390 2323 dubium
1412 2281 1581 2324 fortune

133 2340 323 2382 habitum
364 2341 536 2397 proprio
585 2342 731 2384 ulcisci
774 2342 946 2384 interitu
987 2341 1116 2382 uelit?
1146 2367 1156 2370 -
1189 2340 1292 2388 Quis
1332 2339 1439 2381 adeo
1479 2339 1580 2380 felix

135 2399 254 2452 uixit,
288 2399 388 2455 quin
420 2399 578 2441 tristior
609 2399 727 2442 illum
759 2399 1016 2455 quandoque
1050 2398 1220 2440 fortuna
1251 2397 1469 2454 pulsaret?
1510 2396 1580 2438 In-

135 2471 340 2499 concussa
372 2457 530 2499 duxisti
563 2462 770 2514 tempora,
804 2458 1004 2500 continua
1034 2457 1234 2505 felicitate
1268 2469 1382 2508 usus,
1406 2458 1448 2496 et
1468 2468 1579 2495 nunc

134 2515 184 2556 ad
218 2515 429 2556 modicam
475 2516 650 2558 tristicie
689 2516 924 2568 salebram,
965 2519 1011 2557 ut
1052 2514 1188 2556 dolori
1229 2526 1400 2570 parcas,
1446 2512 1578 2554 uitam

135 2573 331 2615 deserere
364 2573 519 2628 paras?
581 2573 832 2628 Quomodo,
865 2573 1076 2616 leuiorum
1107 2572 1336 2628 inpaciens,
1379 2570 1580 2624 grauiora
1624 2610 1635 2619 ,,

133 2630 286 2673 deinde
318 2631 543 2687 supercilia
572 2632 684 2674 ferre
716 2631 910 2688 poteris?
970 2629 1185 2686 Insipidus
1218 2633 1302 2682 est,
1345 2627 1415 2683 qui
1456 2641 1575 2669 num-

1639 384 1667 409 p.
1686 376 1736 404 215
