1884 3126
207 220 291 261 24ss
511 222 513 224 ·
776 244 827 291 .-
892 219 981 262 vn
1041 244 1096 250 -

622 347 770 390 Victor
802 348 939 390 Marte
971 349 1133 404 subegi.

622 405 705 447 Sed
737 421 814 448 nec
846 411 946 448 tunc
977 407 1068 448 fore
1100 407 1222 450 rebar

620 464 773 506 Probri
804 465 900 506 labe
934 465 1160 520 notandus,

621 521 825 564 Promissi
857 523 1046 577 leuitate,

158 595 174 622 5
619 579 763 622 Paetis
794 580 1070 636 illicibusque.

690 665 759 707 Ad
791 665 868 708 hec
899 666 1133 722 Gyuritha:
1714 674 1741 699 r·
1762 664 1811 692 360

482 751 641 806 Fragili
671 752 958 795 moderamine
991 767 1131 794 rerum

484 810 662 851 Animus
691 810 815 851 michi
847 810 1058 865 pendulus
1093 810 1216 864 hesit,

483 867 669 923 Trepida
702 868 878 910 leuitate
910 882 1155 923 pererrans;

141 943 176 969 ιο
482 925 575 967 Tua
607 926 719 967 fama
752 927 950 979 uolatilis,
979 940 1147 982 anceps,

483 983 708 1039 Variisque
740 984 940 1026 relatibus
974 989 1079 1036 acta,

484 1041 674 1084 Dubium
706 1042 831 1084 michi
862 1048 1013 1098 pectus
1043 1042 1204 1084 inussit.

483 1100 637 1142 Teneri
669 1100 744 1141 tibi
775 1101 980 1156 temporis
1011 1114 1145 1142 annos

487 1158 635 1201 Gladio
667 1159 843 1214 periisse
877 1159 1069 1201 uerebar.

140 1231 175 1257 15
481 1216 740 1258 Poteramne
772 1217 969 1258 resistere
1001 1216 1092 1257 sola

484 1273 731 1316 Senioribus
763 1279 892 1330 atque
923 1274 1148 1329 magistris,

484 1331 815 1374 Prohibentibus
845 1332 925 1374 ista
955 1333 1115 1387 negari,

484 1390 778 1446 Thalamoque
809 1390 1079 1432 monentibus
1111 1391 1200 1432 uti‘?

483 1448 629 1490 Manet
661 1454 703 1490 et
720 1447 866 1490 Venus
901 1453 942 1490 et
974 1449 1086 1490 calor
1116 1448 1243 1503 idem,

138 1521 175 1547 20
482 1506 632 1548 Socius
665 1506 739 1547 tibi
769 1520 931 1562 parque
962 1507 1141 1557 futurus,

483 1563 574 1606 Nec
604 1564 656 1606 ab
689 1564 835 1606 ordine
868 1565 1039 1620 sponsio
1072 1564 1210 1618 cessit,
1659 1571 1820 1602 11xx111b

485 1621 639 1664 Aditus
672 1622 869 1664 habitura
899 1622 1057 1664 fideles.

346 1737 494 1794 Neque
539 1738 650 1780 enim
694 1738 780 1779 ulla
824 1738 961 1780 adhuc
993 1744 1035 1781 te
1064 1739 1213 1781 fefellit
1253 1740 1496 1795 promissio,
1529 1754 1659 1796 quan-

209 1810 337 1851 quam
359 1796 448 1838 sola
471 1796 710 1852 multiplicis
728 1796 900 1838 suadele
917 1797 1087 1839 consilia
1110 1797 1346 1840 detrectare
1368 1812 1451 1840 non
1475 1812 1657 1854 possem,

139 1868 175 1894 25
210 1862 250 1895 et
281 1854 323 1895 in
354 1854 506 1909 iugalis
538 1854 690 1909 copule
731 1854 979 1910 recepcione
1020 1856 1191 1897 monitis
1234 1856 1406 1897 obuiare
1444 1856 1656 1898 censoriis.

208 1911 401 1953 Necdum
455 1926 709 1968 responsum
769 1913 890 1968 uirgo
943 1913 1205 1969 complebat,
1251 1918 1292 1954 et
1330 1914 1412 1954 iam
1454 1928 1656 1969 sponsum

210 1969 431 2011 Haldanus
463 1969 572 2013 ferro
604 1970 933 2011 transuerberat.
981 1970 1073 2012 Nec
1104 1985 1234 2013 unum
1267 1972 1526 2027 oppressisse
1559 1985 1656 2012 con-

210 2032 365 2072 tentus,
399 2028 631 2069 maximam
665 2028 938 2069 conuiuarum
969 2033 1134 2084 partem
1168 2029 1406 2071 obtruncat.
1450 2029 1501 2070 In
1533 2043 1656 2085 quem

210 2099 304 2127 cum
337 2085 531 2128 Saxones
563 2085 710 2128 cessim
744 2085 949 2129 ebrietate
981 2087 1173 2128 labantes
1204 2086 1426 2135 irruerent,
1459 2101 1482 2128 a
1513 2102 1657 2142 super-

138 2156 175 2182 30
208 2143 478 2186 uenientibus
520 2144 609 2185 eius
652 2144 889 2186 uernaculis
922 2144 1199 2187 trucidantur.
1261 2145 1342 2187 His
1374 2145 1505 2200 gestis
1538 2145 1655 2201 Gyu-

209 2202 319 2243 ritha
349 2202 520 2256 potitur.
585 2202 723 2251 Quam
763 2216 860 2244 cum
899 2203 1132 2245 sterilitatis
1164 2202 1273 2244 uicio
1306 2203 1536 2245 obnoxiam
1568 2204 1654 2244 ani-

207 2259 511 2311 maduerteret,
528 2261 842 2316 maximamque
863 2260 993 2316 prolis
1010 2260 1192 2303 creande
1211 2260 1449 2316 cupidinem
1466 2261 1652 2312 haberet,

208 2317 468 2359 conciliande
485 2318 522 2360 ei
538 2317 807 2360 fecunditatis
829 2318 971 2372 gracia
986 2317 1193 2374 Vpsalam
1214 2319 1341 2374 petit;
1362 2333 1654 2374 responsoque

208 2375 418 2429 monitus,
450 2376 691 2418 suscitande
723 2376 881 2418 sobolis
913 2390 1041 2418 causa
1070 2376 1268 2419 fraternis
1299 2377 1480 2432 primum
1511 2374 1653 2432 manil-

138 2446 174 2472 35
208 2433 284 2474 bus
306 2439 546 2488 parentare,
577 2438 805 2489 postquam
827 2434 997 2476 oraculo
1019 2435 1171 2490 paruit,
1206 2439 1349 2489 optate
1370 2435 1429 2476 rei
1453 2435 1650 2477 solacium
1707 2453 1734 2477 p·
1757 2444 1807 2471 36¹

207 2491 465 2546 impetrauit.
542 2491 756 2546 Siquidem
803 2491 934 2533 filium
980 2506 1034 2533 ex
1077 2491 1287 2548 Gyuritha
1333 2493 1539 2547 suscepit,
1586 2493 1652 2533 cui

210 2548 401 2590 Haraldo
426 2549 679 2590 uocabulum
713 2549 889 2605 aptauit.
928 2549 1057 2591 Cuius
1078 2549 1201 2590 titulo
1219 2549 1438 2591 Danorum
1462 2563 1651 2605 regnum,

206 2607 441 2664 principum
485 2607 642 2655 iniuriis
688 2606 944 2664 laceratum,
989 2607 1042 2649 ad
1083 2607 1305 2664 pristinum
1353 2607 1652 2652 dominacionis
