1884 3126
718 319 767 325 -
831 296 940 338 XVI
1004 322 1052 327 —
1522 299 1603 340 667

162 426 396 477 rogaretur,
427 423 543 465 nulla
576 438 630 465 ex
662 428 781 479 parte
814 430 977 467 cessato
1010 426 1184 483 remigio
1216 425 1417 483 progredi
1461 440 1605 482 perse-

163 481 343 533 uerauit,
375 481 470 536 plus
501 480 688 523 hostium
719 484 1007 538 trepidacione
1039 499 1164 540 quam
1196 485 1407 527 sociorum
1437 484 1605 526 auxiliis

164 538 372 580 utendum
403 538 605 594 prefatus.
668 540 763 589 Quo
805 543 997 597 cognito,
1030 542 1171 585 Sclaui
1213 557 1378 585 summa
1410 556 1503 585 cum
1535 557 1607 584 ex-

162 596 425 638 animacione
455 602 612 639 metum
645 600 790 640 rubori
822 601 1099 654 pretulerunt,
1131 615 1347 657 nauesque
1378 615 1488 654 suas,
1522 615 1604 656 quo

113 669 130 697 5
161 655 263 710 fuge
293 655 519 697 habiliores
553 663 715 710 essent,
746 672 865 699 arma
897 663 938 700 et
969 673 1098 714 equos
1129 660 1170 700 in
1210 658 1470 715 profundum
1501 658 1606 700 abii-

164 713 336 772 ciendo,
389 713 588 755 oneribus
637 715 919 758 uacuefacere
965 720 1181 772 ceperunt.
1254 718 1407 759 Acrius
1455 717 1605 759 deinde

164 771 474 814 conuerberato
525 773 701 828 pelago,
752 774 915 815 Penum
967 789 1133 817 amnem
1183 779 1454 830 perseuerate
1504 775 1606 829 fuge

162 829 481 885 receptaculum
513 830 771 874 habuerunt.
834 832 952 881 Quos
983 833 1175 875 Absalon
1220 847 1270 874 eo
1303 847 1435 888 usque
1466 846 1603 875 uacuo

163 888 447 930 cunctacionis
478 889 654 944 remigio
677 890 906 944 insecutus,
939 904 1115 946 uespera
1136 891 1189 932 ad
1210 892 1360 942 socios,
1385 891 1456 946 qui
1475 890 1604 946 prede

77 960 132 1002 '10
161 947 461 997 incubuerant,
504 949 695 990 reuertit.
773 947 904 990 Cuius
950 963 1002 990 ne
1045 949 1253 1003 particeps
1302 948 1470 1004 quidem
1514 949 1605 990 fore

163 1005 388 1057 sustinuit,
436 1005 615 1060 gloriam
663 1006 714 1048 ad
748 1021 819 1057 se,
864 1007 1000 1062 spolia
1046 1007 1096 1049 ad
1146 1007 1298 1048 milites
1343 1003 1602 1061 redundare}

164 1064 404 1119 speciosum
454 1062 661 1105 ducendo.
742 1065 879 1119 Igitur
939 1080 993 1107 ex
1053 1066 1380 1121 quingentarum
1430 1065 1606 1107 nauium

163 1135 341 1163 numero
373 1122 559 1177 quinque
602 1136 650 1163 ac
680 1124 866 1178 triginta*
897 1122 1101 1178 delapsis,
1133 1123 1276 1165 decem
1311 1128 1351 1164 et
1382 1128 1475 1164 octo
1509 1136 1606 1163 con-

163 1179 327 1232 fractis,
360 1185 503 1222 cetere
524 1180 567 1222 in
589 1181 809 1222 Danorum
831 1184 1088 1236 potestatem
1111 1181 1402 1236 dicionemque
1427 1194 1606 1222 cessere.

96 1251 133 1279 15
164 1237 246 1279 Illa
276 1237 407 1293 igitur
439 1238 544 1292 dies,
577 1253 658 1294 que
683 1239 907 1280 Absalonis
931 1239 1119 1281 claritate
1144 1240 1388 1281 obcecatam
1420 1239 1606 1280 hostium

167 1296 344 1338 classem
386 1301 461 1338 aut
500 1296 646 1351 fugam
687 1302 761 1338 aut
794 1298 976 1340 exicium
1015 1298 1103 1353 pati
1134 1298 1296 1352 coegit,
1338 1301 1401 1338 tot
1433 1310 1606 1350 errores,

164 1358 230 1396 tot
260 1354 469 1396 maritima
500 1354 738 1397 discrimina
769 1356 917 1407 finiuit,
964 1355 1224 1398 Sialandicos
1256 1358 1400 1410 portus
1432 1368 1479 1396 ac
1512 1354 1607 1395 Bal-

165 1413 295 1454 ticum
327 1412 482 1455 fretum
515 1414 715 1468 pestifero
749 1419 993 1469 pyratarum
1026 1415 1195 1455 incursu
1229 1412 1476 1465 uacuefecit,
1508 1412 1605 1453 effe-

165 1476 302 1513 ratam
344 1471 623 1513 barbarorum
666 1472 868 1513 seuiciam
907 1473 994 1527 iugi
1025 1472 1258 1528 pacientem
1298 1471 1502 1521 reddidit,
1532 1484 1605 1524 pa-

94 1541 134 1570 20
166 1530 374 1585 triamque
406 1534 595 1580 nostram
628 1531 703 1580 uix
732 1530 930 1572 libertate
962 1545 1037 1572 sua
1068 1530 1306 1585 pocientem
1331 1528 1499 1570 Sclauie
1532 1528 1604 1569 do-

166 1587 320 1629 minam
352 1587 507 1630 effecit.
568 1588 733 1631 Efficax
767 1594 808 1630 et
839 1589 1090 1631 inusitatum
1121 1601 1254 1643 genus
1287 1587 1488 1635 uictorie‚
1522 1599 1604 1641 quo

168 1649 340 1687 cunctas
373 1645 559 1688 hostium
594 1647 704 1688 uires
736 1646 928 1689 funditus
960 1646 1097 1688 euerti
1128 1646 1314 1699 contigit.
1375 1643 1535 1685 Eadem
1559 1648 1606 1684 ut

166 1703 349 1746 Sclauici
380 1705 540 1746 cruoris
571 1705 696 1761 plena
718 1705 870 1756 extitit,
902 1705 962 1746 ita
983 1705 1144 1745 nullum
1166 1703 1317 1744 Danici
1348 1701 1605 1757 impendium

165 1762 325 1804 habuit.
365 1762 561 1811 Quatuor
583 1763 790 1805 duntaxat
811 1777 863 1804 ex
889 1763 1091 1815 Rugianis
1114 1763 1320 1803 sociorum
1344 1775 1397 1802 an
1421 1760 1605 1801 hostium

96 1834 133 1862 25
163 1821 257 1862 telis
287 1821 505 1875 perierint,
536 1822 743 1863 incertum
785 1826 861 1864 est.
924 1821 1007 1862 Die
1037 1825 1210 1875 postero
1254 1818 1410 1860 decem.
1435 1822 1476 1859 et
1509 1821 1602 1858 octo

166 1878 458 1920 Scaniensium
481 1880 653 1935 nauigia
680 1880 995 1934 superueniunt,
1017 1893 1124 1934 quos
1156 1877 1359 1929 Absalon,
1381 1890 1466 1917 non
1488 1889 1604 1916 more

165 1950 325 1989 eorum,
358 1937 432 1978 sed
454 1937 686 1979 uoluntatis
710 1938 980 1979 estimacione
1001 1937 1126 1987 facta,
1159 1935 1332 1989 predam
1359 1948 1452 1974 cum
1477 1933 1605 1974 uicto-

164 1994 282 2035 ribus
315 1996 627 2038 communicare
658 1996 861 2051 precepit.
925 1994 1035 2043 Quid
1068 1993 1218 2035 deinde
1248 1992 1410 2034 Sclauis
1443 1991 1605 2032 consilii

166 2052 286 2106 foret,
318 2067 525 2108 cognosse
557 2054 751 2109 cupiens,
783 2053 981 2096 callidum
1013 2051 1317 2107 speculacionis
1352 2064 1486 2104 genus
1520 2062 1603 2089 am-

95 2125 133 2152 30
162 2111 340 2166 pleXUS,
380 2111 671 2166 Bogiszlaum,
714 2112 790 2152 sub
831 2111 1103 2152 simulacione
1146 2109 1327 2163 benigne
1370 2112 1411 2149 et
1452 2107 1603 2148 ueteris

164 2169 367 2219 amicicie,
399 2169 574 2225 perfidie
603 2184 679 2225 per
708 2170 873 2223 legatos
894 2168 1157 2222 arguendum
1190 2171 1319 2213 curat,
1350 2165 1604 2218 nimiamque

164 2227 276 2281 regis
307 2226 513 2269 offensam
546 2229 703 2269 obnixo
736 2227 993 2283 placacionis
1016 2225 1154 2267 stud10
1186 2224 1370 2280 precurri
1404 2224 1603 2278 postulat.

164 2284 231 2325 Ad
264 2285 343 2326 hec
366 2285 644 2341 Bogiszlauus
675 2290 839 2327 tantam
868 2290 1038 2340 recepte
1072 2283 1202 2325 cladis
1226 2281 1607 2323 dissimulacionem

165 2356 291 2397 agere
312 2344 525 2395 sustinuit,
549 2350 606 2396 ut,
628 2344 802 2384 laudata
824 2343 1045 2384 monitoris
1067 2341 1372 2391 beniuolencia,
1395 2338 1607 2378 facturum

95 2415 134 2443 35
165 2415 222 2443 se.
255 2401 367 2456 quod
399 2402 451 2442 ab
482 2402 575 2458 ipso
607 2401 881 2452 suadebatur,
914 2400 1189 2455 promitteret.
1250 2398 1429 2438 Tantum
1464 2399 1606 2436 autem

165 2459 328 2500 timoris
361 2458 611 2501 Sclauorum
643 2460 797 2514 uulgus
842 2458 895 2499 ob
926 2458 1156 2513 pristinam
1186 2455 1329 2510 fugam
1368 2453 1515 2494 animis
1545 2453 1608 2512 in-

164 2517 292 2558 situm
323 2517 535 2569 habebat,
575 2522 621 2558 ut
645 2517 659 2568 ΙΙ
683 2519 815 2559 eciam
846 2530 1027 2569 nouam,
1059 2515 1150 2556 uisa
1183 2518 1292 2566 rate,
1326 2526 1408 2567 que
1440 2513 1606 2565 legatos

163 2574 360 2629 uehebat,
386 2576 510 2617 edere
532 2589 614 2617 non
642 2575 922 2616 erubesceret.
969 2574 1074 2615 Post
1095 2573 1172 2613 hec
1194 2570 1398 2617 Absalon,
1421 2582 1560 2610 rerum
1583 2582 1608 2609 a

165 2646 209 2675 se
225 2638 440 2688 gestarum
466 2633 787 2674 famamillustri
802 2633 956 2673 nuncio
976 2630 1161 2686 precurri
1187 2627 1452 2683 magnificum
1475 2631 1607 2678 ratus,

101 2705 134 2733 ιο
165 2690 421 2745 Tachonem,
436 2691 550 2732 claro
569 2691 718 2735 Fionie
740 2690 832 2732 loco
856 2693 1014 2742 natum,
1036 2702 1131 2729 cum
1154 2686 1335 2728 tentorio
1351 2684 1606 2741 Bugiszlaui,

1658 1077 1686 1103 p.
1708 1067 1758 1096 977

1634 2442 1836 2489 (3[⁷9]<80>›
