1884 3126
259 932 295 958 10

258 1218 295 1245 15

256 1505 293 1532 20

256 1794 292 1821 25

256 2081 294 2110 30

257 2374 294 2402 35

258 2658 294 2687 40

330 279 413 320 644
887 297 941 304 —-
1001 272 1087 316 XV
1147 299 1201 307 —-—

329 403 522 445 affectum
572 402 803 457 primorum
850 400 999 442 Scanie
1046 401 1236 441 uirorum
1285 400 1483 442 beniuola
1529 402 1761 445 uocacione

328 461 494 502 differre
526 459 682 500 docuit.
729 457 846 506 Quos
868 458 1012 510 eciam,
1046 458 1166 499 illum
1188 458 1299 513 apud
1322 458 1515 499 Fioniam
1548 460 1762 514 petituros,

327 517 460 572 plenis
493 515 764 557 humanitatis
797 515 942 556 officiis
973 516 1184 570 prosequi·
1205 530 1289 557 non
1321 516 1574 571 supersedit.
1620 518 1657 557 A
1676 519 1764 572 qui-

329 577 404 617 bus
437 574 618 616 eundem
650 573 812 628 precari
835 577 1022 627 rogatus,
1053 587 1106 614 ne
1140 573 1368 625 Saxonem,
1391 573 1626 628 Achonem,
1654 576 1659 626 Ι
1688 575 1763 616 Su-

326 645 479 672 nonem
518 635 559 671 et
602 630 857 679 Esbernum,
897 630 1086 672 homines
1121 636 1239 672 extra
1271 631 1461 672 Scaniam
1496 636 1632 684 ortos,
1675 632 1763 674 eius

327 689 452 730 rebus
485 701 654 743 preesse
676 692 906 742 pateretur,
928 686 1249 738 affirmantibus,
1281 689 1406 729 finem
1434 688 1634 730 sedicioni
1658 689 1761 741 fore,

327 760 408 801 que
440 746 494 787 ob
516 746 647 787 solam
671 759 813 786 eorum
835 745 1119 800 petulaneiam
1151 746 1324 800 ceperit,
1357 747 1389 787 si
1418 748 1762 801 procuracionem

328 804 486 845 exteris
509 803 756 844 attributam
780 803 831 843 ad
856 802 1076 855 indigenas
1107 803 1322 844 transferri
1343 808 1539 855 curasset,
1570 804 1762 846 inuidere

328 875 402 904 eos
447 861 556 915 regis
603 861 799 914 potencie
843 860 1080 914 respondit,
1124 862 1241 901 cuius
1281 862 1322 901 in
1363 861 1509 902 dandis
1555 862 1762 903 beneficiis

327 918 546 959 arbitrium
577 918 783 971 abrogare
826 918 1025 959 nitantur.
1098 917 1151 959 Se
1182 919 1302 970 uulgi
1326 919 1541 960 ‘seuiciam
1579 920 1764 974 experiri

327 989 451 1030 quam
492 977 700 1029 regiarum
746 988 886 1016 rerum
928 975 1182 1029 dominium,
1222 981 1281 1017 tot
1322 977 1560 1018 seculorum
1589 991 1763 1032 usurpa-

327 1033 445 1075 cione
476 1034 700 1085 firmatum,
733 1031 930 1074 insidiosa
963 1046 1087 1087 prece
1121 1033 1325 1074 subruere
1358 1034 1493 1075 malle.
1551 1033 1661 1074 Tum
1692 1035 1763 1086 illi,

327 1104 494 1132 omnem
527 1090 882 1131 consternacionis
913 1090 1072 1130 rabiem
1104 1091 1144 1131 in
1190 1091 1278 1132 eius
1309 1096 1436 1146 caput
1469 1091 1762 1133 effundendam

327 1149 485 1199 minati,
517 1147 741 1202 superbius
775 1161 884 1202 equo
915 1161 1164 1202 responsum
1186 1148 1354 1190 dedere.
1405 1149 1561 1191 Iisdem
1593 1165 1616 1190 a
1648 1164 1761 1203 rege,

327 1205 527 1261 quidnam
557 1205 801 1259 mitigandis
835 1204 985 1246 Scanie
1016 1206 1142 1246 rebus
1180 1205 1513 1247 efficacissimum
1543 1211 1671 1260 esset,
1702 1209 1762 1248 in-

326 1265 566 1317 terrogatis,
599 1264 731 1304 solam
763 1263 851 1304 eius
885 1262 1125 1317 epistolam,
1159 1277 1241 1318 que
1274 1263 1426 1304 blanda
1456 1265 1615 1318 asperis
1646 1270 1760 1306 certe

325 1320 632 1363 moderacionis
655 1325 986 1374 temperamento
1011 1320 1220 1374 misceret,
1243 1321 1340 1361 huic
1359 1322 1557 1363 tumultui
1574 1322 1760 1363 sedando

325 1378 595 1419 suffecturam
626 1378 834 1419 dicebant.
893 1377 1078 1425 Quorum
1120 1379 1318 1419 instinctu
1349 1394 1425 1421 rex
1456 1379 1623 1433 plebem
1664 1380 1761 1421 Sca-

325 1437 460 1477 nicam
491 1436 624 1491 plenis
665 1435 868 1476 minarum
900 1435 1028 1476 literis
1060 1449 1302 1490 aggressus,
1335 1450 1419 1478 non
1451 1451 1603 1492 parum
1634 1437 1762 1478 nutri-

325 1495 453 1534 menti
485 1493 639 1549 publici
671 1492 822 1534 furoris
845 1493 1035 1533 incendio
1059 1493 1234 1535 addidit.
1282 1494 1495 1549 Siquidem
1519 1495 1761 1550 indignatus

324 1553 528 1606 populus,
576 1565 671 1592 eum
714 1550 935 1591 aduersum
984 1565 1029 1592 se
1075 1551 1424 1593 concitacioribus
1471 1553 1578 1594 notis
1625 1566 1760 1604 usum,

325 1609 549 1650 aduersum
595 1609 704 1649 hunc
746 1607 955 1649 scribendi
995 1622 1145 1650 ausum
1188 1610 1293 1650 iram
1325 1623 1441 1650 suam
1473 1610 1660 1651 seuerius
1690 1610 1761 1651 de-

325 1666 566 1721 stringendo
617 1666 755 1706 omnia
805 1665 1073 1720 uectigalium
1118 1667 1209 1707 iura
1252 1667 1477 1708 solenniter
1516 1668 1760 1721 abroganda

325 1725 503 1766 curauit.
565 1723 835 1765 Pontificales
868 1737 1038 1778 quoque
1071 1723 1254 1765 decimas
1287 1730 1536 1779 execratus,
1568 1725 1761 1767 sacerdo-

324 1782 434 1823 tibus
467 1781 663 1835 coniugia
693 1780 961 1823 decernebat.
1010 1780 1201 1829 Quorum
1234 1782 1364 1823 eciam
1395 1796 1513 1823 saera
1542 1785 1547 1836 j
1574 1783 1666 1836 sibi,
1689 1797 1760 1823 ex-

326 1839 445 1894 ploso
476 1839 683 1894 pontificis
714 1838 968 1890 ministerio,
1000 1839 1193 1880 sufficere
1233 1839 1490 1894 predicabat.
1551 1840 1688 1894 Igitur
1718 1841 1759 1882 in

325 1896 467 1938 diuina
489 1897 646 1952 pariter
667 1897 932 1951 humanaque
954 1903 1180 1951 grassatus,
1212 1898 1442 1939 maiestatis
1472 1903 1758 1953 contemptum

325 1955 539 2008 religionis
570 1954 718 1995 iniurie
751 1954 952 1995 sociabat.
1012 1954 1109 1995 Rex
1139 1955 1295 1996 frustra
1331 1955 1450 1996 minis
1482 1956 1683 1997 institisse
1714 1970 1758 1998 se

325 2012 487 2066 uidens,
520 2013 644 2053 armis
677 2025 804 2066 agere
837 2011 1066 2062 constituit,
1098 2017 1335 2068 exactoque
1376 2013 1523 2054 messis
1555 2018 1757 2068 tempore,

323 2069 365 2111 in
395 2069 627 2112 traiicendo
671 2069 801 2111 milite
839 2070 1002 2124 magnis
1033 2071 1300 2124 nauigiorum
1343 2072 1474 2126 copiis
1505 2071 1756 2125 succinctus,

328 2126 579 2181 Helsingum
621 2126 823 2183 oppidum
863 2127 990 2183 petit,
1021 2127 1237 2169 Absalcne
1275 2128 1385 2170 inter
1420 2133 1654 2183 postremos
1686 2143 1758 2184 ap-

326 2184 486 2240 pellere
516 2185 645 2226 iusso.
705 2185 939 2226 Plurimum
969 2184 1054 2225 illic
1086 2185 1262 2238 uulgus,
1294 2186 1481 2240 piscandi
1513 2187 1758 2241 opportuni-

327 2247 415 2285 tate
464 2247 748 2293 contractum,
800 2242 954 2284 crebris
1005 2241 1252 2285 habitaculis
1303 2247 1583 2298 occupauerat
1625 2244 1755 2285 littus.

329 2299 472 2354 Quod,
517 2300 733 2342 Absalone
778 2303 891 2353 uiso,
940 2299 1080 2341 odium
1121 2301 1209 2342 eius
1249 2300 1544 2342 alimentorum
1585 2316 1755 2343 suorum

325 2357 465 2400 studio
497 2362 781 2413 anteponens,
812 2358 1018 2400 litterales
1050 2363 1113 2411 et,
1146 2371 1252 2413 quos
1284 2372 1404 2400 casus
1437 2359 1667 2409 obtulerat,
1698 2359 1756 2400 la—

326 2415 448 2471 pillos
478 2415 722 2458 aduentanti
742 2415 875 2470 ipsius
898 2415 1068 2470 nauigio
1092 2415 1327 2468 obiiciebat,
1350 2430 1496 2470 parum
1518 2416 1755 2467 recolendo,

324 2474 441 2515 illum
483 2488 507 2515 a
549 2486 594 2515 se
639 2472 789 2514 Scanie
829 2472 979 2515 finibus
1020 2472 1139 2527 pelli,
1179 2473 1249 2527 qui
1289 2474 1445 2515 cunctis
1477 2474 1612 2515 Danie
1652 2474 1755 2515 loeis

325 2534 461 2573 tutum
506 2530 776 2572 habitacionis
818 2545 940 2572 usum
981 2530 1233 2586 prestiterat.
1295 2530 1422 2586 Pars,
1454 2545 1556 2585 rege
1586 2531 1626 2572 in
1659 2545 1757 2572 con-

326 2589 447 2632 cione
469 2588 627 2642 relicto,
657 2601 732 2643 per
754 2602 963 2630 summum
984 2587 1213 2630 maiestatis
1245 2593 1536 2645 contemptum
1566 2588 1618 2630 ad
1641 2603 1754 2630 mare

325 2645 582 2702 decurrens,
613 2646 811 2688 antistitis
841 2645 1069 2687 aduentum
1101 2646 1192 2701 pari
1223 2646 1372 2688 iniuria
1403 2646 1656 2702 excipiebat.
1718 2645 1754 2688 O
