1884 3126
29 922 62 950 10

30 1213 64 1241 15

29 1503 66 1531 20

638 282 692 290 —
751 256 892 302 XIIII
954 282 1007 290 --
1465 258 1544 300 511

92 388 198 431 fiant
242 388 518 443 uegeciores,
565 389 709 445 sopori
753 403 798 431 se
844 393 1118 445 prosternere
1165 388 1343 430 soleant.
1420 387 1550 429 Hunc

92 461 195 489 uero
227 461 314 489 non
346 448 428 489 nisi
461 450 575 489 metu
619 447 766 488 uacuis
798 447 967 503 altaque
1010 448 1237 490 securitate
1268 445 1447 488 firmatis
1478 445 1549 488 ob-

91 519 242 560 repere
275 506 467 558 solitum;
501 511 703 560 ceterum,
735 506 903 547 nemine
925 505 1073 547 talium
1096 505 1331 547 dormiente
1362 509 1549 559 reperto,

91 567 296 619 precante
328 564 472 618 gentis
499 563 699 605 indicium
724 564 871 619 accipi.
917 564 1054 612 Quem
1086 579 1164 606 rex
1197 563 1375 620 piratico
1397 562 1546 618 pocius

91 623 257 664 muneri
299 625 585 664 consentanea
626 636 752 678 quam
793 621 1075 676 magnitudini
1121 636 1197 663 sue
1243 621 1548 663 conueniencia

94 680 289 722 docuisse
340 680 523 723 dicebat.
599 680 843 736 Numquam
897 681 1030 734 enim,
1078 680 1296 722 Danorum
1349 693 1474 734 reges
1524 693 1549 720 a.

93 738 256 780 Sclauis
287 738 473 794 fugatos,
505 739 713 780 memorie
743 738 961 794 proditum
993 738 1147 792 fuisse,
1191 738 1264 780 sed
1297 752 1351 780 ne
1384 752 1429 779 se
1462 737 1550 793 qui-

93 796 191 838 dem
232 797 413 852 primum
454 797 616 849 regiam
658 797 907 851 dignitatem
952 798 1030 838 hoc
1071 796 1351 838 deformitatis
1393 810 1549 851 genere

92 854 415 896 maculatur-um.
477 854 596 896 Tunc
628 854 865 897 Guemerus
897 855 1142 906 Falstricus,
1171 869 1414 921 quanquam
1445 854 1549 895 alias

94 913 332 968 uegecioris
355 927 480 968 quam
504 913 775 968 sapiencioris
797 913 925 955 animi
948 913 1228 966 estimaretur,
1266 914 1356 955 siue
1377 913 1547 967 ingenio

94 985 172 1030 suo
205 972 297 1014 siue
330 972 440 1037 regis
473 970 646 1013 fortuna
677 976 901 1021 monente,
934 986 1139 1014 summam
1173 972 1362 1013 omnium
1394 972 1549 1013 hesita-

95 1027 269 1081 cionem‚
301 1029 473 1095 ancipiti
516 1030 655 1071 studio
696 1031 995 1079 fluctuantem,
1037 1030 1212 1071 salutari
1245 1030 1550 1071 exhortacione

95 1087 306 1141 discussit,
338 1088 628 1143 incertamque
672 1088 833 1130 consilii
866 1089 1114 1130 concionem
1146 1088 1198 1130 ad
1232 1102 1351 1129 suam
1384 1092 1551 1129 senten-

97 1147 203 1187 ciam
236 1146 453 1202 perduxit,
477 1146 743 1199 affirmando,
766 1147 1016 1188 temeritatis
1040 1161 1130 1189 esse
1155 1147 1356 1202 exiguam
1378 1160 1549 1187 manum

98 1218 191 1246 cum
225 1205 431 1246 immenso
473 1204 597 1246 hoste
639 1203 874 1247 conserere.
937 1205 1138 1247 Ceterum
1170 1205 1343 1246 Bartam
1376 1205 1549 1260 prouin-

97 1264 227 1316 ciam,
260 1278 282 1305 a
314 1263 457 1317 Rugia
498 1263 618 1306 breui
651 1263 758 1306 freto
791 1264 1038 1316 discretam,
1081 1263 1133 1305 ob
1174 1263 1429 1318 paruitatem
1473 1263 1550 1314 sui,

97 1335 353 1376 quocunque
385 1325 536 1376 paratu
569 1327 694 1376 essct,
728 1323 935 1378 populatu
967 1321 1212 1377 perfacilem
1254 1321 1359 1363 fore
1420 1321 1549 1362 Deni-

99 1393 180 1435 que
211 1393 356 1435 regem
401 1379 642 1434 quiescendi
682 1381 823 1434 gracia
867 1380 1003 1422 cubile
1037 1384 1198 1435 petere,
1234 1379 1549 1434 exhaustasque

97 1438 252 1492 uigiliis
296 1438 408 1479 uires
459 1442 501 1480 et
546 1438 735 1479 attritum
778 1439 887 1480 curis
935 1439 1124 1480 animum
1176 1452 1324 1479 somno
1377 1438 1550 1479 reficere

95 1496 233 1542 iubet
275 1510 477 1551 uespere,
520 1511 602 1552 quo
646 1497 783 1538 minus
814 1497 1009 1551 prouisus
1040 1497 1316 1551 irrumperet,
1359 1494 1547 1551 claslsem

55 1577 57 1579 ν
97 1554 424 1609 applicaturum.
498 1555 722 1604 Preterea‚
767 1555 916 1596 uadosi
947 1555 1129 1596 fluminis
1162 1555 1382 1609 angustias
1424 1555 1550 1595 intra-

29 1794 66 1822 25

32 2667 69 2695 40

97 1616 231 1666 turos,
265 1626 453 1667 sparsam
468 1613 799 1667 -nauigacionem
823 1614 953 1655 tacito
978 1613 1185 1655 conficere
1208 1612 1383 1667 remigio
1416 1612 1549 1663 iussit,

97 1684 151 1711 ne
183 1676 258 1712 aut
288 1670 626 1726 obstrepencium
657 1685 872 1713 remorum
904 1671 1049 1727 fragor
1093 1671 1364 1713 securitatem
1405 1670 1548 1712 incolis

99 1728 302 1779 demeret,
343 1733 415 1769 aut
455 1729 643 1785 ipsimet,
676 1729 868 1784 impactis
902 1729 1058 1772 harene
1090 1730 1294 1783 nauigiis,
1336 1730 1444 1770 circa
1487 1729 1549 1769 in-

98 1791 213 1829 certe
247 1786 480 1829 altitudinis
521 1788 633 1829 uada
678 1787 841 1829 diucius
874 1787 1022 1830 herere
1067 1792 1335 1842 cogerentur.
1398 1786 1549 1828 Cetera

100 1859 144 1885 se
177 1846 497 1900 exploraturum
528 1846 748 1901 promittit.
792 1845 889 1887 Rex
923 1846 1071 1901 cupide
1097 1847 1271 1888 consilio
1306 1845 1549 1894 obsecutus,

100 1917 305 1958 uespere,
346 1903 466 1957 signo
510 1903 779 1959 nauigacioni
820 1904 945 1958 dato,
988 1905 1247 1946 destinatum
1280 1918 1446 1945 amnem
1482 1917 1549 1944 oc-

101 1966 241 2016 cupat.
304 1960 435 2002 Cuius
468 1962 715 2017 expeclicius
748 1962 992 2018 permeandi
1024 1963 1166 2018 gracia
1208 1962 1338 2004 ternis
1370 1961 1549 2015 nauigiis

99 2019 250 2060 iunctis
283 2019 459 2061 classem
493 2020 688 2062 incedere
719 2020 860 2072 iubet,
892 2035 945 2062 ne
977 2022 1153 2063 confusa
1193 2020 1433 2062 fluuialibus
1466 2024 1549 2060 tar-

99 2077 273 2118 daretur
304 2078 525 2132 angustiis.
588 2077 667 2120 Oui
699 2078 935 2121 Guemerus
968 2085 1057 2121 rate
1090 2079 1265 2130 obuius,
1298 2077 1547 2134 opportuni-

99 2140 232 2177 tatem
263 2135 507 2178 inuadende
541 2137 677 2191 gentis
709 2142 971 2192 aucupatus,
1012 2138 1272 2192 interceptos
1312 2137 1548 2178 incolarum

99 2193 385 2248 speculatores
429 2194 617 2236 adducit.
686 2194 820 2236 Letus
861 2209 910 2236 eo
952 2210 1050 2247 rex,
1088 2195 1275 2236 diluculo
1314 2194 1549 2250 peragratis

99 2251 231 2304 siluis,
263 2265 362 2293 rura
394 2266 443 2293 ac
474 2253 588 2294 uicos
620 2252 702 2295 hoc
734 2254 885 2306 acrius,
917 2267 1001 2308 quo
1032 2254 1263 2305 latencius,
1296 2253 1457 2307 irrupit,
1489 2252 1550 2292 in-

100 2309 298 2364 colasque
341 2309 479 2351 adhuc
519 2312 655 2353 somni
698 2311 925 2352 securitate
971 2316 1193 2366 torpentes
1238 2311 1457 2365 repentina
1488 2310 1550 2350 in-

53 2375 68 2400 5
99 2367 292 2408 cursione
340 2368 550 2422 protriuit.
623 2368 659 2410 E
701 2368 883 2424 quibus*
930 2370 1195 2424 complures,
1241 2367 1547 2424 perstrepentis

102 2424 315 2480 equitatus
346 2425 519 2480 fragore
549 2427 748 2482 perculsi,
780 2427 941 2482 patrios
973 2428 1103 2469 duces
1137 2427 1370 2469 aduentare
1404 2425 1547 2467 crede-

99 2482 214 2525 bant.
276 2482 359 2524 Sed
391 2483 504 2525 hunc
536 2499 683 2526 eorum
706 2499 892 2527 errorem
914 2485 1068 2527 adacta
1098 2490 1277 2541 repente
1299 2483 1547 2539 corporibus

99 2541 236 2582 iacula
269 2541 569 2584 discusserunt.
643 2541 892 2598 Complures
934 2558 1106 2596 eorum,
1140 2544 1298 2585 exertis
1329 2556 1405 2597 per
1437 2542 1546 2583 ostia

102 2599 324 2654 capitibuS,
357 2598 675 2655 Kazymarusne
716 2615 769 2642 an
801 2600 1081 2655 Bugisclauus
1113 2601 1387 2653 aduentaret,
1420 2613 1546 2653 roga-

100 2656 215 2700 bant.
279 2656 471 2706 Quorum
502 2659 773 2714 percontacio
804 2659 984 2715 propriis
1027 2673 1172 2702 eorum
1216 2658 1433 2700 funeribus
1473 2671 1545 2699 ex-

1601 1509 1629 1534 p.
1648 1500 1699 1526 749

1602 2378 1690 2407 cim,
1746 2361 1748 2364 ’
