1884 3126
594 262 647 268 -
709 235 848 281 XIIII
906 264 963 270 —-
1418 238 1502 283 563

52 366 297 421 complures,
332 365 546 407 licenciori
577 366 841 421 impunitatis
863 368 1056 423 exemplo
1078 371 1325 423 protractos,
1357 367 1502 410 simili-

54 423 131 465 bus
154 425 325 465 monitis
348 424 692 466 succlamaturos.
735 423 825 466 Nec
847 439 979 478 secus,
997 440 1046 467 ac
1062 426 1318 481 predixerat,
1338 426 1500 469 accidit.

51 481 163 522 Nam
195 496 291 522 cum
324 482 531 537 principes
563 482 675 522 omni
708 482 844 524 studio
876 483 1080 524 redeundi
1111 483 1386 539 cupiditatem
1409 498 1501 539 pro-

51 540 183 581 cessui
228 541 487 594 preferrent,
534 553 712 594 eamque
756 540 988 582 manifestis
1031 542 1139 583 uotis
1182 543 1374 597 prosequi
1418 556 1500 583 non

1 610 17 636 5
50 598 270 650 auderent,
302 598 472 653 plebem
502 597 785 638 clandestinis
822 598 1103 640 incitamentis
1134 599 1376 642 instinctam
1396 600 1503 641 sedi·
1556 612 1582 637 p.
1603 603 1655 631 820

0 673 3 675 ·
51 656 174 697 ciosis
218 669 437 696 armauere
482 655 678 696 consiliis.
752 655 816 696 Ex
865 668 948 709 qua
989 657 1158 711 quidam
1204 658 1502 712 petulancioris

51 713 241 763 audacie,
274 713 495 768 explorata
517 713 743 754 Absalonis
775 713 985 766 absencia,
1019 715 1134 755 cuius
1157 715 1197 755 in
1220 715 1502 769 protrahenda

52 772 330 826 expedicione
361 771 636 826 pertinaciam
670 771 965 824 causabantur,
997 786 1151 813 nauem
1191 773 1279 813 eius
1319 773 1502 814 silicibus

50 830 253 884 petiuerc.
311 828 395 870 Sed.
426 843 451 870 a
477 828 706 882 remigibus
729 843 827 870 mox
853 831 1031 885 excepti,
1065 843 1301 885 quanquam
1326 845 1500 872 numero

1 899 19 926 0
51 891 302 942 prestarent,
337 892 459 941 terga
491 890 668 927 uertere.
731 887 919 935 Quorum
950 888 1213 929 demenciam
1244 902 1316 929 rex
1360 888 1502 930 debita

51 945 420 986 animaduersione
452 949 695 999 persecutus
727 959 809 986 non
843 950 925 999 est,
967 944 1133 987 abunde
1175 960 1244 987 eos
1285 946 1363 987 hoc
1402 947 1502 1001 fuge

52 1002 256 1044 dedecore
297 1002 466 1058 punitos
507 1003 766 1044 existimans.
828 1003 933 1044 Inde
975 1003 1028 1044 ad
1071 1004 1207 1044 sinum
1245 1003 1502 1057 Porturiam,

52 1061 224 1115 egregia
257 1059 423 1102 Siuardi
456 1060 634 1101 uictoria
668 1060 894 1116 inclytum,
938 1061 1009 1102 ubi
1049 1062 1206 1102 scilicet
1238 1062 1503 1103 innumeram

52 1119 226 1160 classem
259 1118 393 1159 tribus
426 1118 479 1159 ab
512 1132 559 1159 00
591 1119 772 1172 nauigiis
804 1119 1022 1160 subactam
1056 1119 1209 1170 ferunt,
1248 1120 1502 1160 uelificatum

2 1190 18 1216 5
50 1181 125 1218 est.
188 1177 280 1218 Illic
321 1191 346 1228 e·
389 1175 628 1217 Iutensibus
670 1176 823 1231 aliqui,
871 1177 1129 1231 iniquissima
1172 1177 1502 1231 gubernatorum

51 1234 349 1276 exhortacione
380 1234 585 1288 prouecti,
610 1233 624 1287 Η
648 1235 844 1276 concione
866 1235 991 1287 facta,
1023 1236 1308 1277 remissionem
1331 1235 1503 1290 expedi·
1561 1245 1655 1278 1319)

51 1292 183 1333 cionis
228 1292 411 1333 uiolenta
456 1292 786 1333 succlamacione
830 1293 1070 1348 poscebant.
1133 1292 1201 1334 Ad
1246 1307 1347 1347 quos
1393 1307 1501 1334 com-

50 1350 371 1405 prehendendos
402 1350 556 1390 milites
587 1350 664 1391 sub
697 1351 839 1404 ignoto
871 1351 986 1392 cultu
1018 1351 1131 1392 missi
1167 1351 1414 1405 aliquandiu
1459 1352 1500 1392 in

53 1422 194 1449 eorum
229 1408 414 1462 concilio,
447 1407 667 1449 obscurata
689 1410 752 1449 sni
775 1409 940 1459 noticia,
970 1409 1260 1450 consederunt.
1312 1409 1498 1450 Tandem

0 1479 17 1506 ο
50 1479 73 1506 a
92 1466 442 1507 circunstantibus
465 1466 611 1520 agniti,
632 1471 762 1515 ueste,
785 1480 912 1521 quam
936 1467 1094 1508 latendi
1111 1466 1253 1521 gracia
1270 1481 1500 1522 sumpsere,

49 1523 256 1576 discussa,
301 1528 512 1578 correptos
545 1523 765 1565 sedicionis
797 1530 989 1566 auctores
1022 1524 1188 1565 obtorta
1228 1525 1328 1579 gula
1360 1539 1499 1565 secum

49 1586 231 1624 traxere.
295 1581 375 1630 Qui
408 1596 503 1622 cum
535 1582 588 1622 ad
619 1596 750 1623 naues
782 1582 952 1623 abducti
985 1582 1184 1634 fuissent,
1227 1596 1378 1636 graues
1410 1583 1500 1636 regi

49 1653 178 1695 penas
201 1639 444 1694 uapulando
467 1639 634 1689 dedere.
684 1640 764 1688 Qui
791 1654 871 1695 quo
894 1641 1127 1695 puniciores
1150 1641 1300 1691 forent,
1318 1640 1500 1681 uicissim

49 1697 92 1738 in
114 1698 246 1738 undas
271 1697 611 1749 demittebantur,
636 1698 867 1753 iisdemque
890 1699 1070 1739 extracti
1088 1698 1297 1739 renouatis
1317 1697 1499 1738 uerberi-

0 1770 20 1796 *5
52 1755 130 1797 bus
150 1756 489 1808 mulctabantur.
542 1755 644 1796 Post
676 1755 753 1797 hec
776 1770 823 1797 eo
846 1756 925 1797 loci
948 1770 1200 1811 processum,
1233 1755 1304 1796 ubi
1326 1755 1498 1796 solsticii

52 1814 238 1854 estiualis
272 1818 459 1868 tempore
488 1813 685 1854 inusitate
718 1814 920 1855 claritatis
951 1819 1091 1855 noctes
1123 1827 1302 1866 sensere,
1334 1813 1498 1868 dieique

50 1875 138 1912 tam
172 1871 349 1921 similes,
382 1874 427 1912 ut
460 1871 677 1912 minimum
720 1876 960 1926 temporum
1001 1871 1221 1913 discrimen
1264 1871 1498 1922 uideretur3

51 1929 103 1970 ad
137 1943 314 1984 quarum
347 1929 504 1981 lumen,
537 1930 636 1970 solis
671 1929 870 1971 beneficio
897 1934 1178 1984 procuratum,
1211 1929 1295 1969 lcui
1317 1933 1499 1971 contem-

51 1987 242 2042 placione
274 1987 406 2028 exiles
450 1987 570 2028 litere
611 1987 696 2041 legi
733 1992 941 2053 poterant.
1003 1987 1097 2028 Illic
1137 1987 1370 2027 Iutensium
1414 2000 1499 2027 ma-

0 2058 19 2086 0
49 2050 220 2100 gnates,
253 2059 356 2100 quos
387 2049 459 2086 aut
493 2049 627 2086 metus
658 2050 730 2086 aut
768 2046 1027 2100 inpaciencia
1058 2045 1322 2094 stimulabat,
1354 2058 1496 2098 regem

50 2104 205 2158 apertis
222 2102 448 2158 repetende
468 2103 599 2155 patric
619 2104 788 2144 monitis
805 2117 910 2157 aggi
913 2103 1004 2156 essi,
1019 2103 1189 2157 inopem
1204 2102 1498 2143 alimentorum

51 2161 368 2216 expedicionem
400 2159 554 2201 dimitti
585 2161 799 2211 iubebant,
833 2175 944 2202 anno
979 2165 1159 2216 postero,
1196 2160 1230 2200 si
1262 2160 1424 2200 animus
1455 2159 1498 2199 in

51 2219 265 2260 sentencia
296 2219 526 2266 mansisset
558 2233 640 2259 non
672 2232 747 2273 per
785 2219 973 2274 prolixos
1005 2218 1267 2259 Wieensium
1308 2217 1497 2272 parcium

51 2275 276 2327 anfractus,
309 2275 382 2318 sed
413 2290 435 2317 e
465 2275 665 2317 VVendile
697 2277 850 2318 finibus
882 2276 1038 2317 dilecte
1072 2275 1358 2329 nauigacionis
1390 2288 1498 2315 com-

0 2347 21 2374 ÷5
52 2334 206 2389 pendio
238 2345 517 2376 reueisuram.
570 2333 765 2382 Quorum
795 2348 919 2375 uoces
952 2334 1084 2375 eciam
1118 2332 1338 2388 querulum
1362 2331 1499 2373 inedie

53 2392 207 2446 uulgus
247 2392 346 2433 adiu
364 2392 449 2445 uit,
492 2391 596 2433 adeo
640 2396 686 2432 ut
727 2406 849 2433 nemo
890 2406 944 2433 ex
976 2391 1099 2445 plebe
1140 2394 1269 2441 esset,
1312 2390 1383 2444 qui
1413 2403 1499 2430 non
1554 2396 1651 2430 μδῖί

53 2463 194 2490 rerum
239 2450 378 2504 inopie
420 2449 548 2490 citato
589 2449 727 2490 reditu
768 2449 1105 2490 subueniendum
1147 2448 1359 2489 clamaret.
1432 2446 1500 2487 Ita

53 2521 152 2560 rex,
200 2507 467 2562 obstrepente
515 2506 795 2548 multitudinis
841 2507 1041 2562 imperio,
1092 2505 1303 2561 proposito
1351 2503 1499 2546 cedere

56 2565 309 2620 compulsus
343 2564 544 2606 soluendo
576 2565 863 2619 expedicionis
895 2564 1151 2605 sentenciam
1181 2561 1369 2617 protulit
1429 2560 1500 2615 Et,

0 2635 22 2661 o
52 2636 103 2664 ne
137 2622 300 2664 hostem
333 2623 466 2664 omnis
495 2622 745 2663 incommodi
766 2626 985 2677 expeltem
1012 2621 1280 2676 relinqueret,
1312 2623 1499 2674 prestan-

1294 2686 1360 2723 36*
1392 2681 1403 2696 '
