1884 3126
85 986 119 1014 10

88 1276 120 1303 15

714 290 764 294 —
827 267 915 310 VII
985 293 1026 298 —
1524 271 1606 312 245

293 390 350 433 Et
383 393 512 435 risum
546 407 710 436 merore
742 396 895 449 premit
926 400 1162 452 sortemque
1195 398 1402 441 molestat.

294 451 500 506 Lugubre
534 452 646 493 enim
678 467 727 493 ac
759 454 955 495 miserum
987 460 1049 496 est
1072 455 1279 497 deiectam
1302 457 1451 499 ducere
1476 459 1604 499 uitam

292 508 347 549 Et
382 511 522 551 tristes
556 511 715 565 spirare
747 511 835 553 dies
869 527 1073 568 omenque
1106 513 1260 556 dolere.

295 567 379 608 Sed
416 582 670 624 quecunque
703 569 806 624 ligat
836 571 1064 612 Parcarum
1096 573 1281 626 prescius
1314 573 1428 624 ordo,

292 626 556 682 Queeunque
588 641 788 669 arcanum
821 642 973 683 supere
1005 629 1185 670 racionis
1217 630 1453 681 adumbrat,

293 683 380 725 Seu
414 698 496 739 que
528 684 715 726 fatorum
750 686 858 728 serie
890 687 1060 741 prenisa
1094 692 1302 741 tenentur,

292 740 422 783 Nulla
455 741 712 784 caducarum
746 758 888 786 rerum
920 745 1139 787 conuersio
1172 746 1303 788 tollet.

294 857 373 902 His,
404 858 550 905 dictis,
595 873 690 901 cum
722 861 775 902 ab
810 861 1008 904 Haldano
1043 862 1096 903 ob
1130 866 1214 903 tam
1256 876 1388 903 seram
1430 863 1602 904 fraterni

153 917 308 958 uinculi
331 917 637 960 confessionem
671 920 828 961 inercie
861 920 1141 972 damnaretur,
1173 921 1323 962 iccirco
1355 936 1398 962 se
1432 921 1602 963 silencio

152 989 276 1017 usum
310 989 402 1017 esse
430 975 435 1027 Ι
464 975 654 1028 dicebat,
697 992 750 1019 ne
782 983 854 1019 aut
887 993 1073 1032 pugnam
1107 978 1379 1020 detrectando
1412 979 1603 1033 ignauus,

151 1042 226 1075 aut
260 1034 563 1076 committendo
597 1036 806 1078 scelestus
839 1037 1072 1078 existimari
1104 1040 1261 1091 posset.
1323 1037 1497 1078 Talibus
1531 1052 1603 1078 ex-

151 1091 385 1134 cusacionis
430 1092 572 1134 uerbis
614 1094 802 1135 intentus
846 1095 1124 1149 extinguitur.
1187 1093 1270 1135 Sed
1313 1095 1424 1149 apud
1459 1094 1603 1136 Danos

154 1149 401 1191 Haldanum
433 1150 485 1191 ab
519 1150 743 1207 Hildigero
770 1153 1035 1208 prostratum
1068 1166 1209 1192 rumor
1241 1151 1441 1193 ediderat.
1502 1154 1605 1194 Post

154 1207 230 1250 hec
255 1208 481 1264 Gyuritha,
517 1224 598 1265 que
630 1211 734 1265 regii
765 1211 979 1265 sanguinis
1002 1211 1088 1252 sola
1115 1210 1129 1263 Η
1153 1209 1265 1265 apud
1294 1210 1438 1251 Danos
1460 1225 1603 1265 super-

154 1271 266 1319 erat,
305 1281 400 1308 cum
433 1281 457 1307 a
491 1267 655 1318 Sinaro,
689 1269 900 1311 Saxonice
933 1269 1069 1323 gentis
1100 1268 1368 1315 nobilissimo,
1401 1269 1600 1323 postulari

155 1326 347 1379 cepisset,
382 1324 650 1381 latenterque
686 1327 724 1367 ei
757 1327 1000 1368 Haldanum
1033 1326 1263 1381 preferret,
1311 1327 1603 1367 condicionem

153 1397 279 1436 proco
320 1383 484 1434 intulit,
527 1399 579 1426 ne
624 1399 748 1425 suum
793 1386 908 1441 prius
956 1384 1209 1427 connubium
1252 1389 1438 1439 peteret,
1479 1399 1603 1439 quam

151 1440 373 1482 Danorum
423 1455 599 1497 regnum
649 1444 917 1485 membratim
965 1443 1145 1484 diuisum
1186 1443 1229 1483 in
1272 1457 1402 1483 unum
1449 1456 1600 1497 corpus

122 1538 131 1545 ,
152 1498 373 1553 redigeret,
406 1499 534 1555 idque
557 1501 635 1542 sibi
659 1516 734 1556 per
755 1502 951 1543 iniuriam
976 1505 1166 1556 ereptum
1188 1501 1313 1541 armis
1336 1500 1600 1542 restituisset.

81 1565 119 1592 20

81 2203 120 2230 30

82 2492 119 2520 35

153 1556 275 1605 Quod
308 1557 465 1599 frustra
498 1564 692 1602 tentante
727 1559 892 1609 Sinai-o,
926 1559 1118 1600 omnibus
1152 1558 1316 1599 arbitris
1349 1559 1526 1613 pecunia
1549 1557 1601 1597 ab

151 1616 244 1670 ipso
278 1617 509 1671 corruptis,
552 1618 721 1659 tandem
758 1619 795 1659 ei
828 1616 1131 1672 ‹lespondenda
1163 1616 1415 1657 conceditur.
1479 1615 1599 1663 Quod

155 1673 377 1715 llaldanus
409 1674 521 1730 apud
556 1676 757 1717 Rusciam
791 1690 864 1731 per
896 1675 1183 1730 negociatores
1217 1680 1442 1728 expertus,
1483 1676 1600 1713 tanto

152 1731 293 1773 studio
325 1732 595 1786 nauigacioni
628 1734 829 1788 incubuit,
861 1739 907 1774 ut
939 1733 1183 1788 nupciarum
1219 1737 1383 1786 tempus
1415 1730 1601 1772 aduentu

151 1796 432 1844 precurreret.
482 1791 670 1839 Quarum
705 1792 840 1846 prima
871 1791 939 1833 die
972 1791 1131 1845 regiam
1162 1790 1370 1844 petiturus
1402 1788 1599 1843 precepit,

83 1856 115 1882 2¹1⁷
151 1862 202 1888 ne
245 1848 418 1889 comites
461 1850 575 1904 prius
619 1864 644 1890 a.
684 1850 924 1892 censtitutis
966 1849 1044 1890 sibi
1085 1852 1357 1888 mouerentur
1397 1846 1599 1899 excubiis,

155 1920 281 1961 quam
323 1906 421 1947 ferri
462 1907 684 1949 stridorem
729 1909 891 1949 eminus
933 1922 1035 1949 aure
1077 1906 1350 1960 perciperent.
1412 1904 1599 1958 Cumque

152 1964 341 2006 conuiuis
367 1979 513 2019 parum
539 1966 735 2021 cognitus
759 1980 900 2007 coram
933 1964 1096 2018 uirgine
1130 1963 1397 2011 constitisset,
1428 1976 1478 2002 ne
1510 1961 1600 2026 uul-

150 2022 263 2077 garis
305 2022 459 2079 eloquii
501 2024 694 2065 nuditate
738 2023 929 2079 pluribus
969 2022 1181 2063 intellecta
1225 2020 1515 2074 depromeret,
1559 2033 1599 2059 111

152 2081 261 2122 hunc
292 2081 466 2124 modum
499 2083 694 2124 abstrusa
727 2096 896 2124 carmen
929 2080 1109 2135 ambage
1142 2078 1375 2134 compegit:

566 2196 708 2238 Patris
741 2200 909 2251 sceptra
941 2194 1181 2249 relinquens

570 2253 640 2295 Nil
672 2255 875 2308 figmenta
907 2251 1087 2294 uerebar

569 2312 810 2354 Commenti
840 2310 1055 2352 muliebris

566 2371 699 2412 Astus
730 2369 969 2420 femineiue,
1062 2412 1064 2414 ,

567 2427 708 2470 Vnum
745 2426 912 2482 quando
947 2426 1151 2480 duosque,

566 2486 673 2528 Tres
707 2500 756 2527 ac
788 2489 985 2540 quatuor,
1018 2488 1059 2524 et
1091 2496 1190 2523 mox

569 2544 743 2594 Quinos,
775 2541 958 2597 indeque
991 2555 1127 2587 senos

567 2602 672 2643 Post
702 2606 883 2654 septem,
916 2599 1039 2640 simul
1072 2602 1180 2650 octo,

571 2658 781 2703 Vndenos
810 2670 977 2718 quoque
1008 2655 1120 2700 solus

1658 992 1682 1016 p.
1702 984 1750 1010 359

1674 1212 1764 1247 (137)
