1884 3126
285 239 337 280 74
854 264 905 270 -—
966 239 1036 282 III
1096 263 1149 271 --

282 366 533 409 naturaliter
579 365 766 409 dicimus.
846 367 1022 410 Talibus
1068 381 1251 424 namque
1297 382 1382 410 non
1427 372 1606 422 natura,
1652 369 1724 412 sed

282 425 478 480 gencium
509 439 638 479 more,
671 425 901 468 diuinitatis
934 424 1191 468 uocabulum
1223 426 1385 469 damus.

424 482 621 525 Ceterum
643 483 872 526 Balderum
895 483 997 539 fuga
1020 497 1145 525 cursu
1168 485 1330 539 quesita
1351 485 1551 527 seruauit.
1596 485 1726 528 Cuius
1747 503 1775 527 p·
1798 496 1844 522 1¹9

285 540 466 595 nauigiis
488 542 671 583 uictores
695 545 769 583 aut
805 542 916 584 ferro
944 541 1138 584 laceratis
1169 548 1244 584 aut
1275 543 1406 584 fluctu
1438 543 1612 597 obrutis,
1644 558 1729 586 non

234 613 251 639 5
285 600 471 640 contenti
504 599 606 641 deos
638 600 805 654 uicisse,
844 600 988 646 classis
1018 599 1216 654 reliquias
1248 601 1405 642 seuicia
1436 601 1729 656 insequuntur,

287 671 432 699 earum
473 657 633 699 iactura
673 658 883 699 funestam
916 657 1014 699 belli
1045 657 1284 713 cupidinem
1318 659 1543 714 expleturi.
1605 659 1727 702 Adeo

284 716 520 771 plerunque
567 715 841 758 insolenciam
887 729 1107 758 successus
1154 722 1391 772 exasperat.
1452 717 1591 759 Testis
1633 717 1729 759 belli

285 777 433 828 portus
464 773 638 816 Balderi
669 774 812 828 fugam
845 773 1055 815 uocabulo
1086 773 1228 815 refert.
1281 774 1511 816 Gelderum
1545 789 1727 830 quoque,

285 831 470 873 Saxonie
495 845 649 886 regem,
674 833 825 874 eodem
848 836 1147 887 consumptum
1169 832 1293 884 bello,
1325 833 1530 887 remigum
1553 847 1728 875 suorum

216 902 253 929 10
288 889 566 932 cadaueribus
598 891 906 945 superiectum,
938 903 987 931 ac
1017 903 1122 944 rogo
1155 890 1337 944 nauigiis
1369 895 1564 933 extructo
1595 892 1728 947 impo-

284 949 426 1001 situm,
458 948 743 1003 pulcherrimo
776 947 936 989 funeris
969 948 1172 1002 obsequio
1207 947 1371 991 extulit.
1421 948 1593 991 Cineres
1624 950 1726 1003 eius,

284 982 458 1061 perinde
491 1020 541 1046 ac
571 1006 674 1060 legii
708 1007 894 1061 emporis
925 1006 1148 1060 reliquias,
1195 1020 1281 1047 non
1312 1006 1447 1048 solum
1473 1007 1633 1073 insigni
1663 1011 1728 1048 tu-

283 1064 398 1107 mulo
440 1064 636 1117 tiadidit,
679 1078 827 1105 uerum
870 1063 1002 1106 eciam
1045 1064 1181 1119 plenis
1213 1065 1504 1106 ueneracionis
1536 1065 1726 1120 exequiis

285 1122 512 1165 decorauit.
548 1121 655 1162 Post
686 1122 779 1176 hec,
810 1136 862 1163 ne
896 1122 1094 1163 connubii
1125 1135 1243 1176 spem
1274 1123 1451 1164 ulterior
1482 1137 1621 1164 rerum
1652 1123 1727 1164 im-

215 1192 250 1219 15
281 1180 519 1236 portunitas
553 1186 800 1230 moraretur,
831 1179 1013 1235 repetito
1038 1179 1224 1233 Geuaro,
1257 1180 1407 1235 cupitis
1433 1180 1583 1222 Nanne
1616 1195 1727 1223 com-

280 1239 479 1293 plexibus
528 1237 692 1280 fruitur.
765 1237 932 1279 Deinde
978 1237 1222 1292 Helgonem
1267 1251 1316 1279 ac
1361 1238 1548 1280 Thoram
1593 1239 1726 1294 plenis

279 1296 546 1338 liberalitatis
579 1296 725 1337 officiis
757 1299 1037 1352 prosecutus,
1078 1308 1234 1337 nouam
1269 1295 1414 1339 Suetie
1446 1300 1622 1352 nuptam
1653 1297 1724 1339 ad-

281 1355 413 1410 uexit,
448 1355 607 1396 cunctis
629 1358 715 1395 tam
737 1353 990 1396 uenerabilis
1012 1353 1202 1408 uictoria,
1235 1367 1362 1408 quam
1391 1354 1601 1397 Balderus
1632 1355 1727 1396 ridi-

282 1413 400 1454 culus
430 1412 544 1468 fuga.

211 1484 250 1511 20
421 1471 515 1519 Quo
550 1475 741 1526 tempore
783 1484 877 1511 cum
912 1469 1129 1512 Sueonum
1171 1473 1391 1523 magnates
1427 1470 1625 1513 soluendi
1656 1471 1724 1512 tri-

283 1529 373 1570 buti
413 1529 558 1584 gracia
588 1528 767 1570 Daniam
808 1528 1071 1584 petiuissent,
1106 1527 1159 1570 ob
1192 1528 1362 1582 egregia
1393 1529 1524 1583 patris
1564 1529 1725 1583 merita,

282 1602 307 1629 a
337 1587 615 1643 popularibus
647 1588 740 1628 loco
773 1587 890 1642 regio
936 1587 1075 1628 cultus
1106 1585 1236 1627 fallax
1269 1584 1441 1628 fortune
1473 1586 1725 1628 lenocinium

283 1650 484 1701 expertus
517 1648 594 1687 est.
647 1644 864 1700 Siquidem
887 1659 912 1686 a
934 1643 1130 1696 Baldero,
1164 1656 1287 1699 quem
1319 1644 1445 1699 paulo
1479 1648 1577 1686 ante
1609 1644 1726 1687 deui-

282 1708 421 1755 cerat,
463 1702 595 1759 prelio
638 1706 886 1758 superatus,
917 1701 922 1756 1
949 1702 1002 1743 ad
1033 1701 1250 1744 Geuarum
1291 1701 1514 1754 decurrere
1555 1716 1726 1745 neccsse

214 1773 250 1800 25
282 1761 442 1815 habuit,
476 1760 653 1802 uictoria
684 1764 780 1816 post
811 1774 989 1815 regnum
1020 1760 1186 1812 amissa,
1221 1772 1345 1815 quam
1377 1760 1567 1814 priuatus
1599 1760 1727 1816 adep-

282 1823 350 1860 tus
381 1819 533 1861 fuerat.
595 1818 741 1861 Victor
768 1818 996 1871 Balderus,
1036 1821 1083 1859 ut
1113 1816 1317 1859 afflictum
1349 1818 1417 1858 siti
1446 1818 1620 1861 militem
1654 1832 1728 1874 op-

282 1877 453 1933 portuni
498 1877 674 1931 liquoris
719 1876 926 1919 beneficio
973 1879 1206 1926 recrearet,
1252 1889 1385 1917 nouos
1426 1876 1543 1917 humi
1582 1876 1727 1918 latices

282 1941 438 1977 terram
471 1935 602 1976 alcius
633 1935 808 1976 rimatus
841 1935 1020 1990 aperuit.
1069 1934 1261 1982 Quorum
1293 1938 1562 1988 erumpentes
1593 1938 1727 1976 scate-

284 1994 379 2034 bras
410 1992 672 2035 sitibundum
707 2006 858 2048 agmen
889 1992 1020 2034 hianti
1062 1991 1218 2047 passim
1263 2004 1334 2032 ore
1372 1992 1582 2047 captabat.
1643 1991 1726 2033 Eo-

1757 1475 1826 1510 (42)

1747 1716 1775 1741 p.
1799 1709 1847 1734 120

211 2064 248 2092 30
280 2051 459 2092 rundem
489 2049 705 2105 *uestigia,
737 2051 994 2117 sempiterno
1026 2050 1191 2091 firmata
1221 2049 1446 2101 uocabulo,
1479 2061 1845 2106 quanquamxxlu

279 2110 458 2164 pristina
480 2108 533 2151 ad
555 2109 728 2150 modum
756 2109 970 2163 scaturigo
1003 2108 1188 2155 desierit,
1219 2106 1407 2148 nondum
1429 2122 1604 2174 prorsus
1626 2121 1726 2150 exo-

279 2168 432 2208 leuisse
477 2166 718 2210 creduntur.
779 2166 898 2209 Idem
938 2168 1153 2208 laruarum
1183 2163 1337 2206 Nanne
1384 2166 1568 2221 speciem
1599 2165 1727 2207 simu-

279 2225 460 2266 lancium
494 2225 694 2267 continua
725 2225 923 2267 noctibus
954 2225 1216 2266 irritamenta
1257 2236 1504 2278 peipessus,
1545 2223 1652 2265 adeo
1683 2224 1727 2264 in

281 2283 505 2325 aduersam
525 2284 713 2338 corporis
736 2283 1013 2324 ualitudinem
1035 2282 1192 2333 incidit,
1216 2284 1263 2321 ut
1282 2294 1335 2322 ne
1356 2281 1534 2336 pedibus
1557 2281 1726 2337 quidem

208 2355 245 2382 35
276 2340 477 2383 incedere
507 2345 662 2397 posset.
718 2341 1006 2389 Quamobrem
1038 2341 1137 2396 biga
1168 2338 1357 2381 rhedaue
1389 2339 1727 2382 emeciendorum

279 2399 475 2441 itinerum
525 2398 874 2442 consuetudinem
918 2398 1078 2440 habere
1126 2396 1249 2453 cepit.
1311 2396 1447 2439 Tanta
1491 2396 1643 2438 amoris
1683 2397 1726 2438 ui

280 2457 486 2500 suffusum
500 2461 665 2523 'pectus
696 2456 750 2498 ad
781 2461 1015 2498 extremam
1047 2471 1156 2512 pene
1191 2468 1286 2497 eum
1318 2454 1458 2497 tabem
1490 2454 1723 2508 r.edegerat

279 2514 391 2556 Nihil
442 2516 554 2556 enim
595 2515 674 2557 sibi
712 2514 932 2556 uictoriam
978 2514 1144 2556 dedisse
1193 2511 1382 2566 credidit,
1425 2512 1541 2554 cuius
1573 2512 1726 2553 Nanna

280 2573 411 2629 preda
433 2587 527 2614 non
557 2573 698 2616 fucrit.
741 2572 821 2615 Fre
855 2586 1023 2627 quoquc
1054 2572 1230 2614 deorum
1254 2573 1424 2635 satrapa
1447 2570 1590 2613 sedem
1609 2570 1723 2611 haud

213 2644 250 2672 40
279 2631 428 2685 procul
463 2630 626 2687 Vpsala
672 2630 798 2686 cepit,
838 2629 910 2672 ubi
949 2634 1139 2673 ueterem
1182 2627 1393 2671 litacionis
1439 2642 1621 2682 morem,
1661 2631 1726 2670 tot
