1884 3126
222 908 257 936 10

221 1197 256 1226 15

220 1485 258 1513 20

219 1773 256 1800 25

220 2060 257 2088 30

219 2348 255 2375 35

292 264 373 304 392
857 279 911 285 —
969 252 1036 294 XI
1098 275 1147 281 -

293 399 444 441 penam
474 383 611 425 noxiis
641 381 910 422 remissurum
941 378 1180 420 credebant.
1225 376 1409 431 Ideoque
1432 376 1520 417 eius
1541 376 1722 418 exicium

292 443 493 494 sicientes,
522 439 809 480 ardentissimo
832 437 928 478 odio
949 435 1197 477 sanctissimi
1229 434 1309 475 uiri
1338 447 1483 475 necem
1505 433 1720 488 petebant,

292 513 352 552 ac,
383 498 514 539 ueluti
535 496 657 537 uenie
679 495 973 549 desperacione
996 493 1212 548 compulsi,
1244 492 1405 533 hostem
1428 491 1574 533 tollere
1596 505 1722 546 quam

290 557 467 597 ultorem
489 553 671 606 experiri
693 552 943 593 maluerunt.
1002 550 1041 591 N
1046 565 1092 592 ec
1112 550 1196 591 suis
1227 563 1323 590 eum
1348 548 1500 590 finibus
1531 549 1722 603 exegisse

289 612 485 663 contenti,
516 610 664 651 Fionia
695 623 858 664 quoque
890 607 1213 663 propellendum
1244 606 1486 648 decernunt.
1546 606 1722 661 Iamque

289 683 379 722 reX,
411 672 579 723 accepto
610 667 867 708 traieccionis
896 667 1060 716 nuncio,
1093 664 1352 706 Sialandiam
1391 665 1600 718 emigrare
1642 668 1723 705 sta-

289 730 439 779 tuerat,
472 739 565 766 cum
593 724 597 776 ῑ
625 724 776 765 Blacoo
808 723 991 778 quidam,
1024 723 1203 778 primam
1234 722 1363 776 ipsius
1391 721 1722 763 familia-ritatem

289 783 487 836 adeptus,
528 782 600 823 sed
640 782 908 822 nihilominus
948 795 1043 822 eum
1088 780 1249 821 occulte
1287 793 1480 834 perosus,
1527 779 1721 821 simulate

288 840 385 881 fidei
407 840 574 881 consilio
595 840 797 890 hortatur,
820 839 920 893 fuge
942 842 1098 893 parcat,
1131 837 1398 879 Othoniensis
1420 838 1518 892 pagi
1540 836 1721 892 presidia

287 901 472 952 expetat,
494 911 570 938 nec
591 897 770 938 femineo
793 910 904 938 more
926 896 1133 937 latebram
1156 895 1468 949 circunspiciat3
1491 909 1533 936 se
1554 895 1721 936 interim

288 955 422 1010 plebis
453 959 546 996 acta
576 952 913 1008 spe*culaturum
944 953 1256 1009 blandiciasque
1295 954 1356 994 ire
1388 953 1476 994 eius
1509 953 1718 1008 oppositu-

287 1027 380 1053 rum
410 1012 628 1068 promittit.
677 1011 797 1060 Quod
828 1012 862 1053 si
893 1011 1027 1066 plebis
1058 1012 1244 1053 animum
1275 1011 1470 1065 mitigare
1499 1011 1723 1066 nequisset,

288 1074 404 1112 tanto
425 1074 522 1111 ante
544 1070 585 1110 id
608 1070 697 1123 regi
717 1070 1107 1124 pronunciaturum,
1139 1073 1342 1124 quantum
1362 1068 1462 1123 fuge
1484 1068 1724 1123 occupande

288 1131 352 1169 sat
393 1131 521 1169 esset.
602 1127 788 1168 Consilio
841 1128 1175 1182 obtemperatum
1227 1131 1302 1168 est.
1391 1126 1509 1168 Tunc
1558 1127 1723 1180 Blacco,

289 1186 441 1226 omissa
480 1185 716 1239 legacione,
761 1185 935 1226 sinistris
966 1185 1134 1240 plebem
1166 1185 1332 1226 monitis
1363 1185 1591 1240 palpitans,
1629 1198 1725 1226 con-

290 1242 467 1284 ciliande
497 1243 637 1296 gracie
669 1243 760 1283 loco
793 1242 934 1284 odium
964 1244 1055 1298 regi
1076 1244 1304 1298 impensius
1325 1243 1459 1284 struit.
1505 1242 1724 1295 Hortatur,

290 1314 417 1354 quam
447 1300 662 1341 celerrime
694 1298 900 1342 calumnie
932 1306 1149 1342 auctorem
1176 1299 1392 1356 occupent,
1423 1315 1500 1342 nec
1530 1300 1724 1355 fugacem

290 1358 400 1399 elabi
439 1358 706 1412 permittant3
755 1359 1071 1413 oppressionum
1116 1358 1303 1400 uindices
1347 1363 1593 1414 tyrannum,
1639 1372 1725 1399 non

290 1429 432 1470 regem
463 1414 650 1457 fastidire
672 1420 989 1468 commemorat,
1022 1431 1164 1458 carere
1186 1417 1322 1472 culpa,
1355 1416 1467 1472 quod
1498 1412 1725 1458 honestatis

288 1473 544 1514 emulacione
576 1474 869 1527 committitur3
911 1476 1046 1530 patrie
1078 1478 1234 1516 tutores
1265 1474 1438 1529 perinde
1469 1488 1517 1516 ac
1556 1474 1725 1529 pietatis

290 1531 498 1571 ministros
540 1531 761 1585 parricidio
807 1532 924 1583 exui3
970 1533 1183 1587 priuatum
1234 1533 1378 1574 abesse
1429 1532 1605 1582 crimen,
1652 1531 1725 1573 ubi

289 1588 455 1642 publice
486 1588 692 1630 libertatis
722 1589 909 1631 uindicta
939 1591 1169 1645 peragitur.
1231 1590 1433 1631 Preterea
1474 1589 1725 1631 miserrimos

290 1646 397 1700 cepti
429 1647 580 1699 irritos,
612 1651 823 1701 compotes
855 1648 1117 1690 felicissimos
1148 1648 1249 1689 fore.
1299 1647 1379 1689 His
1409 1652 1535 1703 atque
1557 1661 1725 1689 consen-

290 1703 423 1745 taneis
453 1703 587 1745 modis
618 1705 840 1746 sollicitato
872 1706 916 1746 in
939 1705 952 1759 ΙΙ
976 1705 1086 1760 regis
1116 1719 1260 1747 necem
1293 1706 1470 1760 populo,
1502 1705 1724 1747 aduersum

287 1761 545 1803 immerentis
585 1766 713 1817 caput
752 1762 939 1805 funestos
979 1764 1162 1805 omnium
1202 1767 1374 1805 conatus
1405 1764 1560 1816 erexit,
1592 1777 1725 1819 eaque

289 1819 456 1861 accione
487 1824 795 1861 consternatam
827 1823 1016 1863 amencia
1039 1821 1208 1876 plebem
1228 1821 1361 1862 ueluti
1382 1820 1522 1862 furiali
1544 1821 1723 1876 quadam

289 1875 380 1917 face
412 1877 649 1931 succendit3
691 1878 916 1934 statimque
957 1880 1138 1934 impetus
1179 1879 1334 1930 creuit,
1365 1878 1437 1920 ubi
1467 1878 1724 1920 hortatorem

288 1933 444 1976 habere
490 1935 613 1989 cepit.
687 1934 836 1990 Neque
883 1937 993 1978 enim
1040 1937 1267 1978 temeritati
1310 1936 1397 1978 eius
1445 1937 1725 1978 constanciam

289 2005 407 2032 suam
440 1992 603 2042 obiecit,
635 1992 708 2034 sed
738 1993 905 2047 publice
927 2008 1016 2036 sese
1048 1994 1263 2036 demencie
1285 1999 1498 2036 auctorem
1521 1995 1723 2048 ascripsit.

288 2048 424 2103 Igitur
454 2050 670 2091 incitacior
701 2051 919 2093 sedicionis
950 2053 1133 2107 procella
1173 2052 1371 2106 pestifera
1404 2052 1492 2093 eius
1530 2053 1724 2094 concione

289 2106 511 2158 deferbuit,
534 2109 791 2163 grauiorque
814 2111 1073 2164 tempestatis
1094 2111 1353 2152 incentorem
1383 2114 1502 2151 nacte
1522 2110 1725 2152 tumultus

289 2165 439 2219 erupit.
500 2165 605 2207 Inde
637 2180 828 2208 reuersus
850 2168 1113 2222 pacaciorem
1148 2168 1293 2223 populi
1314 2169 1498 2209 animum
1530 2168 1722 2218 nunciat3

289 2221 411 2264 facile
453 2225 804 2266 consternacionis
844 2226 1075 2280 procellam
1113 2226 1398 2281 acquiescere,
1438 2226 1471 2267 si
1510 2239 1585 2267 rex
1620 2226 1724 2267 iram

287 2284 433 2322 mutuo
466 2280 675 2336 deponere
705 2283 869 2338 reisque
900 2298 1054 2338 penam
1084 2285 1299 2325 remittere
1330 2284 1544 2325 uoluisset.
1590 2283 1723 2332 Quem

286 2351 361 2378 rex
392 2337 522 2379 fidum
552 2339 781 2393 legacionis
811 2341 1046 2383 ministrum
1076 2346 1202 2393 ratus,
1224 2342 1378 2395 regalis
1410 2341 1724 2396 magnificencie

288 2396 478 2437 conuiuio
527 2397 706 2451 excipit,
758 2398 1093 2454 malignumque'
1122 2413 1195 2441 sue
1240 2399 1407 2453 pietatis
1453 2400 1724 2454 interpretem

288 2451 405 2494 donis
446 2455 721 2510 prosequitur.
791 2455 1025 2512 Vtrobique
1065 2458 1207 2511 gracia
1249 2457 1422 2511 perfidie
1463 2457 1606 2498 habita
1647 2461 1722 2498 est.

287 2508 397 2550 Nam
418 2510 584 2565 Blacco,
606 2512 769 2554 alterna
790 2519 931 2568 partes
952 2515 1044 2556 uice
1064 2514 1247 2568 subiens,
1279 2519 1473 2569 corrupto
1497 2514 1723 2569 legacionis

289 2566 449 2620 officio,
488 2583 565 2625 pro
608 2570 841 2612 mediatore
884 2572 1140 2627 proditorem
1180 2585 1306 2627 agere
1349 2572 1482 2627 cepit,
1514 2577 1639 2627 atque
1670 2586 1724 2613 ex

224 2635 260 2665 40
291 2626 557 2687 speculatore·
590 2628 757 2687 sceleris
804 2628 999 2679 hortator
1017 2630 1198 2684 ·'euasit,
1237 2629 1401 2673 sinistre
1441 2630 1573 2690 regis,
1619 2629 1725 2673 falso

1775 739 1802 764 p.
1824 731 1874 757 589

1755 960 1884 991 cxvlh

1779 1711 1872 1747 (220)
