1884 3126
122 605 139 631 5

103 893 140 920 10

105 1181 141 1209 15

104 1470 143 1498 20

104 1759 140 1786 25

104 2047 141 2075 30

105 2336 141 2364 35

108 2624 145 2652 40

172 234 254 275 328
746 230 1012 272 -X—

172 360 299 416 capiti
323 373 398 401 suo
430 358 717 400 imminentem
750 358 874 412 pulsu
907 358 1025 413 pedis
1058 358 1174 399 humi
1206 358 1445 413 prostrauit,
1476 358 1608 414 appli-

173 425 396 472 catumque
436 415 587 458 ceruici
629 430 703 457 sue
743 415 902 457 ferrum
934 416 1126 457 manibus
1159 416 1284 458 ferire
1315 416 1504 457 conantis
1537 430 1607 456 ex-

172 476 352 528 cuciens,
384 479 431 515 ut
463 478 553 515 erat
584 473 835 522 uinculatus,
881 474 1069 529 arripuit,
1110 488 1320 529 quemque
1360 474 1479 530 lapsu
1510 473 1609 515 affe-

173 536 308 586 cerat,
353 532 490 587 capite
533 531 743 586 spoliauit.
817 531 1044 573 Enimuero
1087 536 1131 572 ut
1173 536 1391 585 strennuo,
1432 533 1491 573 ita
1534 532 1608 572 im-

169 591 288 646 pigro
335 590 427 630 nisu
469 589 704 645 periculum
747 589 921 630 audacia
969 590 1241 644 precucurrit.
1302 588 1455 645 Neque
1500 589 1606 630 enim

173 647 329 702 captiui
361 647 494 688 uirtus
525 647 635 688 inter
666 647 932 688 uinculorum
956 647 1180 688 stridorem
1201 648 1350 702 uigore
1372 662 1448 689 suo
1478 649 1484 696 Ι
1510 647 1609 688 exui

171 705 333 761 potuit3
366 705 467 760 quin
500 708 542 746 et
572 705 680 745 inter
712 705 982 758 grauissimas
1016 705 1294 747 contumelias
1317 719 1366 747 eo
1390 705 1608 747 clariorem

171 762 430 804 fortitudinis
478 777 552 804 sue
606 763 915 816 experienciam
962 763 1155 818 prebuit,
1199 777 1281 817 quo
1325 763 1610 804 incitaciorem

170 821 338 862 fortune
381 819 608 861 aduersum
652 833 697 861 se
739 819 954 861 fremitum
996 821 1140 862 sensit.
1202 820 1288 862 Sed
1330 835 1407 862 nec
1446 821 1505 861 illi
1536 825 1610 862 aut

170 879 315 920 mortis
346 878 641 933 propinquitas
674 882 746 919 aut
778 883 1025 920 catenarum
1058 879 1325 930 contumelia,
1360 893 1441 934 quo
1472 879 1608 920 minus

170 937 350 978 liberum
383 935 639 977 fortitudinis
674 950 779 991 opus
814 936 971 989 ederet,
1005 937 1175 977 obstare
1207 936 1354 978 ualuit.
1379 936 1393 990 {l
1418 936 1607 984 Quorum

172 994 455 1036 constanciam
486 994 709 1034 ammirans
740 997 958 1050 tyrannus,
1001 999 1047 1035 ut
1088 999 1270 1049 utroque
1310 994 1455 1050 pocius
1499 994 1610 1036 bono

170 1053 303 1094 milite
335 1055 539 1104 uteretur,
572 1066 698 1107 quam
734 1052 775 1092 in
816 1055 1027 1107 utrunque
1070 1051 1437 1102 animaduerteret,
1468 1053 1611 1094 remis-

172 1111 331 1152 sionem
364 1124 484 1165 pene,
527 1109 625 1150 dum
656 1109 782 1150 modo
815 1115 958 1165 partes
991 1123 1089 1151 suas
1135 1109 1219 1151 fide
1259 1114 1387 1165 atque
1426 1110 1612 1152 amicicia

173 1169 374 1221 colerent,
406 1167 644 1223 pollicetur.
705 1168 772 1208 Illi
803 1182 918 1221 uero,
964 1168 1200 1209 uiolentum
1246 1167 1494 1222 obsequium
1524 1169 1613 1209 uite

172 1225 384 1282 respectui
418 1239 595 1280 erogare
626 1225 872 1268 indecorum
906 1228 1125 1281 putantes⁷
1170 1229 1317 1280 utpote
1348 1226 1483 1267 aliene
1515 1226 1612 1267 fidei

173 1297 300 1339 quam
319 1283 491 1339 proprie
515 1283 639 1325 saluti
658 1284 886 1338 propiores,
920 1283 1167 1324 condicione
1188 1283 1444 1326 insolencius
1458 1288 1612 1338 spreta,

174 1342 287 1397 turpi
349 1345 472 1397 pacto
535 1340 795 1396 prorogandi
855 1342 1024 1396 spiritus
1100 1341 1350 1382 beneficium
1413 1345 1611 1396 expetere

172 1400 414 1442 noluerunt.
457 1399 552 1447 Quo
584 1399 673 1441 uiso
706 1399 943 1454 Haquinus‚
976 1413 1028 1440 ne
1050 1399 1268 1454 paciencie
1288 1399 1459 1454 punitor
1479 1400 1613 1454 magis

174 1471 299 1513 quam
332 1457 536 1512 probator
568 1457 784 1511 existeret,
824 1457 969 1498 uirtuti
1003 1471 1149 1499 eorum
1179 1457 1512 1499 incolumitatem
1543 1458 1614 1499 tri-

173 1514 386 1557 buendam
416 1514 596 1571 putauit.

313 1572 552 1615 Har-aldum
605 1586 707 1614 uero
759 1571 866 1614 duos
911 1587 965 1614 ex
1010 1570 1202 1628 Gerytha
1242 1573 1350 1614 filios
1393 1573 1611 1614 sustulisse

174 1632 375 1672 memorie
415 1630 628 1685 proditum
673 1633 746 1672 est.
809 1630 1019 1678 Quorum*
1052 1631 1185 1671 maior
1215 1629 1442 1686 Haquinus
1476 1631 1611 1673 excel·
1631 1639 1787 1669 xcvlllb

173 1689 406 1731 lentissime
439 1687 587 1730 indolis
620 1688 765 1730 habitu
796 1702 843 1729 ac
874 1688 1122 1729 felicissimis
1153 1692 1302 1729 nature
1346 1688 1612 1730 incrementis

170 1746 310 1788 fratris
347 1746 554 1788 Suenonis
591 1745 802 1801 fulgorem
834 1750 1138 1802 suppresserat.
1190 1745 1309 1787 Idem
1332 1745 1508 1787 Sembos
1541 1759 1611 1800 ag-

173 1818 355 1860 gressus,
387 1818 480 1845 cum
519 1803 696 1845 militum
731 1805 893 1845 animos
927 1804 1150 1859 periculosi
1183 1803 1282 1844 belli
1313 1808 1508 1858 respectu
1540 1804 1612 1844 ali-

174 1866 332 1918 quanto
362 1861 629 1904 infracciores
662 1862 1039 1911 animaduerteret,
1072 1875 1153 1916 quo
1191 1862 1339 1903 melius
1375 1862 1614 1903 fluctuanti-

173 1921 252 1962 bus
283 1919 383 1974 fuge
414 1934 528 1974 spem
563 1919 778 1973 demeret,
820 1920 959 1973 ignem
1006 1919 1213 1962 subducte
1256 1919 1379 1960 classi
1420 1919 1613 1971 subiecit,

176 1991 314 2033 eoque
346 1977 610 2019 necessitatis
653 1977 900 2019 duramento
940 1977 1236 2018 imbecillitatis
1277 1977 1490 2031 ignauiam
1522 1991 1614 2031 rep-

173 2036 294 2090 pulit.
355 2034 507 2076 Effecit
559 2035 693 2088 enim,
751 2039 820 2086 ut,
872 2035 1137 2089 nauigiorum
1183 2035 1386 2076 *facultate
1447 2035 1612 2087 defecti,

172 2092 353 2135 reditum
389 2093 563 2135 uictoria
594 2092 843 2134 struendum
880 2092 1279 2134 animaduerterent.
1339 2093 1494 2149 Itaque
1527 2106 1610 2148 quo

174 2150 346 2206 equiore
378 2151 515 2192 animo
549 2165 593 2192 se
624 2151 763 2205 ipsum
796 2152 928 2192 classe
959 2150 1171 2206 spoliauit,
1216 2164 1265 2191 eo
1313 2151 1470 2192 tuciore
1504 2151 1613 2192 hosti

172 2209 308 2264 spolia
340 2208 537 2251 detraxit.
598 2208 770 2251 Miserta
802 2213 865 2250 est
896 2213 997 2251 tunc
1027 2207 1218 2263 profecto
1256 2207 1426 2250 fortuna
1463 2208 1613 2249 Danici

174 2267 310 2318 ducis,
352 2281 376 2307 a
406 2266 672 2322 nauigiorum
703 2267 865 2308 iactura
897 2271 1122 2308 nautarum
1153 2265 1337 2321 presidia
1365 2266 1612 2319 mutuantis,

172 2339 264 2366 cum
318 2338 525 2366 summam
581 2324 722 2365 classis
777 2324 963 2379 inopiam
1014 2338 1135 2380 opem
1189 2324 1363 2366 uictorie
1410 2329 1611 2366 cerneret.

173 2382 310 2436 Igitur
341 2387 388 2423 ut
419 2382 631 2438 prudenti,
667 2382 726 2423 ita
757 2382 992 2437 periculoso
1025 2381 1199 2423 consilio
1233 2381 1458 2423 salutarem
1492 2381 1611 2422 mini-

174 2440 324 2482 strauit
356 2446 572 2482 euentum.
633 2440 763 2482 Potiti
794 2440 906 2481 enim
940 2439 1110 2481 Sembia
1142 2440 1267 2491 Dani,
1300 2440 1459 2481 necatis
1490 2439 1613 2480 mari-
1643 2490 1646 2491 ⁷

174 2497 278 2550 bus,
324 2497 501 2539 feminas
542 2497 620 2540 sibi
662 2498 822 2539 nubere
866 2502 1122 2552 coegerunt,
1162 2497 1422 2552 rescissaque
1471 2496 1613 2538 dome-

176 2555 373 2597 sticorum
404 2555 766 2598 matrimoniorum
799 2554 901 2605 fide,
946 2555 1133 2597 externis
1164 2554 1329 2596 auidius
1358 2555 1612 2604 inherentes,

174 2626 292 2654 suam
336 2627 431 2656 cum
472 2614 595 2656 hoste
637 2613 850 2656 fortunam
892 2613 1104 2655 communi
1155 2612 1401 2669 nupciarum
1447 2612 1612 2655 uinculo

1664 657 1691 681 p.
1709 647 1760 674 485

1661 936 1753 971 (184)
1838 850 1854 987 Ξ
