1884 3126
697 232 746 239 —
809 209 922 254 VIII
982 233 1031 239 —
1508 213 1590 255 269

144 339 253 381 tiuit.
316 338 454 388 Quem
485 339 807 394 Starcatherus,
851 354 925 396 spe
967 341 1190 396 peticionis
1221 342 1345 391 faeta,
1376 343 1550 399 propius
1581 341 1593 399 Η

144 397 348 440 accedere
386 398 570 451 iussum,
612 398 806 441 detracto
848 400 970 440 lateri
1016 414 1217 442 mucrone
1262 403 1617 444 transuerberat.-

148 455 273 504 Quod
306 455 525 499 Hatherus
557 456 755 512 quidam,
803 457 923 498 cuius
954 461 1119 512 patrem
1150 458 1398 500 Lennonem
1428 459 1593 502 Starca-

145 514 290 555 therus
324 515 423 556 olim
454 514 668 570 parricidii
699 515 940 570 penitencia
972 515 1181 557 adductus
1220 517 1453 571 occiderat,
1494 517 1593 558 dum

96 587 112 613 5
144 572 318 614 canibus
361 572 473 615 feras
514 573 831 628 insequeretur,
879 573 1108 628 aspiciens,
1155 575 1308 616 omisso
1350 575 1592 617 uenacionis

147 632 299 684 officio,
332 630 437 673 duos
472 647 494 673 e
526 631 752 672 comitibus
790 631 1003 673 iniiciendi
1035 637 1171 674 metus
1202 634 1344 688 gracia
1376 634 1592 675 concitatis

145 690 421 731 uehementer
463 691 580 745 equis
611 690 653 730 in
684 703 829 731 senem
871 690 1074 744 impetum
1107 690 1289 745 dirigere
1316 691 1448 733 iubet.
1511 692 1593 740 Qui

147 747 260 799 dum,
291 761 498 803 procursu
532 748 662 801 edito,
695 747 892 803 refugere
924 748 1112 803 cupiunt,
1146 748 1402 790 Stat-catheri
1433 749 1592 790 baculis

145 805 369 861 intercepti
390 810 524 848 morte
546 806 752 862 supplicia
772 806 955 848 luerunt.
994 806 1088 854 Quo
1112 808 1357 862 spectaculo
1376 808 1592 856 Hatherus

75 877 112 904 10
143 865 196 906 ad
219 865 393 906 modum
415 864 761 920 perterrefactus,
784 865 959 920 propius
983 877 1091 918 equo
1115 864 1298 918 aduolat,
1322 865 1593 919 agnitumque

146 937 302 976 senem,
335 923 405 964 sed
440 923 492 964 ab
525 937 575 964 eo
606 923 779 964 minime
811 922 1067 977 recognitus,
1100 938 1151 964 an
1182 923 1371 978 gladium
1396 923 1590 965 uehiculo

143 986 390 1037 permutare
413 981 557 1033 uellet,
578 982 829 1035 interrogat.
872 980 1022 1022 Refert
1043 981 1349 1034 Starcatherus,
1382 981 1591 1037 quondam

143 1054 278 1094 penas
311 1054 357 1082 se
390 1039 444 1081 ab
476 1039 717 1081 irrisoribus
761 1040 933 1094 exigere
966 1040 1151 1092 solitum,
1182 1053 1261 1080 nec
1291 1053 1489 1094 umquam
1521 1040 1594 1080 im-

146 1111 261 1152 pune
301 1097 379 1139 sibi
411 1112 436 1138 a
478 1097 728 1153 procacibus
772 1097 1034 1139 insultatum.
1096 1097 1180 1139 Sed
1220 1111 1358 1152 neque
1397 1097 1594 1138 iuuenem

77 1168 112 1195 15
145 1170 200 1197 ex
223 1156 305 1198 oris
329 1156 440 1198 notis
464 1156 666 1197 defuncta
688 1156 781 1196 uisu
805 1155 915 1197 acies
938 1155 1202 1211 deprendere
1223 1159 1401 1210 poterat.
1442 1155 1594 1209 Itaque

147 1228 330 1267 carmen,
363 1214 478 1270 quod
509 1214 816 1269 indignacionis
850 1229 923 1256 sue
955 1213 1289 1268 magnitudinem
1321 1213 1592 1268 patefaceret,

143 1273 184 1313 in
219 1273 331 1314 hunc
363 1272 584 1314 subtexuit
614 1271 807 1314 modum:

260 1388 319 1429 Vt
351 1387 438 1430 sine
471 1401 667 1442 regressu
699 1394 854 1443 pronas
886 1387 974 1442 agit
1003 1387 1151 1428 alueus
1184 1386 1332 1439 undas,

262 1445 329 1487 Sic
361 1450 449 1487 etas
481 1446 713 1498 hominum,
748 1446 901 1487 cursim
932 1444 1169 1486 labentibus
1201 1446 1333 1498 annis,

75 1517 113 1544 ρο
260 1503 494 1546 Irreditura
525 1504 643 1557 fluit3
676 1518 854 1560 preceps
885 1506 969 1544 ruit
1000 1503 1138 1544 orbita
1167 1502 1254 1555 fati,

263 1563 399 1611 Quam
433 1567 610 1617 generat
642 1563 769 1604 finem
800 1576 940 1603 rerum
971 1561 1134 1602 factura
1165 1564 1376 1604 senectus,

260 1621 340 1662 Illa
371 1621 515 1662 oculos
547 1621 763 1662 hominum
795 1621 954 1676 pariter
986 1633 1238 1674 gressusque
1270 1618 1423 1671 relidit,

262 1679 398 1734 Eripit
430 1693 474 1720 os
506 1680 780 1734 animumque
812 1679 925 1729 uiris,
957 1677 1155 1732 fameque
1187 1678 1367 1718 nitorem

260 1738 474 1779 Paulatim
505 1738 658 1791 premit
689 1742 731 1779 et
761 1737 895 1778 claros
928 1736 1144 1777 oblitterat
1175 1738 1317 1788 actust,

77 1807 113 1834 2⁵
262 1796 455 1850 Occupat
486 1795 685 1853 occiduos
718 1800 849 1849 artus,
880 1794 1107 1835 frustratur
1138 1794 1289 1835 anhele

262 1853 391 1895 Vocis
424 1867 544 1908 opus,
576 1858 860 1909 uegetamque
890 1852 1043 1908 premit
1073 1851 1296 1906 torpedine
1327 1855 1524 1893 mentem.

263 1913 378 1954 Dum
409 1913 572 1966 paritur
602 1913 741 1966 tussis,
775 1912 876 1952 dum
907 1910 1029 1965 pellis
1061 1910 1232 1951 scabida
1263 1910 1412 1964 prurit,

264 1971 381 2012 Dens
413 1974 556 2025 stupet
587 1985 755 2021 exesus,
787 1969 1031 2011 stomachus
1062 1967 1230 2009 fastidia
1261 1967 1407 2022 gignit,

263 2029 457 2071 Euacuat
488 2029 673 2070 iuuenile
706 2028 848 2080 decus,
880 2039 1068 2068 marcore
1099 2026 1281 2067 colorem

80 2102 117 2130 30
264 2087 425 2128 Oblinit
457 2092 498 2128 et
528 2087 649 2143 picea
681 2087 847 2127 crebras
881 2085 980 2126 serit
1010 2085 1050 2125 in
1084 2089 1179 2125 cute
1210 2098 1351 2138 rugas.

264 2145 425 2187 Obterit
457 2146 651 2200 egregias
682 2148 808 2198 artes,
840 2143 1100 2184 monimenta
1131 2142 1317 2197 priorum

265 2203 419 2245 Obruit
450 2210 492 2245 et
523 2203 669 2244 titulos
701 2203 873 2258 antique
904 2200 1039 2242 laudis
1070 2199 1230 2252 adurit,

264 2261 506 2302 Demolitur
537 2275 652 2316 opes,
683 2261 870 2315 precium
902 2259 1072 2300 uirtutis
1105 2263 1148 2298 et
1177 2271 1297 2298 usum

178 2362 182 2363 ⁷
268 2319 414 2374 Carpit
446 2319 570 2372 edax,
602 2319 849 2361 transuertit
875 2331 946 2359 res
978 2321 1019 2358 et
1052 2316 1104 2356 ab
1137 2315 1281 2356 ordine
1313 2314 1467 2356 turbat.

83 2390 120 2418 35
265 2378 364 2431 Ipse
396 2391 491 2431 ego,
525 2391 647 2433 quam
680 2379 846 2428 noceat,
879 2374 1015 2424 didici,
1050 2373 1253 2414 damnosa
1284 2376 1486 2425 uetustas,

214 2439 216 2441 ’
265 2434 372 2476 Visu
404 2449 518 2489 eger,
549 2435 678 2482 uocis,
698 2434 878 2476 modulis
911 2437 952 2473 et
982 2436 1153 2487 pectore
1184 2444 1358 2483 raucusz,

268 2492 514 2548 Cunctaque
545 2494 586 2534 in
620 2493 841 2534 aduersam
876 2491 1091 2531 fluxerunt
1122 2488 1341 2530 commoda
1373 2494 1543 2530 sortem.

266 2551 443 2606 Iamque
473 2551 609 2592 minus
639 2555 841 2605 uegetum
874 2562 1026 2603 corpus
1056 2546 1267 2587 fulcimine
1299 2550 1426 2598 tutor,

267 2608 464 2651 Flaccida
494 2609 694 2651 subiectis
724 2608 895 2649 innixus
926 2604 1114 2647 membra
1145 2603 1317 2646 bacillis.

1662 408 1754 443 (150)

1647 1583 1675 1608 p.
1696 1574 1745 1601 398
