<?xml version="1.0" encoding="UTF-8"?>
<!DOCTYPE html PUBLIC "-//W3C//DTD XHTML 1.0 Transitional//EN"
    "http://www.w3.org/TR/xhtml1/DTD/xhtml1-transitional.dtd">
<html xmlns="http://www.w3.org/1999/xhtml" xml:lang="en" lang="en">
 <head>
  <title>
</title>
<meta http-equiv="Content-Type" content="text/html;charset=utf-8" />
  <meta name='ocr-system' content='tesseract 3.04.00' />
  <meta name='ocr-capabilities' content='ocr_page ocr_carea ocr_par ocr_line ocrx_word'/>
</head>
<body>
  <div class='ocr_page' id='page_1' title='image "./saxonisgrammatic00saxouoft_0431.png"; bbox 0 0 1884 3126; ppageno 0'>
   <div class='ocr_carea' id='block_1_1' title="bbox 32 885 69 912">
    <p class='ocr_par' dir='ltr' id='par_1_1' title="bbox 32 885 69 912">
     <span class='ocr_line' id='line_1_1' title="bbox 32 885 69 912; baseline -0.027 0"><span class='ocrx_word' id='word_1_1' title='bbox 32 885 69 912; x_wconf 91' lang='lat'>10</span> 
     </span>
    </p>
   </div>
   <div class='ocr_carea' id='block_1_2' title="bbox 646 211 1545 255">
    <p class='ocr_par' dir='ltr' id='par_1_2' title="bbox 646 211 1545 255">
     <span class='ocr_line' id='line_1_2' title="bbox 646 211 1545 255; baseline -0.001 0"><span class='ocrx_word' id='word_1_2' title='bbox 646 211 800 255; x_wconf 89' lang='lat' dir='ltr'>——X</span> <span class='ocrx_word' id='word_1_3' title='bbox 872 235 913 240; x_wconf 82' lang='lat'>—-</span> <span class='ocrx_word' id='word_1_4' title='bbox 1198 251 1203 254; x_wconf 91' lang='lat'>.</span> <span class='ocrx_word' id='word_1_5' title='bbox 1463 212 1545 254; x_wconf 84' lang='lat'>337</span> 
     </span>
    </p>
   </div>
   <div class='ocr_carea' id='block_1_3' title="bbox 98 340 1555 920">
    <p class='ocr_par' dir='ltr' id='par_1_3' title="bbox 98 340 1551 515">
     <span class='ocr_line' id='line_1_3' title="bbox 98 340 1551 397; baseline -0.001 -12"><span class='ocrx_word' id='word_1_6' title='bbox 98 342 221 385; x_wconf 89' lang='lat' dir='ltr'>Adeo</span> <span class='ocrx_word' id='word_1_7' title='bbox 266 341 376 383; x_wconf 91' lang='lat' dir='ltr'>enim</span> <span class='ocrx_word' id='word_1_8' title='bbox 417 340 619 383; x_wconf 90' lang='lat' dir='ltr'>uolubilis</span> <span class='ocrx_word' id='word_1_9' title='bbox 650 340 822 382; x_wconf 84' lang='lat' dir='ltr'><strong>fortune</strong></span> <span class='ocrx_word' id='word_1_10' title='bbox 865 341 974 382; x_wconf 90' lang='lat' dir='ltr'>uarii</span> <span class='ocrx_word' id='word_1_11' title='bbox 1011 344 1140 397; x_wconf 88' lang='lat' dir='ltr'>atque</span> <span class='ocrx_word' id='word_1_12' title='bbox 1172 341 1378 397; x_wconf 81' lang='lat' dir='ltr'><strong>ancipites</strong></span> <span class='ocrx_word' id='word_1_13' title='bbox 1410 343 1551 383; x_wconf 87' lang='lat' dir='ltr'>motus</span> 
     </span>
     <span class='ocr_line' id='line_1_4' title="bbox 100 398 1551 454; baseline -0.001 -11"><span class='ocrx_word' id='word_1_14' title='bbox 100 401 284 443; x_wconf 79' lang='lat' dir='ltr'>existere</span> <span class='ocrx_word' id='word_1_15' title='bbox 336 403 663 450; x_wconf 88' lang='lat' dir='ltr'>consueuerunt,</span> <span class='ocrx_word' id='word_1_16' title='bbox 702 404 751 440; x_wconf 92' lang='lat' dir='ltr'>ut</span> <span class='ocrx_word' id='word_1_17' title='bbox 791 398 1002 440; x_wconf 88' lang='lat' dir='ltr'>interdum</span> <span class='ocrx_word' id='word_1_18' title='bbox 1055 400 1239 441; x_wconf 88' lang='lat' dir='ltr'>humana</span> <span class='ocrx_word' id='word_1_19' title='bbox 1286 413 1427 454; x_wconf 86' lang='lat' dir='ltr'>mens,</span> <span class='ocrx_word' id='word_1_20' title='bbox 1480 399 1551 441; x_wconf 92' lang='lat' dir='ltr'>ubi</span> 
     </span>
     <span class='ocr_line' id='line_1_5' title="bbox 99 457 1214 515; baseline -0.003 -13"><span class='ocrx_word' id='word_1_21' title='bbox 99 459 279 515; x_wconf 89' lang='lat' dir='ltr'>speratis</span> <span class='ocrx_word' id='word_1_22' title='bbox 309 457 487 509; x_wconf 81' lang='lat' dir='ltr'>fallitur,</span> <span class='ocrx_word' id='word_1_23' title='bbox 510 458 722 511; x_wconf 83' lang='lat' dir='ltr'>insperata</span> <span class='ocrx_word' id='word_1_24' title='bbox 754 457 917 498; x_wconf 83' lang='lat' dir='ltr'>facilius</span> <span class='ocrx_word' id='word_1_25' title='bbox 951 462 1214 512; x_wconf 78' lang='lat' dir='ltr'><strong>assequatur.</strong></span> 
     </span>
    </p>

    <p class='ocr_par' dir='ltr' id='par_1_4' title="bbox 100 515 1555 920">
     <span class='ocr_line' id='line_1_6' title="bbox 241 515 1552 572; baseline 0 -14"><span class='ocrx_word' id='word_1_26' title='bbox 241 516 335 558; x_wconf 87' lang='lat' dir='ltr'>Hac</span> <span class='ocrx_word' id='word_1_27' title='bbox 376 515 547 557; x_wconf 82' lang='lat' dir='ltr'>fortune</span> <span class='ocrx_word' id='word_1_28' title='bbox 588 515 745 557; x_wconf 85' lang='lat' dir='ltr'>seuicia</span> <span class='ocrx_word' id='word_1_29' title='bbox 789 515 934 572; x_wconf 83' lang='lat' dir='ltr'>Sueno</span> <span class='ocrx_word' id='word_1_30' title='bbox 978 515 1029 556; x_wconf 90' lang='lat' dir='ltr'>ad</span> <span class='ocrx_word' id='word_1_31' title='bbox 1074 516 1416 571; x_wconf 82' lang='lat' dir='ltr'>amplectendam</span> <span class='ocrx_word' id='word_1_32' title='bbox 1457 516 1552 558; x_wconf 87' lang='lat' dir='ltr'>reli-</span> 
     </span>
     <span class='ocr_line' id='line_1_7' title="bbox 100 571 1551 631; baseline -0.001 -15"><span class='ocrx_word' id='word_1_33' title='bbox 100 575 238 631; x_wconf 90' lang='lat' dir='ltr'>gionis</span> <span class='ocrx_word' id='word_1_34' title='bbox 271 574 487 617; x_wconf 83' lang='lat' dir='ltr'>caritatem</span> <span class='ocrx_word' id='word_1_35' title='bbox 521 573 710 626; x_wconf 86' lang='lat' dir='ltr'>adactus,</span> <span class='ocrx_word' id='word_1_36' title='bbox 743 571 1019 615; x_wconf 87' lang='lat' dir='ltr'>abstractos*</span> <span class='ocrx_word' id='word_1_37' title='bbox 1052 574 1231 629; x_wconf 83' lang='lat' dir='ltr'>caligine</span> <span class='ocrx_word' id='word_1_38' title='bbox 1264 575 1409 616; x_wconf 85' lang='lat' dir='ltr'>oculos</span> <span class='ocrx_word' id='word_1_39' title='bbox 1439 574 1551 615; x_wconf 86' lang='lat' dir='ltr'>salu-</span> 
     </span>
     <span class='ocr_line' id='line_1_8' title="bbox 101 631 1554 687; baseline -0.001 -12"><span class='ocrx_word' id='word_1_40' title='bbox 101 634 181 675; x_wconf 91' lang='lat' dir='ltr'>tari</span> <span class='ocrx_word' id='word_1_41' title='bbox 210 633 314 674; x_wconf 90' lang='lat' dir='ltr'>lucis</span> <span class='ocrx_word' id='word_1_42' title='bbox 338 632 696 687; x_wconf 81' lang='lat' dir='ltr'>contemplacione</span> <span class='ocrx_word' id='word_1_43' title='bbox 724 632 912 674; x_wconf 84' lang='lat' dir='ltr'>suffudit.</span> <span class='ocrx_word' id='word_1_44' title='bbox 974 631 1083 673; x_wconf 85' lang='lat' dir='ltr'>Nam</span> <span class='ocrx_word' id='word_1_45' title='bbox 1117 647 1211 673; x_wconf 92' lang='lat' dir='ltr'>cum</span> <span class='ocrx_word' id='word_1_46' title='bbox 1239 631 1345 674; x_wconf 89' lang='lat' dir='ltr'>duos</span> <span class='ocrx_word' id='word_1_47' title='bbox 1368 633 1554 674; x_wconf 77' lang='lat' dir='ltr'>maxime</span> 
     </span>
     <span class='ocr_line' id='line_1_9' title="bbox 101 690 1554 747; baseline -0.001 -14"><span class='ocrx_word' id='word_1_48' title='bbox 101 695 245 733; x_wconf 88' lang='lat' dir='ltr'>reatus</span> <span class='ocrx_word' id='word_1_49' title='bbox 268 705 381 742; x_wconf 88' lang='lat' dir='ltr'>suos,</span> <span class='ocrx_word' id='word_1_50' title='bbox 413 690 680 745; x_wconf 88' lang='lat' dir='ltr'>parricidium</span> <span class='ocrx_word' id='word_1_51' title='bbox 715 693 844 744; x_wconf 87' lang='lat' dir='ltr'>atque</span> <span class='ocrx_word' id='word_1_52' title='bbox 877 690 1159 745; x_wconf 84' lang='lat' dir='ltr'>sacrilegium,</span> <span class='ocrx_word' id='word_1_53' title='bbox 1193 690 1371 737; x_wconf 83' lang='lat' dir='ltr'>totidem</span> <span class='ocrx_word' id='word_1_54' title='bbox 1393 691 1554 747; x_wconf 82' lang='lat' dir='ltr'>grauis-</span> 
     </span>
     <span class='ocr_line' id='line_1_10' title="bbox 101 748 1554 805; baseline 0 -14"><span class='ocrx_word' id='word_1_55' title='bbox 101 750 216 791; x_wconf 87' lang='lat' dir='ltr'>simis</span> <span class='ocrx_word' id='word_1_56' title='bbox 250 748 478 805; x_wconf 82' lang='lat' dir='ltr'>suppliciis,</span> <span class='ocrx_word' id='word_1_57' title='bbox 512 748 758 804; x_wconf 80' lang='lat' dir='ltr'>captiuitato</span> <span class='ocrx_word' id='word_1_58' title='bbox 791 753 916 803; x_wconf 88' lang='lat' dir='ltr'>atque</span> <span class='ocrx_word' id='word_1_59' title='bbox 949 749 1092 800; x_wconf 84' lang='lat' dir='ltr'>exilio,</span> <span class='ocrx_word' id='word_1_60' title='bbox 1124 749 1293 791; x_wconf 88' lang='lat' dir='ltr'>abunde</span> <span class='ocrx_word' id='word_1_61' title='bbox 1326 751 1554 791; x_wconf 82' lang='lat' dir='ltr'>mulctatos</span> 
     </span>
     <span class='ocr_line' id='line_1_11' title="bbox 102 806 1555 862; baseline 0 -14"><span class='ocrx_word' id='word_1_62' title='bbox 102 808 476 849; x_wconf 84' lang='lat' dir='ltr'>animaduerteret.</span> <span class='ocrx_word' id='word_1_63' title='bbox 510 807 619 862; x_wconf 89' lang='lat' dir='ltr'>piam</span> <span class='ocrx_word' id='word_1_64' title='bbox 655 807 847 861; x_wconf 83' lang='lat' dir='ltr'>neglecte</span> <span class='ocrx_word' id='word_1_65' title='bbox 882 807 1078 848; x_wconf 76' lang='lat' dir='ltr'>salutaris</span> <span class='ocrx_word' id='word_1_66' title='bbox 1112 806 1329 862; x_wconf 89' lang='lat' dir='ltr'>discipline</span> <span class='ocrx_word' id='word_1_67' title='bbox 1350 821 1555 851; x_wconf 89' lang='lat' dir='ltr'>uerecun-</span> 
     </span>
     <span class='ocr_line' id='line_1_12' title="bbox 101 865 1554 920; baseline 0 -13"><span class='ocrx_word' id='word_1_68' title='bbox 101 866 213 907; x_wconf 86' lang='lat' dir='ltr'>diam</span> <span class='ocrx_word' id='word_1_69' title='bbox 248 867 347 920; x_wconf 81' lang='lat' dir='ltr'>egit,</span> <span class='ocrx_word' id='word_1_70' title='bbox 379 879 668 920; x_wconf 84' lang='lat' dir='ltr'>conuersoque</span> <span class='ocrx_word' id='word_1_71' title='bbox 702 865 742 905; x_wconf 91' lang='lat' dir='ltr'>in</span> <span class='ocrx_word' id='word_1_72' title='bbox 775 879 918 906; x_wconf 89' lang='lat' dir='ltr'>curam</span> <span class='ocrx_word' id='word_1_73' title='bbox 952 878 1166 906; x_wconf 87' lang='lat' dir='ltr'>sacrorum</span> <span class='ocrx_word' id='word_1_74' title='bbox 1199 865 1364 920; x_wconf 83' lang='lat' dir='ltr'>animo,</span> <span class='ocrx_word' id='word_1_75' title='bbox 1400 866 1554 907; x_wconf 90' lang='lat' dir='ltr'>utrius-</span> 
     </span>
    </p>
   </div>
   <div class='ocr_carea' id='block_1_4' title="bbox 39 923 1554 980">
    <p class='ocr_par' dir='ltr' id='par_1_5' title="bbox 39 923 1554 980">
     <span class='ocr_line' id='line_1_13' title="bbox 39 923 1554 980; baseline -0.001 -15"><span class='ocrx_word' id='word_1_76' title='bbox 39 948 41 951; x_wconf 95' lang='lat'>·</span> <span class='ocrx_word' id='word_1_77' title='bbox 102 939 182 980; x_wconf 85' lang='lat' dir='ltr'>que</span> <span class='ocrx_word' id='word_1_78' title='bbox 215 923 356 965; x_wconf 88' lang='lat' dir='ltr'>delicti</span> <span class='ocrx_word' id='word_1_79' title='bbox 388 924 631 977; x_wconf 88' lang='lat' dir='ltr'>contagium</span> <span class='ocrx_word' id='word_1_80' title='bbox 664 923 799 978; x_wconf 87' lang='lat' dir='ltr'>plenis</span> <span class='ocrx_word' id='word_1_81' title='bbox 829 923 1068 978; x_wconf 82' lang='lat' dir='ltr'>penitencie</span> <span class='ocrx_word' id='word_1_82' title='bbox 1101 923 1325 979; x_wconf 82' lang='lat' dir='ltr'>lachrymis</span> <span class='ocrx_word' id='word_1_83' title='bbox 1350 924 1554 979; x_wconf 85' lang='lat' dir='ltr'>expiauit.</span> 
     </span>
    </p>
   </div>
   <div class='ocr_carea' id='block_1_5' title="bbox 34 1174 69 1201">
    <p class='ocr_par' dir='ltr' id='par_1_6' title="bbox 34 1174 69 1201">
     <span class='ocr_line' id='line_1_14' title="bbox 34 1174 69 1201; baseline 0 0"><span class='ocrx_word' id='word_1_84' title='bbox 34 1174 69 1201; x_wconf 88' lang='lat'>15</span> 
     </span>
    </p>
   </div>
   <div class='ocr_carea' id='block_1_6' title="bbox 33 1463 70 1490">
    <p class='ocr_par' dir='ltr' id='par_1_7' title="bbox 33 1463 70 1490">
     <span class='ocr_line' id='line_1_15' title="bbox 33 1463 70 1490; baseline 0 0"><span class='ocrx_word' id='word_1_85' title='bbox 33 1463 70 1490; x_wconf 76' lang='lat'>20</span> 
     </span>
    </p>
   </div>
   <div class='ocr_carea' id='block_1_7' title="bbox 33 1753 70 1780">
    <p class='ocr_par' dir='ltr' id='par_1_8' title="bbox 33 1753 70 1780">
     <span class='ocr_line' id='line_1_16' title="bbox 33 1753 70 1780; baseline -0.027 0"><span class='ocrx_word' id='word_1_86' title='bbox 33 1753 70 1780; x_wconf 82' lang='lat'>25</span> 
     </span>
    </p>
   </div>
   <div class='ocr_carea' id='block_1_8' title="bbox 35 2042 72 2069">
    <p class='ocr_par' dir='ltr' id='par_1_9' title="bbox 35 2042 72 2069">
     <span class='ocr_line' id='line_1_17' title="bbox 35 2042 72 2069; baseline 0.027 -1"><span class='ocrx_word' id='word_1_87' title='bbox 35 2042 72 2069; x_wconf 90' lang='lat'>30</span> 
     </span>
    </p>
   </div>
   <div class='ocr_carea' id='block_1_9' title="bbox 35 2331 72 2358">
    <p class='ocr_par' dir='ltr' id='par_1_10' title="bbox 35 2331 72 2358">
     <span class='ocr_line' id='line_1_18' title="bbox 35 2331 72 2358; baseline 0 0"><span class='ocrx_word' id='word_1_88' title='bbox 35 2331 72 2358; x_wconf 83' lang='lat'>35</span> 
     </span>
    </p>
   </div>
   <div class='ocr_carea' id='block_1_10' title="bbox 37 2620 74 2648">
    <p class='ocr_par' dir='ltr' id='par_1_11' title="bbox 37 2620 74 2648">
     <span class='ocr_line' id='line_1_19' title="bbox 37 2620 74 2648; baseline 0 0"><span class='ocrx_word' id='word_1_89' title='bbox 37 2620 74 2648; x_wconf 77' lang='lat'>40</span> 
     </span>
    </p>
   </div>
   <div class='ocr_carea' id='block_1_11' title="bbox 101 982 1558 2712">
    <p class='ocr_par' dir='ltr' id='par_1_12' title="bbox 101 982 1558 2712">
     <span class='ocr_line' id='line_1_20' title="bbox 103 982 1553 1036; baseline -0.001 -13"><span class='ocrx_word' id='word_1_90' title='bbox 103 983 216 1031; x_wconf 77' lang='lat' dir='ltr'>Quin</span> <span class='ocrx_word' id='word_1_91' title='bbox 257 982 413 1036; x_wconf 82' lang='lat' dir='ltr'>eciam⁷</span> <span class='ocrx_word' id='word_1_92' title='bbox 457 982 616 1023; x_wconf 86' lang='lat' dir='ltr'>eunctis</span> <span class='ocrx_word' id='word_1_93' title='bbox 658 982 768 1022; x_wconf 88' lang='lat' dir='ltr'>circa</span> <span class='ocrx_word' id='word_1_94' title='bbox 801 995 846 1022; x_wconf 90' lang='lat' dir='ltr'>se</span> <span class='ocrx_word' id='word_1_95' title='bbox 877 982 956 1023; x_wconf 90' lang='lat' dir='ltr'>rite</span> <span class='ocrx_word' id='word_1_96' title='bbox 988 982 1191 1036; x_wconf 82' lang='lat' dir='ltr'>peractis,</span> <span class='ocrx_word' id='word_1_97' title='bbox 1232 983 1391 1023; x_wconf 85' lang='lat' dir='ltr'>lauacri</span> <span class='ocrx_word' id='word_1_98' title='bbox 1430 997 1553 1025; x_wconf 87' lang='lat' dir='ltr'>usum</span> 
     </span>
     <span class='ocr_line' id='line_1_21' title="bbox 101 1039 1556 1096; baseline -0.001 -15"><span class='ocrx_word' id='word_1_99' title='bbox 101 1041 418 1096; x_wconf 88' lang='lat' dir='ltr'>promptissimo</span> <span class='ocrx_word' id='word_1_100' title='bbox 469 1039 687 1095; x_wconf 86' lang='lat' dir='ltr'>religionis</span> <span class='ocrx_word' id='word_1_101' title='bbox 739 1044 887 1080; x_wconf 88' lang='lat' dir='ltr'>tenore</span> <span class='ocrx_word' id='word_1_102' title='bbox 949 1039 1151 1094; x_wconf 86' lang='lat' dir='ltr'>percepit.</span> <span class='ocrx_word' id='word_1_103' title='bbox 1216 1039 1345 1081; x_wconf 88' lang='lat' dir='ltr'>Cuius</span> <span class='ocrx_word' id='word_1_104' title='bbox 1398 1044 1556 1095; x_wconf 88' lang='lat' dir='ltr'>quanta</span> 
     </span>
     <span class='ocr_line' id='line_1_22' title="bbox 102 1097 1555 1154; baseline 0 -15"><span class='ocrx_word' id='word_1_105' title='bbox 102 1099 217 1154; x_wconf 90' lang='lat' dir='ltr'>prius</span> <span class='ocrx_word' id='word_1_106' title='bbox 263 1098 381 1140; x_wconf 90' lang='lat' dir='ltr'>labes</span> <span class='ocrx_word' id='word_1_107' title='bbox 414 1098 638 1151; x_wconf 80' lang='lat' dir='ltr'>extiterat,</span> <span class='ocrx_word' id='word_1_108' title='bbox 683 1100 847 1138; x_wconf 88' lang='lat' dir='ltr'>tantum</span> <span class='ocrx_word' id='word_1_109' title='bbox 896 1103 1047 1153; x_wconf 89' lang='lat' dir='ltr'>postea</span> <span class='ocrx_word' id='word_1_110' title='bbox 1092 1097 1222 1138; x_wconf 86' lang='lat' dir='ltr'>robur</span> <span class='ocrx_word' id='word_1_111' title='bbox 1268 1112 1317 1139; x_wconf 89' lang='lat' dir='ltr'>ac</span> <span class='ocrx_word' id='word_1_112' title='bbox 1361 1099 1555 1139; x_wconf 88' lang='lat' dir='ltr'>columen</span> 
     </span>
     <span class='ocr_line' id='line_1_23' title="bbox 104 1155 1554 1210; baseline 0 -13"><span class='ocrx_word' id='word_1_113' title='bbox 104 1157 253 1198; x_wconf 84' lang='lat' dir='ltr'>euasit.</span> <span class='ocrx_word' id='word_1_114' title='bbox 306 1155 396 1198; x_wconf 86' lang='lat' dir='ltr'>Nec</span> <span class='ocrx_word' id='word_1_115' title='bbox 428 1156 615 1210; x_wconf 83' lang='lat' dir='ltr'>segniter</span> <span class='ocrx_word' id='word_1_116' title='bbox 647 1156 883 1210; x_wconf 84' lang='lat' dir='ltr'>penitencie</span> <span class='ocrx_word' id='word_1_117' title='bbox 917 1156 1122 1197; x_wconf 85' lang='lat' dir='ltr'>beneficio</span> <span class='ocrx_word' id='word_1_118' title='bbox 1164 1157 1378 1210; x_wconf 86' lang='lat' dir='ltr'>permulsa</span> <span class='ocrx_word' id='word_1_119' title='bbox 1419 1157 1554 1197; x_wconf 89' lang='lat' dir='ltr'>deitas</span> 
     </span>
     <span class='ocr_line' id='line_1_24' title="bbox 102 1213 1555 1270; baseline -0.001 -14"><span class='ocrx_word' id='word_1_120' title='bbox 102 1214 279 1270; x_wconf 89' lang='lat' dir='ltr'>propicii</span> <span class='ocrx_word' id='word_1_121' title='bbox 319 1214 502 1256; x_wconf 91' lang='lat' dir='ltr'>numinis</span> <span class='ocrx_word' id='word_1_122' title='bbox 542 1213 691 1256; x_wconf 89' lang='lat' dir='ltr'>fauore</span> <span class='ocrx_word' id='word_1_123' title='bbox 733 1214 953 1268; x_wconf 80' lang='lat' dir='ltr'>pristinum</span> <span class='ocrx_word' id='word_1_124' title='bbox 995 1214 1034 1255; x_wconf 85' lang='lat' dir='ltr'>ei</span> <span class='ocrx_word' id='word_1_125' title='bbox 1074 1214 1243 1256; x_wconf 82' lang='lat' dir='ltr'>fortune</span> <span class='ocrx_word' id='word_1_126' title='bbox 1283 1215 1555 1270; x_wconf 85' lang='lat' dir='ltr'>splendorem</span> 
     </span>
     <span class='ocr_line' id='line_1_25' title="bbox 104 1270 1554 1327; baseline 0 -13"><span class='ocrx_word' id='word_1_127' title='bbox 104 1270 384 1327; x_wconf 66' lang='lat' dir='ltr'>conciilliauit,</span> <span class='ocrx_word' id='word_1_128' title='bbox 433 1285 634 1326; x_wconf 90' lang='lat' dir='ltr'>amorque</span> <span class='ocrx_word' id='word_1_129' title='bbox 681 1272 834 1326; x_wconf 88' lang='lat' dir='ltr'>ipsius,</span> <span class='ocrx_word' id='word_1_130' title='bbox 881 1272 1087 1327; x_wconf 86' lang='lat' dir='ltr'>septimO,</span> <span class='ocrx_word' id='word_1_131' title='bbox 1136 1271 1370 1314; x_wconf 84' lang='lat' dir='ltr'>decedente</span> <span class='ocrx_word' id='word_1_132' title='bbox 1414 1272 1554 1326; x_wconf 83' lang='lat' dir='ltr'>Erico,</span> 
     </span>
     <span class='ocr_line' id='line_1_26' title="bbox 104 1330 1555 1386; baseline 0.001 -15"><span class='ocrx_word' id='word_1_133' title='bbox 104 1336 347 1386; x_wconf 87' lang='lat' dir='ltr'>promptum</span> <span class='ocrx_word' id='word_1_134' title='bbox 379 1331 499 1385; x_wconf 86' lang='lat' dir='ltr'>regni</span> <span class='ocrx_word' id='word_1_135' title='bbox 533 1331 750 1371; x_wconf 88' lang='lat' dir='ltr'>introitum</span> <span class='ocrx_word' id='word_1_136' title='bbox 783 1331 936 1371; x_wconf 82' lang='lat' dir='ltr'>struxit</span> <span class='ocrx_word' id='word_1_137' title='bbox 967 1344 1043 1385; x_wconf 88' lang='lat' dir='ltr'>pro</span> <span class='ocrx_word' id='word_1_138' title='bbox 1078 1330 1204 1371; x_wconf 83' lang='lat' dir='ltr'>exilio</span> <span class='ocrx_word' id='word_1_139' title='bbox 1239 1331 1440 1385; x_wconf 87' lang='lat' dir='ltr'>patriam,</span> <span class='ocrx_word' id='word_1_140' title='bbox 1479 1346 1555 1386; x_wconf 89' lang='lat' dir='ltr'>pro</span> 
     </span>
     <span class='ocr_line' id='line_1_27' title="bbox 104 1388 1556 1444; baseline 0.001 -15"><span class='ocrx_word' id='word_1_141' title='bbox 104 1393 356 1444; x_wconf 87' lang='lat' dir='ltr'>paupertate</span> <span class='ocrx_word' id='word_1_142' title='bbox 399 1388 704 1443; x_wconf 88' lang='lat' dir='ltr'>amplissimum</span> <span class='ocrx_word' id='word_1_143' title='bbox 745 1388 873 1429; x_wconf 84' lang='lat' dir='ltr'>decus</span> <span class='ocrx_word' id='word_1_144' title='bbox 906 1403 954 1429; x_wconf 87' lang='lat' dir='ltr'>ac</span> <span class='ocrx_word' id='word_1_145' title='bbox 986 1400 1190 1429; x_wconf 86' lang='lat' dir='ltr'>summam</span> <span class='ocrx_word' id='word_1_146' title='bbox 1224 1389 1371 1442; x_wconf 85' lang='lat' dir='ltr'>largita</span> <span class='ocrx_word' id='word_1_147' title='bbox 1406 1395 1556 1444; x_wconf 89' lang='lat' dir='ltr'>poten-</span> 
     </span>
     <span class='ocr_line' id='line_1_28' title="bbox 102 1445 1556 1500; baseline 0.001 -13"><span class='ocrx_word' id='word_1_148' title='bbox 102 1447 221 1488; x_wconf 85' lang='lat' dir='ltr'>ciam.</span> <span class='ocrx_word' id='word_1_149' title='bbox 263 1446 372 1488; x_wconf 86' lang='lat' dir='ltr'>Nam</span> <span class='ocrx_word' id='word_1_150' title='bbox 405 1446 518 1488; x_wconf 81' lang='lat' dir='ltr'>Erici</span> <span class='ocrx_word' id='word_1_151' title='bbox 549 1446 658 1494; x_wconf 80' lang='lat' dir='ltr'>filius</span> <span class='ocrx_word' id='word_1_152' title='bbox 690 1445 851 1487; x_wconf 84' lang='lat' dir='ltr'>Olauus</span> <span class='ocrx_word' id='word_1_153' title='bbox 885 1461 979 1487; x_wconf 85' lang='lat' dir='ltr'>cum</span> <span class='ocrx_word' id='word_1_154' title='bbox 1010 1452 1145 1487; x_wconf 89' lang='lat' dir='ltr'>matre</span> <span class='ocrx_word' id='word_1_155' title='bbox 1169 1446 1340 1500; x_wconf 70' lang='lat' dir='ltr'>Syr-itha</span> <span class='ocrx_word' id='word_1_156' title='bbox 1363 1447 1556 1488; x_wconf 83' lang='lat' dir='ltr'>Suetiam</span> 
     </span>
     <span class='ocr_line' id='line_1_29' title="bbox 104 1503 1555 1560; baseline 0 -14"><span class='ocrx_word' id='word_1_157' title='bbox 104 1505 318 1560; x_wconf 84' lang='lat' dir='ltr'>repetiuit,</span> <span class='ocrx_word' id='word_1_158' title='bbox 350 1505 491 1560; x_wconf 87' lang='lat' dir='ltr'>ibique</span> <span class='ocrx_word' id='word_1_159' title='bbox 524 1503 682 1558; x_wconf 81' lang='lat' dir='ltr'>degens</span> <span class='ocrx_word' id='word_1_160' title='bbox 712 1518 888 1557; x_wconf 85' lang='lat' dir='ltr'>regnum</span> <span class='ocrx_word' id='word_1_161' title='bbox 912 1510 1102 1546; x_wconf 89' lang='lat' dir='ltr'>materno</span> <span class='ocrx_word' id='word_1_162' title='bbox 1125 1505 1296 1546; x_wconf 80' lang='lat' dir='ltr'>arbitrio</span> <span class='ocrx_word' id='word_1_163' title='bbox 1322 1505 1555 1546; x_wconf 85' lang='lat' dir='ltr'>subiectum</span> 
     </span>
     <span class='ocr_line' id='line_1_30' title="bbox 103 1560 1558 1618; baseline 0 -14"><span class='ocrx_word' id='word_1_164' title='bbox 103 1562 265 1605; x_wconf 87' lang='lat' dir='ltr'>habuit.</span> <span class='ocrx_word' id='word_1_165' title='bbox 307 1563 373 1604; x_wconf 88' lang='lat' dir='ltr'>Ita</span> <span class='ocrx_word' id='word_1_166' title='bbox 397 1563 538 1606; x_wconf 80' lang='lat' dir='ltr'>Sueno</span> <span class='ocrx_word' id='word_1_167' title='bbox 574 1562 723 1604; x_wconf 85' lang='lat' dir='ltr'>eodem</span> <span class='ocrx_word' id='word_1_168' title='bbox 756 1576 864 1617; x_wconf 88' lang='lat' dir='ltr'>pene</span> <span class='ocrx_word' id='word_1_169' title='bbox 897 1567 1090 1618; x_wconf 88' lang='lat' dir='ltr'>tempore</span> <span class='ocrx_word' id='word_1_170' title='bbox 1113 1566 1156 1604; x_wconf 92' lang='lat' dir='ltr'>et</span> <span class='ocrx_word' id='word_1_171' title='bbox 1178 1560 1384 1618; x_wconf 77' lang='lat' dir='ltr'>relilgioni</span> <span class='ocrx_word' id='word_1_172' title='bbox 1417 1564 1558 1618; x_wconf 86' lang='lat' dir='ltr'>paruit</span> 
     </span>
     <span class='ocr_line' id='line_1_31' title="bbox 105 1620 1556 1677; baseline 0 -15"><span class='ocrx_word' id='word_1_173' title='bbox 105 1626 147 1663; x_wconf 88' lang='lat' dir='ltr'>et</span> <span class='ocrx_word' id='word_1_174' title='bbox 176 1621 312 1676; x_wconf 88' lang='lat' dir='ltr'>patria</span> <span class='ocrx_word' id='word_1_175' title='bbox 344 1622 499 1677; x_wconf 89' lang='lat' dir='ltr'>potitus</span> <span class='ocrx_word' id='word_1_176' title='bbox 532 1624 608 1662; x_wconf 88' lang='lat' dir='ltr'>est.</span> <span class='ocrx_word' id='word_1_177' title='bbox 672 1620 737 1662; x_wconf 89' lang='lat' dir='ltr'>Ne</span> <span class='ocrx_word' id='word_1_178' title='bbox 769 1625 936 1673; x_wconf 90' lang='lat' dir='ltr'>autem,</span> <span class='ocrx_word' id='word_1_179' title='bbox 977 1635 1156 1676; x_wconf 89' lang='lat' dir='ltr'>quorum</span> <span class='ocrx_word' id='word_1_180' title='bbox 1188 1621 1380 1663; x_wconf 84' lang='lat' dir='ltr'>fauorem</span> <span class='ocrx_word' id='word_1_181' title='bbox 1410 1622 1556 1676; x_wconf 90' lang='lat' dir='ltr'>impie-</span> 
     </span>
     <span class='ocr_line' id='line_1_32' title="bbox 103 1679 1556 1735; baseline 0.001 -16"><span class='ocrx_word' id='word_1_182' title='bbox 103 1683 193 1720; x_wconf 84' lang='lat' dir='ltr'>tate</span> <span class='ocrx_word' id='word_1_183' title='bbox 224 1682 503 1729; x_wconf 76' lang='lat' dir='ltr'>contraxerat,</span> <span class='ocrx_word' id='word_1_184' title='bbox 541 1679 773 1721; x_wconf 83' lang='lat' dir='ltr'>sanctitatis</span> <span class='ocrx_word' id='word_1_185' title='bbox 806 1679 1067 1720; x_wconf 82' lang='lat' dir='ltr'>irritamento</span> <span class='ocrx_word' id='word_1_186' title='bbox 1102 1679 1198 1719; x_wconf 86' lang='lat' dir='ltr'>odia</span> <span class='ocrx_word' id='word_1_187' title='bbox 1231 1679 1271 1720; x_wconf 90' lang='lat' dir='ltr'>in</span> <span class='ocrx_word' id='word_1_188' title='bbox 1304 1694 1348 1721; x_wconf 92' lang='lat' dir='ltr'>se</span> <span class='ocrx_word' id='word_1_189' title='bbox 1381 1683 1556 1735; x_wconf 90' lang='lat' dir='ltr'>repente</span> 
     </span>
     <span class='ocr_line' id='line_1_33' title="bbox 101 1736 1556 1792; baseline 0 -14"><span class='ocrx_word' id='word_1_190' title='bbox 101 1737 337 1789; x_wconf 86' lang='lat' dir='ltr'>traiiceret,</span> <span class='ocrx_word' id='word_1_191' title='bbox 381 1736 548 1791; x_wconf 89' lang='lat' dir='ltr'>publice</span> <span class='ocrx_word' id='word_1_192' title='bbox 581 1736 846 1778; x_wconf 86' lang='lat' dir='ltr'>dissimulata</span> <span class='ocrx_word' id='word_1_193' title='bbox 879 1737 1098 1791; x_wconf 81' lang='lat' dir='ltr'>religione,</span> <span class='ocrx_word' id='word_1_194' title='bbox 1129 1737 1328 1792; x_wconf 86' lang='lat' dir='ltr'>priuatim</span> <span class='ocrx_word' id='word_1_195' title='bbox 1351 1737 1556 1791; x_wconf 90' lang='lat' dir='ltr'>exhibita,</span> 
     </span>
     <span class='ocr_line' id='line_1_34' title="bbox 103 1794 1557 1850; baseline 0 -14"><span class='ocrx_word' id='word_1_196' title='bbox 103 1796 218 1850; x_wconf 90' lang='lat' dir='ltr'>pium</span> <span class='ocrx_word' id='word_1_197' title='bbox 251 1796 407 1836; x_wconf 89' lang='lat' dir='ltr'>mentis</span> <span class='ocrx_word' id='word_1_198' title='bbox 440 1794 627 1835; x_wconf 89' lang='lat' dir='ltr'>habitum</span> <span class='ocrx_word' id='word_1_199' title='bbox 662 1796 782 1837; x_wconf 90' lang='lat' dir='ltr'>texit.</span> <span class='ocrx_word' id='word_1_200' title='bbox 843 1795 995 1850; x_wconf 83' lang='lat' dir='ltr'>Itaque</span> <span class='ocrx_word' id='word_1_201' title='bbox 1027 1795 1180 1836; x_wconf 87' lang='lat' dir='ltr'>diuersi</span> <span class='ocrx_word' id='word_1_202' title='bbox 1214 1800 1355 1836; x_wconf 86' lang='lat' dir='ltr'>motus</span> <span class='ocrx_word' id='word_1_203' title='bbox 1390 1794 1557 1837; x_wconf 86' lang='lat' dir='ltr'>hisdem</span> 
     </span>
     <span class='ocr_line' id='line_1_35' title="bbox 104 1852 1555 1909; baseline 0.001 -15"><span class='ocrx_word' id='word_1_204' title='bbox 104 1853 333 1909; x_wconf 87' lang='lat' dir='ltr'>precordiis</span> <span class='ocrx_word' id='word_1_205' title='bbox 365 1852 533 1902; x_wconf 88' lang='lat' dir='ltr'>inclusi,</span> <span class='ocrx_word' id='word_1_206' title='bbox 574 1867 737 1895; x_wconf 89' lang='lat' dir='ltr'>summa</span> <span class='ocrx_word' id='word_1_207' title='bbox 770 1853 950 1895; x_wconf 90' lang='lat' dir='ltr'>formido</span> <span class='ocrx_word' id='word_1_208' title='bbox 982 1867 1031 1894; x_wconf 90' lang='lat' dir='ltr'>ac</span> <span class='ocrx_word' id='word_1_209' title='bbox 1064 1854 1328 1895; x_wconf 78' lang='lat' dir='ltr'>sanctissima</span> <span class='ocrx_word' id='word_1_210' title='bbox 1361 1852 1555 1906; x_wconf 88' lang='lat' dir='ltr'>deuocio,</span> 
     </span>
     <span class='ocr_line' id='line_1_36' title="bbox 104 1911 1556 1966; baseline 0 -14"><span class='ocrx_word' id='word_1_211' title='bbox 104 1912 290 1953; x_wconf 88' lang='lat' dir='ltr'>animum</span> <span class='ocrx_word' id='word_1_212' title='bbox 325 1911 414 1953; x_wconf 90' lang='lat' dir='ltr'>eius</span> <span class='ocrx_word' id='word_1_213' title='bbox 447 1911 651 1966; x_wconf 88' lang='lat' dir='ltr'>perplexa</span> <span class='ocrx_word' id='word_1_214' title='bbox 684 1912 958 1953; x_wconf 83' lang='lat' dir='ltr'>cunctacione</span> <span class='ocrx_word' id='word_1_215' title='bbox 999 1911 1247 1952; x_wconf 83' lang='lat' dir='ltr'>distractum</span> <span class='ocrx_word' id='word_1_216' title='bbox 1280 1911 1330 1952; x_wconf 80' lang='lat' dir='ltr'>ad</span> <span class='ocrx_word' id='word_1_217' title='bbox 1363 1912 1556 1952; x_wconf 88' lang='lat' dir='ltr'>ultimam</span> 
     </span>
     <span class='ocr_line' id='line_1_37' title="bbox 103 1969 1555 2025; baseline 0.001 -15"><span class='ocrx_word' id='word_1_218' title='bbox 103 1983 212 2024; x_wconf 90' lang='lat' dir='ltr'>pene</span> <span class='ocrx_word' id='word_1_219' title='bbox 243 1969 549 2011; x_wconf 83' lang='lat' dir='ltr'>hesitacionem</span> <span class='ocrx_word' id='word_1_220' title='bbox 581 1969 847 2024; x_wconf 84' lang='lat' dir='ltr'>redegerant.</span> <span class='ocrx_word' id='word_1_221' title='bbox 901 1969 1012 2010; x_wconf 91' lang='lat' dir='ltr'>Hinc</span> <span class='ocrx_word' id='word_1_222' title='bbox 1044 1969 1156 2010; x_wconf 87' lang='lat' dir='ltr'>euim</span> <span class='ocrx_word' id='word_1_223' title='bbox 1186 1969 1389 2025; x_wconf 86' lang='lat' dir='ltr'>perdendi</span> <span class='ocrx_word' id='word_1_224' title='bbox 1422 1970 1555 2024; x_wconf 77' lang='lat' dir='ltr'>regni.</span> 
     </span>
     <span class='ocr_line' id='line_1_38' title="bbox 103 2026 1556 2083; baseline 0.001 -15"><span class='ocrx_word' id='word_1_225' title='bbox 103 2027 201 2068; x_wconf 90' lang='lat' dir='ltr'>inde</span> <span class='ocrx_word' id='word_1_226' title='bbox 232 2026 401 2069; x_wconf 88' lang='lat' dir='ltr'>ledendi</span> <span class='ocrx_word' id='word_1_227' title='bbox 432 2028 613 2068; x_wconf 89' lang='lat' dir='ltr'>numinis</span> <span class='ocrx_word' id='word_1_228' title='bbox 646 2033 783 2070; x_wconf 91' lang='lat' dir='ltr'>metus</span> <span class='ocrx_word' id='word_1_229' title='bbox 817 2028 999 2083; x_wconf 81' lang='lat' dir='ltr'>pectoris</span> <span class='ocrx_word' id='word_1_230' title='bbox 1032 2027 1120 2068; x_wconf 86' lang='lat' dir='ltr'>eius</span> <span class='ocrx_word' id='word_1_231' title='bbox 1153 2028 1461 2070; x_wconf 86' lang='lat' dir='ltr'>munimentum</span> <span class='ocrx_word' id='word_1_232' title='bbox 1485 2042 1556 2069; x_wconf 84' lang='lat' dir='ltr'>an-</span> 
     </span>
     <span class='ocr_line' id='line_1_39' title="bbox 106 2084 1556 2140; baseline 0.001 -14"><span class='ocrx_word' id='word_1_233' title='bbox 106 2085 221 2140; x_wconf 89' lang='lat' dir='ltr'>cipiti</span> <span class='ocrx_word' id='word_1_234' title='bbox 267 2084 455 2140; x_wconf 92' lang='lat' dir='ltr'>periculo</span> <span class='ocrx_word' id='word_1_235' title='bbox 503 2085 768 2127; x_wconf 88' lang='lat' dir='ltr'>uulnerabat.</span> <span class='ocrx_word' id='word_1_236' title='bbox 830 2085 1039 2126; x_wconf 83' lang='lat' dir='ltr'>Fastidite</span> <span class='ocrx_word' id='word_1_237' title='bbox 1086 2085 1292 2140; x_wconf 86' lang='lat' dir='ltr'>siquidem</span> <span class='ocrx_word' id='word_1_238' title='bbox 1340 2086 1556 2139; x_wconf 78' lang='lat' dir='ltr'>religionis</span> 
     </span>
     <span class='ocr_line' id='line_1_40' title="bbox 104 2142 1555 2197; baseline 0 -13"><span class='ocrx_word' id='word_1_239' title='bbox 104 2144 286 2184; x_wconf 86' lang='lat' dir='ltr'>ultorem</span> <span class='ocrx_word' id='word_1_240' title='bbox 310 2142 452 2195; x_wconf 85' lang='lat' dir='ltr'>deum,</span> <span class='ocrx_word' id='word_1_241' title='bbox 482 2143 647 2197; x_wconf 84' lang='lat' dir='ltr'>plebem</span> <span class='ocrx_word' id='word_1_242' title='bbox 682 2144 794 2185; x_wconf 86' lang='lat' dir='ltr'>culte</span> <span class='ocrx_word' id='word_1_243' title='bbox 830 2143 1043 2186; x_wconf 89' lang='lat' dir='ltr'>uindicem</span> <span class='ocrx_word' id='word_1_244' title='bbox 1076 2144 1309 2185; x_wconf 86' lang='lat' dir='ltr'>metuebat.</span> <span class='ocrx_word' id='word_1_245' title='bbox 1353 2144 1446 2192; x_wconf 81' lang='lat' dir='ltr'>Que</span> <span class='ocrx_word' id='word_1_246' title='bbox 1470 2149 1555 2185; x_wconf 86' lang='lat' dir='ltr'>tam</span> 
     </span>
     <span class='ocr_line' id='line_1_41' title="bbox 105 2200 1555 2257; baseline 0.001 -16"><span class='ocrx_word' id='word_1_247' title='bbox 105 2200 278 2242; x_wconf 86' lang='lat' dir='ltr'>dissona</span> <span class='ocrx_word' id='word_1_248' title='bbox 319 2200 461 2241; x_wconf 87' lang='lat' dir='ltr'>studia</span> <span class='ocrx_word' id='word_1_249' title='bbox 501 2202 733 2243; x_wconf 87' lang='lat' dir='ltr'>attenciore</span> <span class='ocrx_word' id='word_1_250' title='bbox 780 2202 905 2243; x_wconf 78' lang='lat' dir='ltr'>animi</span> <span class='ocrx_word' id='word_1_251' title='bbox 939 2202 1263 2257; x_wconf 80' lang='lat' dir='ltr'>comparacione</span> <span class='ocrx_word' id='word_1_252' title='bbox 1295 2201 1555 2257; x_wconf 85' lang='lat' dir='ltr'>expendens,</span> 
     </span>
     <span class='ocr_line' id='line_1_42' title="bbox 108 2258 1554 2313; baseline 0.001 -14"><span class='ocrx_word' id='word_1_253' title='bbox 108 2260 200 2313; x_wconf 89' lang='lat' dir='ltr'>plus</span> <span class='ocrx_word' id='word_1_254' title='bbox 248 2258 381 2299; x_wconf 86' lang='lat' dir='ltr'>diuini</span> <span class='ocrx_word' id='word_1_255' title='bbox 427 2271 551 2313; x_wconf 85' lang='lat' dir='ltr'>quam</span> <span class='ocrx_word' id='word_1_256' title='bbox 599 2258 770 2300; x_wconf 87' lang='lat' dir='ltr'>humani</span> <span class='ocrx_word' id='word_1_257' title='bbox 825 2259 984 2301; x_wconf 89' lang='lat' dir='ltr'>timoris</span> <span class='ocrx_word' id='word_1_258' title='bbox 1036 2259 1196 2300; x_wconf 88' lang='lat' dir='ltr'>uiribus</span> <span class='ocrx_word' id='word_1_259' title='bbox 1247 2259 1554 2313; x_wconf 86' lang='lat' dir='ltr'>indulgendum</span> 
     </span>
     <span class='ocr_line' id='line_1_43' title="bbox 103 2316 1557 2372; baseline 0.001 -14"><span class='ocrx_word' id='word_1_260' title='bbox 103 2316 302 2371; x_wconf 83' lang='lat' dir='ltr'>prouidit.</span> <span class='ocrx_word' id='word_1_261' title='bbox 363 2316 571 2358; x_wconf 90' lang='lat' dir='ltr'>Priuatim</span> <span class='ocrx_word' id='word_1_262' title='bbox 602 2318 747 2372; x_wconf 88' lang='lat' dir='ltr'>itaque</span> <span class='ocrx_word' id='word_1_263' title='bbox 778 2318 960 2359; x_wconf 89' lang='lat' dir='ltr'>maiores</span> <span class='ocrx_word' id='word_1_264' title='bbox 1000 2331 1249 2372; x_wconf 75' lang='lat' dir='ltr'>aggressus,</span> <span class='ocrx_word' id='word_1_265' title='bbox 1295 2318 1557 2359; x_wconf 80' lang='lat' dir='ltr'>clandestina</span> 
     </span>
     <span class='ocr_line' id='line_1_44' title="bbox 107 2374 1557 2430; baseline 0.001 -15"><span class='ocrx_word' id='word_1_266' title='bbox 107 2374 416 2416; x_wconf 90' lang='lat' dir='ltr'>ammonicione</span> <span class='ocrx_word' id='word_1_267' title='bbox 439 2374 565 2416; x_wconf 88' lang='lat' dir='ltr'>sacris</span> <span class='ocrx_word' id='word_1_268' title='bbox 588 2375 735 2417; x_wconf 90' lang='lat' dir='ltr'>ritibus</span> <span class='ocrx_word' id='word_1_269' title='bbox 756 2375 963 2417; x_wconf 90' lang='lat' dir='ltr'>subiicere</span> <span class='ocrx_word' id='word_1_270' title='bbox 985 2376 1300 2430; x_wconf 85' lang='lat' dir='ltr'>perseuerabat,</span> <span class='ocrx_word' id='word_1_271' title='bbox 1324 2375 1557 2416; x_wconf 86' lang='lat' dir='ltr'>disserendi</span> 
     </span>
     <span class='ocr_line' id='line_1_45' title="bbox 109 2432 1556 2489; baseline 0.001 -15"><span class='ocrx_word' id='word_1_272' title='bbox 109 2432 307 2483; x_wconf 86' lang='lat' dir='ltr'>officium,</span> <span class='ocrx_word' id='word_1_273' title='bbox 330 2432 443 2487; x_wconf 93' lang='lat' dir='ltr'>quod</span> <span class='ocrx_word' id='word_1_274' title='bbox 468 2447 490 2473; x_wconf 93' lang='lat' dir='ltr'>a</span> <span class='ocrx_word' id='word_1_275' title='bbox 512 2432 643 2474; x_wconf 88' lang='lat' dir='ltr'>literis</span> <span class='ocrx_word' id='word_1_276' title='bbox 668 2432 944 2489; x_wconf 89' lang='lat' dir='ltr'>doctrinaque</span> <span class='ocrx_word' id='word_1_277' title='bbox 965 2447 1049 2474; x_wconf 91' lang='lat' dir='ltr'>non</span> <span class='ocrx_word' id='word_1_278' title='bbox 1073 2437 1275 2484; x_wconf 83' lang='lat' dir='ltr'>traxerat,</span> <span class='ocrx_word' id='word_1_279' title='bbox 1307 2433 1400 2474; x_wconf 91' lang='lat' dir='ltr'>rudi</span> <span class='ocrx_word' id='word_1_280' title='bbox 1430 2438 1556 2489; x_wconf 90' lang='lat' dir='ltr'>atque</span> 
     </span>
     <span class='ocr_line' id='line_1_46' title="bbox 107 2490 1557 2547; baseline 0.001 -15"><span class='ocrx_word' id='word_1_281' title='bbox 107 2491 300 2546; x_wconf 87' lang='lat' dir='ltr'>impolito</span> <span class='ocrx_word' id='word_1_282' title='bbox 323 2490 493 2544; x_wconf 88' lang='lat' dir='ltr'>ingenio</span> <span class='ocrx_word' id='word_1_283' title='bbox 516 2496 781 2545; x_wconf 88' lang='lat' dir='ltr'>prosecutus.</span> <span class='ocrx_word' id='word_1_284' title='bbox 823 2491 944 2533; x_wconf 89' lang='lat' dir='ltr'>Adeo</span> <span class='ocrx_word' id='word_1_285' title='bbox 971 2491 1233 2547; x_wconf 86' lang='lat' dir='ltr'>preceptoris</span> <span class='ocrx_word' id='word_1_286' title='bbox 1264 2496 1419 2546; x_wconf 84' lang='lat' dir='ltr'>partes,</span> <span class='ocrx_word' id='word_1_287' title='bbox 1451 2505 1557 2547; x_wconf 88' lang='lat' dir='ltr'>quas</span> 
     </span>
     <span class='ocr_line' id='line_1_47' title="bbox 108 2548 1558 2604; baseline 0.001 -15"><span class='ocrx_word' id='word_1_288' title='bbox 108 2548 282 2590; x_wconf 89' lang='lat' dir='ltr'>solercia</span> <span class='ocrx_word' id='word_1_289' title='bbox 317 2562 367 2589; x_wconf 92' lang='lat' dir='ltr'>ac</span> <span class='ocrx_word' id='word_1_290' title='bbox 399 2548 710 2591; x_wconf 88' lang='lat' dir='ltr'>consuetudine</span> <span class='ocrx_word' id='word_1_291' title='bbox 741 2563 892 2604; x_wconf 88' lang='lat' dir='ltr'>parum</span> <span class='ocrx_word' id='word_1_292' title='bbox 923 2551 1172 2604; x_wconf 88' lang='lat' dir='ltr'>complexus</span> <span class='ocrx_word' id='word_1_293' title='bbox 1203 2549 1365 2600; x_wconf 86' lang='lat' dir='ltr'>fuerat,</span> <span class='ocrx_word' id='word_1_294' title='bbox 1409 2563 1432 2590; x_wconf 94' lang='lat' dir='ltr'>a</span> <span class='ocrx_word' id='word_1_295' title='bbox 1463 2551 1558 2591; x_wconf 80' lang='lat' dir='ltr'>fun-</span> 
     </span>
     <span class='ocr_line' id='line_1_48' title="bbox 106 2605 1554 2662; baseline 0.002 -15"><span class='ocrx_word' id='word_1_296' title='bbox 106 2605 244 2648; x_wconf 88' lang='lat' dir='ltr'>dande</span> <span class='ocrx_word' id='word_1_297' title='bbox 294 2606 511 2661; x_wconf 87' lang='lat' dir='ltr'>religionis</span> <span class='ocrx_word' id='word_1_298' title='bbox 563 2605 761 2662; x_wconf 90' lang='lat' dir='ltr'>cupidine</span> <span class='ocrx_word' id='word_1_299' title='bbox 811 2607 1101 2650; x_wconf 86' lang='lat' dir='ltr'>mutuabatur.</span> <span class='ocrx_word' id='word_1_300' title='bbox 1177 2607 1339 2649; x_wconf 89' lang='lat' dir='ltr'>Verum</span> <span class='ocrx_word' id='word_1_301' title='bbox 1389 2607 1554 2651; x_wconf 89' lang='lat' dir='ltr'>medele</span> 
     </span>
     <span class='ocr_line' id='line_1_49' title="bbox 175 2675 1416 2712; baseline -0.001 -6"><span class='ocrx_word' id='word_1_302' title='bbox 175 2679 255 2706; x_wconf 79' lang='lat' dir='ltr'>Saxo</span> <span class='ocrx_word' id='word_1_303' title='bbox 274 2680 511 2708; x_wconf 75' lang='lat' dir='ltr'>Grammaticus.</span> <span class='ocrx_word' id='word_1_304' title='bbox 1371 2675 1416 2712; x_wconf 84' lang='lat'>22</span> 
     </span>
    </p>
   </div>
   <div class='ocr_carea' id='block_1_12' title="bbox 1623 586 1680 615">
    <p class='ocr_par' dir='ltr' id='par_1_13' title="bbox 1623 586 1680 615">
     <span class='ocr_line' id='line_1_50' title="bbox 1623 586 1680 615; baseline 0 0"><span class='ocrx_word' id='word_1_305' title='bbox 1623 586 1680 615; x_wconf 65' lang='grc' dir='ltr'>ΓῙ“</span> 
     </span>
    </p>
   </div>
   <div class='ocr_carea' id='block_1_13' title="bbox 1629 1295 1714 1327">
    <p class='ocr_par' dir='ltr' id='par_1_14' title="bbox 1629 1295 1714 1327">
     <span class='ocr_line' id='line_1_51' title="bbox 1629 1295 1714 1327; baseline 0.024 -6"><span class='ocrx_word' id='word_1_306' title='bbox 1629 1295 1714 1327; x_wconf 73' lang='grc'>(189)</span> 
     </span>
    </p>
   </div>
   <div class='ocr_carea' id='block_1_14' title="bbox 1614 1586 1711 1619">
    <p class='ocr_par' dir='ltr' id='par_1_15' title="bbox 1614 1586 1711 1619">
     <span class='ocr_line' id='line_1_52' title="bbox 1614 1586 1711 1619; baseline -0.021 -7"><span class='ocrx_word' id='word_1_307' title='bbox 1614 1586 1711 1619; x_wconf 66' lang='lat' dir='ltr'>p.4us</span> 
     </span>
    </p>
   </div>
  </div>
 </body>
</html>
