1884 3126
253 926 290 954 10

252 1213 289 1241 15

247 1499 285 1527 20

247 1787 284 1814 25

246 2073 283 2101 30

244 2360 280 2388 35

247 2647 281 2683 40

327 276 409 316 664
875 292 924 298 -
983 267 1092 311 XVI
1151 291 1204 299 -

325 398 706 453 Bogiszlauumque
746 410 800 437 cx
835 394 1013 436 aduerso
1058 394 1191 435 Strele
1230 393 1363 434 insule
1406 393 1547 447 copias
1588 393 1752 448 exposi-

325 461 466 497 turum
498 453 762 519 docentibus,
791 465 1030 507 quanquam
1062 451 1354 505 crepusculum
1385 451 1632 505 appetebat,
1664 464 1752 492 cor—

324 518 445 566 repto
478 512 611 565 signO,
645 510 833 550 ocissime
863 509 979 550 littus
1009 508 1165 563 scapha
1187 508 1350 562 petiuit.
1412 507 1752 549 Gubernatorum

326 568 474 610 deinde
520 567 698 620 collegio
742 580 817 621 per
856 579 1081 620 preconem
1123 571 1298 618 uocato,
1343 565 1581 620 nuncioque
1628 578 1751 621 quam

325 625 571 667 breuissimo
604 624 804 665 militibus
837 624 965 676 edito,
996 623 1155 677 ingenti
1187 622 1497 664 cohortacionis
1538 636 1637 664 cura
1666 624 1751 664 ala-

325 684 473 724 oritate
518 682 744 723 exercitum
787 656 982 736 repleuit’,
1025 681 1207 735 quietem
1251 694 1368 722 suam
1409 681 1533 721 certis
1578 681 1754 722 uictorie

323 738 571 793 imaginibus
612 739 900 780 adumbratam
940 738 1142 792 prefatus.
1214 736 1304 779 Nec
1348 738 1430 779 alia
1474 738 1650 779 militum
1690 752 1754 779 re-

322 796 491 852 sponsio
525 796 616 849 fuit,
647 810 771 851 quam
802 809 986 850 pugnam
1017 809 1061 836 se
1095 799 1269 850 optare3
1311 808 1435 850 quam
1467 796 1500 837 si
1532 796 1753 850 accipiant,

323 868 407 895 non
439 853 643 903 dubitare,
677 854 774 908 quin
807 853 989 895 uincant.
1039 852 1175 900 Quem
1198 852 1429 893 animorum
1462 853 1644 895 calorem
1665 857 1753 894 tum

321 926 344 952 a
384 911 512 964 longa
555 910 750 952 uincendi
790 908 1127 965 consueltudine,
1167 913 1259 950 tum
1300 910 1432 951 eciam
1473 911 1528 952 ab
1568 911 1754 965 ingenita

321 968 486 1010 Danico
527 969 718 1023 sanguini
758 968 911 1009 uirtute
955 971 1200 1021 traxerunt,
1244 967 1380 1022 digni,
1421 969 1491 1022 qui
1534 968 1648 1010 uocis
1679 982 1753 1010 sue

321 1025 500 1080 augurio
541 1040 625 1067 non
666 1025 926 1067 fallerentur.
988 1025 1123 1079 Igitur
1162 1025 1351 1066 Absalon
1394 1026 1551 1067 incerte
1582 1026 1755 1080 nauiga-

323 1083 451 1124 cionis
482 1088 621 1137 metu,
664 1083 775 1138 quod
814 1083 967 1124 fretum
999 1082 1122 1124 dubie
1154 1082 1452 1137 profunditatis
1484 1089 1618 1136 esset,
1650 1083 1756 1124 dilu-

321 1140 460 1182 culum
500 1141 778 1195 prestolatus,
820 1154 912 1181 cum
950 1140 1048 1181 inde
1089 1140 1303 1182 soluturus
1346 1144 1478 1195 esset,
1510 1140 1755 1197 aliquandiu

320 1202 508 1240 retentus
542 1202 614 1250 est,
646 1198 812 1239 harenis
844 1198 1029 1239 anchora
1049 1198 1181 1239 alcius
1212 1198 1431 1240 insidente.
1477 1198 1570 1247 Quo
1598 1198 1752 1251 euenit,

321 1260 366 1297 ut
397 1255 450 1296 ab
481 1256 717 1305 uniuersis,
747 1256 952 1297 infinitum
984 1255 1241 1310 procedendi
1271 1255 1464 1298 ardorem
1497 1256 1752 1311 gerentibus,

320 1314 638 1368 relinqueretur.
700 1313 784 1355 Sed
815 1327 952 1367 neque
985 1328 1029 1354 se
1062 1314 1113 1354 ab
1137 1314 1328 1355 exercitu
1359 1314 1525 1368 precedi
1556 1314 1753 1356 indecens

321 1370 612 1423 existimabat,
646 1384 670 1411 a
701 1385 781 1426 quo
812 1372 907 1426 plus
940 1370 1171 1412 hortacioni
1211 1386 1287 1413 sue
1327 1385 1450 1426 quam
1495 1372 1756 1413 cunctacioni

320 1428 527 1469 tributum
566 1429 777 1470 cernebat.
845 1428 982 1476 Quem
1020 1428 1168 1469 merito
1216 1429 1280 1470 his
1321 1430 1582 1484 gratulatum
1624 1428 1756 1470 credi-

315 1485 457 1536 derim,
489 1486 560 1540 qui
590 1486 699 1528 iuste
730 1486 953 1528 celeritatis
975 1489 1191 1541 compotes
1215 1485 1229 1540 ΙΙ
1252 1500 1378 1542 quam
1411 1487 1595 1529 uiolente
1625 1499 1741 1529 more
1767 1496 1884 1532 (37s7]‹

317 1546 532 1585 consortes
578 1544 760 1585 existere
802 1543 1054 1585 maluerunt.
1126 1543 1260 1591 Quam
1303 1544 1511 1586 tarditatis
1550 1545 1755 1586 iacturam

315 1600 617 1655 impedimento
649 1601 814 1643 solutus
847 1606 965 1642 tanta
996 1601 1156 1656 remigii
1190 1601 1416 1643 uelocitate
1449 1603 1665 1656 pensauit,
1708 1606 1755 1643 ut

316 1672 424 1712 pene
456 1658 590 1712 prima
621 1658 789 1713 nauigia
813 1659 1096 1713 occupauerit,
1130 1658 1398 1713 dispendium
1421 1672 1520 1701 casu
1542 1661 1754 1702 inuectum

316 1715 525 1770 preliandi
557 1716 752 1770 cupidine
784 1715 1040 1758 redimendo.
1101 1716 1228 1757 Hunc
1258 1717 1428 1771 publice
1467 1717 1755 1759 festinacionis

315 1787 561 1838 procursum
602 1774 727 1815 missa
759 1788 783 1814 a
823 1774 1031 1828 Rugianis
1070 1774 1171 1814 ratis
1205 1775 1395 1829 excepit,
1428 1788 1509 1829 que
1540 1775 1754 1830 aliquanto

315 1831 548 1872 remissiore
579 1831 854 1885 nauigacione
889 1831 1093 1873 utendum
1120 1831 1307 1885 doceret,
1339 1832 1464 1887 quod,
1496 1832 1751 1887 Bogiszlauo

315 1887 452 1929 adhuc
474 1888 597 1929 insul
590 1903 653 1929 tm
679 1888 851 1931 Coztam
875 1887 1139 1942 tenente[m],
1162 1890 1342 1930 incertus
1364 1890 1613 1945 irrupcionis
1635 1890 1751 1931 locus

316 1945 531 1987 existeret.
593 1946 674 1988 Sed
709 1951 751 1987 et
782 1947 1010 1987 Iarimarus
1051 1960 1265 1989 secessum
1307 1947 1489 1988 hostium
1520 1947 1751 1989 domestico

315 2002 446 2044 milite
492 2004 728 2045 succinctus
775 2004 1085 2060 opperiebatur.
1160 2004 1319 2059 Igitur,
1369 2010 1531 2046 cessata
1571 2006 1752 2060 impetus

315 2073 428 2112 cura,
458 2060 509 2101 ad
542 2061 658 2102 littus
689 2061 928 2103 Dreccense
957 2061 1190 2103 diuertitur.
1251 2062 1342 2103 Illic
1374 2062 1574 2115 affertur,
1607 2063 1750 2105 hostes

316 2117 487 2158 domum
518 2119 682 2173 petisse,
715 2119 876 2161 nunciis
917 2119 1138 2161 incidentis
1170 2120 1279 2161 forte
1317 2120 1470 2161 nebule
1502 2134 1639 2162 errore
1679 2120 1747 2160 de-

316 2175 458 2229 ceptis,
529 2175 647 2217 Idem
693 2177 874 2228 nostris,
914 2181 1083 2231 portum
1115 2177 1339 2218 Darsinum
1377 2179 1383 2230 Ι
1421 2182 1563 2232 petere
1609 2179 1747 2232 iussis,

314 2231 506 2273 Iarimari
554 2247 644 2275 cum
691 2236 749 2275 eis
794 2235 1052 2276 consiliaturi
1084 2234 1279 2288 Rugiano
1322 2236 1507 2277 exercitu
1548 2235 1752 2277 uallatum

313 2290 567 2344 pollicentur
598 2306 827 2334 occursum.
890 2292 982 2358 Quo
1015 2292 1095 2332 loci
1122 2292 1392 2346 adnauigato,
1425 2307 1517 2334 cum
1548 2307 1626 2334 nec
1647 2293 1751 2334 Iari-

313 2361 453 2389 marus
479 2362 554 2389 nec
584 2349 805 2404 quisquam
848 2363 900 2390 ex
942 2351 1030 2391 eius
1062 2350 1313 2391 satellitibus
1354 2355 1547 2416 repertus
1586 2350 1750 2402 fuisset,

313 2404 470 2459 placuit
491 2405 718 2447 Nicolaum
739 2407 1007 2457 Falstricum‚
1040 2406 1152 2462 quod
1176 2407 1364 2449 Sclauice
1394 2409 1533 2462 gentis
1565 2408 1747 2461 linguam

316 2463 499 2516 calleret,
533 2463 781 2518 explorandi
815 2465 999 2506 hostium
1033 2478 1223 2506 secessus
1253 2466 1394 2520 gracia
1425 2465 1477 2506 ad
1500 2466 1746 2506 Iarimarum

315 2520 481 2562 dimitti.

451 2577 545 2626 Quo
577 2578 774 2633 abeunte,
807 2594 902 2621 cum
923 2579 1127 2631 Absalon,
1158 2580 1301 2622 diuine
1323 2581 1590 2622 ueneracioni
1620 2593 1745 2621 uaca-

311 2637 443 2688 turus,
473 2636 588 2677 littus
620 2636 776 2693 scapha
806 2638 991 2698 petisset,
1023 2638 1241 2702 repentino
1272 2639 1425 2685 nuncio
1459 2652 1531 2693 per
1554 2637 1745 2679 Iarimari

1799 2598 1826 2622 1³·
1842 2578 1884 2636 ⁹3⁴
