1884 3126
286 253 369 294 234
853 277 907 284 ..-
967 253 1056 296 VH
1117 277 1167 283 ,-

694 380 873 424 Vlturus
906 381 1094 424 sobolem
1124 396 1291 437 parens.

697 438 807 481 Nam
837 439 988 482 fratres
1020 442 1144 482 necui
1175 445 1284 494 tuos,

697 498 895 540 Priuatos
928 512 1009 553 ope
1040 499 1223 552 nautica,

695 554 752 597 Et
781 570 892 597 nunc
922 560 978 610 tc,
1011 560 1130 612 patre
1161 557 1316 609 nescio,

235 622 252 648 5
694 613 761 655 Ac
792 614 824 656 si
855 614 912 655 nil
943 614 1058 670 prius
1091 615 1248 669 egerim

694 671 820 714 Votis
851 671 963 713 illius
997 672 1179 726 obuiam,

700 729 924 772 Communi
956 734 1079 772 teneo
1111 731 1248 773 thoro.

698 787 780 829 Dic
812 802 927 843 crgo,
959 788 1106 830 Venus
1138 790 1275 843 unica,

698 845 836 894 Quam
866 846 955 887 uoti
989 847 1170 901 speciem
1202 846 1313 889 feres

221 911 252 939 ยน0
698 903 938 960 Complexu
971 905 1096 946 solito
1131 906 1306 947 carens?

761 998 830 1040 Ad
863 999 941 1040 hec
974 999 1136 1055 Sygne:

557 1081 626 1122 Mc
659 1080 784 1122 crode
815 1084 968 1134 tecum,
1002 1095 1111 1133 care,
1144 1082 1255 1123 uelle
1289 1082 1503 1133 commori,

617 1138 660 1180 Si
691 1153 781 1180 sors
815 1138 938 1180 exicii
968 1139 1188 1194 pretulerit
1218 1140 1367 1192 uicem,

555 1196 646 1238 Nec
678 1197 763 1238 ulla
795 1197 883 1238 uite
911 1211 1146 1252 prorogare
1177 1201 1380 1253 tempora,

213 1258 247 1286 15
624 1255 732 1297 Cum
763 1259 806 1297 te
837 1269 951 1296 mors
982 1255 1144 1296 tumulo
1176 1255 1304 1296 tristis
1337 1254 1536 1310 adegerit.

565 1311 674 1354 Nam
706 1313 739 1354 si
770 1326 1010 1367 supremam
1041 1313 1149 1354 forte
1180 1312 1319 1354 lucem
1350 1313 1563 1357 clauseris,

620 1371 839 1413 Lictorum
870 1370 1017 1413 rabido
1049 1370 1241 1412 subditus
1271 1371 1408 1424 ausui,

562 1430 828 1484 Quocunque
861 1429 945 1470 leto
978 1428 1219 1485 prefocetur
1249 1428 1417 1483 halitus,

612 1486 764 1529 Morbo
798 1502 875 1529 seu
906 1487 1061 1542 gladio,
1093 1487 1261 1543 gurgite
1293 1488 1363 1529 uel
1396 1487 1502 1541 solo,

211 1548 249 1576 20
556 1545 704 1589 Omnis
735 1546 904 1601 petulce
936 1545 1041 1586 labis
1071 1545 1191 1600 ignes
1225 1544 1388 1598 abdico,

614 1603 671 1646 Et
701 1618 768 1650 me
800 1603 1008 1645 consimili
1040 1603 1233 1645 deuoueo
1266 1604 1371 1657 neci,

556 1662 616 1704 Vt
650 1675 732 1716 quo
763 1661 874 1702 idem
906 1660 1031 1702 fedus
1061 1661 1169 1702 thori
1197 1661 1458 1715 reuinxerat,

614 1719 735 1761 Idem
766 1719 961 1775 supplicii
993 1719 1208 1761 contineat
1239 1719 1403 1762 modus.

556 1777 650 1821 Nec
679 1778 803 1830 hunc,
835 1777 949 1818 necis
981 1790 1154 1819 sensura
1183 1790 1326 1833 penas,
1358 1777 1563 1829 deseram,

211 1838 248 1865 25
617 1835 754 1884 Quem
785 1835 959 1890 dignum
991 1834 1161 1877 Venere
1194 1835 1393 1876 constitui
1424 1849 1533 1886 mea,

558 1893 639 1942 Qui
670 1894 805 1949 prima
838 1893 967 1935 nostri
1001 1893 1155 1948 carpsit
1186 1893 1269 1935 oris
1303 1893 1461 1947 oscula,

611 1951 668 1994 Et
698 1951 812 1995 floris
843 1950 977 1994 teneri
1010 1950 1218 2006 primicias
1248 1950 1358 1993 tulit.

558 2009 736 2052 Nullum
766 2012 869 2065 puto
902 2013 1049 2050 uotum
1081 2009 1268 2050 futurum
1302 2009 1474 2062 cercius,

615 2067 762 2123 Siquid
792 2067 973 2110 feminea
1006 2081 1094 2108 uox
1124 2066 1222 2108 fidei
1251 2067 1372 2122 gerit.

211 2197 248 2224 30
419 2183 512 2251 que
545 2197 633 2225 uox
662 2184 720 2225 ita
752 2182 992 2239 Hagbarthi
1032 2183 1216 2225 animum
1257 2183 1502 2249 uegetauit,
1545 2186 1591 2223 ut
1630 2183 1725 2238 plus

283 2232 515 2298 uoluptatis
547 2242 588 2283 in
621 2242 710 2283 eius
741 2242 973 2296 promisso,
1012 2255 1138 2297 quam
1183 2242 1357 2296 periculi
1387 2241 1428 2282 in
1460 2254 1536 2282 sua
1566 2240 1727 2294 digres-

281 2300 398 2342 sione
429 2303 667 2355 reponeret.
718 2299 800 2347 Qui
833 2314 941 2352 cum,
974 2298 1026 2340 ab
1058 2299 1265 2341 ancillulis
1296 2298 1501 2355 ploditus,
1534 2312 1557 2338 a
1589 2297 1723 2352 Sigaii

279 2358 497 2399 lictoribus
543 2362 887 2412 oppugnaretur,
929 2357 996 2398 diu
1031 2371 1076 2398 se
1107 2361 1309 2398 strennua
1351 2370 1497 2413 pugna
1527 2355 1724 2407 defendit,

282 2416 603 2472 compluresque
645 2429 700 2457 ex
740 2415 799 2457 eis
838 2414 880 2456 in
919 2414 1036 2456 aditu
1079 2414 1319 2457 trucidauit.
1382 2413 1723 2470 Comprehensus

211 2485 249 2514 35
280 2473 449 2516 tandem
474 2473 588 2515 etad
611 2474 856 2515 concionem
882 2472 1129 2528 perductus,
1162 2471 1330 2514 diuersa
1361 2472 1494 2528 plebis
1523 2471 1724 2524 suffragia

280 2535 481 2586 expertus
513 2535 588 2573 est.
651 2530 867 2586 Siquidem
911 2530 1147 2585 complures
1187 2530 1437 2586 supplicium
1470 2530 1522 2571 ab
1555 2542 1603 2569 eo
1635 2532 1722 2570 tam

279 2589 421 2642 grauis
462 2589 612 2631 iniurie
654 2588 911 2643 exigendum
942 2587 1160 2642 dicebant3
1204 2588 1279 2630 sed
1310 2587 1518 2639 Bilwisus,
1550 2585 1722 2627 Bolwisi

279 2647 423 2701 frater,
454 2647 620 2704 aliique,
652 2647 865 2689 sentencie
896 2646 1075 2702 pocioris
1106 2649 1314 2701 auctores,
1346 2646 1491 2704 pocius
1522 2649 1721 2687 strennua

1816 1335 1823 1344 .
1842 1315 1884 1343 342
