1884 3126
194 580 209 607 5

177 872 208 897 lO

175 1162 207 1188 15

239 213 323 255 202
817 206 874 240 —'
926 212 991 255 VI
1051 238 1104 244 -

238 339 500 382 farciminum
532 339 677 382 sordes
709 354 958 395 manauere3
996 340 1095 383 inde
1125 341 1359 383 licencioris
1391 341 1527 384 cultus
1558 356 1675 384 usur-

239 399 360 453 pacio
394 412 418 438 a
448 397 531 439 ritu
577 398 713 454 patrio
755 399 1025 454 peregrinata
1056 403 1132 441 est.
1194 399 1343 454 [taque
1374 399 1490 453 regio
1523 403 1675 453 nostra,

241 471 322 511 que
354 455 660 498 continenciam
690 456 732 497 in
764 471 809 498 se
840 460 1039 513 tanquam
1072 457 1307 498 naturalem
1335 456 1451 508 aluit,
1483 458 1630 506 luxum
1652 472 1677 499 a

241 513 425 555 finitimis
457 513 720 569 depoposcit.
785 513 914 556 Cuius
945 514 1132 569 Ingellus
1164 514 1365 556 illecebra
1408 519 1578 570 captus,
1616 515 1677 556 in-

238 571 366 613 iurias
389 570 602 613 beneficiis
624 571 856 627 rependere
890 572 1223 614 erubescendum
1255 586 1338 613 non
1372 571 1508 624 duxit3
1542 587 1700 628 neque¹

240 629 297 670 illi
328 629 479 671 misera
509 630 696 685 parentis
729 630 868 671 clades
901 644 993 672 cum
1024 629 1164 685 aliquo
1187 630 1481 672 amaritudinis
1503 630 1677 686 suspirio

241 687 467 729 obuersata
498 692 574 730 est.

377 745 436 786 At
466 746 625 800 regina,
657 759 708 786 ne
741 746 947 802 propositi
978 746 1092 787 irrita
1123 745 1271 798 abiret,
1301 746 1404 786 iram
1426 746 1536 788 senis
1558 745 1677 787 donis

240 802 398 858 optimc
445 802 776 859 propulsandam
821 804 1090 857 existimans,
1136 803 1297 845 mirifici
1345 804 1484 859 operis
1531 803 1678 846 uittam

237 861 406 916 proprio
438 862 564 916 capiti
596 861 828 903 detractam
859 862 1018 917 gremio
1053 862 1273 903 cenitantis
1305 862 1523 916 apposuit,
1564 861 1679 904 beni-

241 918 474 960 uolenciam
497 919 600 972 eius,
634 919 732 974 quia
753 920 954 961 uirtutem
987 919 1189 961 hebetare
1210 920 1471 974 nequiuerat,
1503 920 1680 961 mercari

239 977 427 1032 cupiens.
491 977 628 1025 Quam
671 976 988 1030 Starcatherus,
1035 976 1217 1018 necdum
1256 977 1417 1019 offense
1448 977 1678 1019 acerbitate

240 1034 456 1090 deposita,
498 1036 539 1076 in
574 1049 620 1076 os
652 1034 823 1076 ferentis
855 1035 1072 1089 reiiciens,
1116 1036 1211 1090 plus
1253 1039 1520 1090 contemptus
1553 1049 1678 1090 quam

240 1093 531 1134 ueneracionis
554 1093 593 1134 in
616 1106 665 1134 eo
693 1106 867 1145 munere
898 1094 1128 1148 repositum
1158 1092 1464 1146 arbitrabatur,
1497 1092 1678 1148 pruden-

238 1151 353 1206 tique
377 1151 516 1192 animo
554 1151 653 1205 egit,
684 1164 738 1192 ne
770 1151 1031 1192 cicatricibus
1065 1151 1226 1192 consito
1259 1150 1476 1206 galeisque
1508 1155 1678 1192 assueto

241 1208 397 1264 capite,
441 1209 655 1250 insolitum
688 1208 916 1250 effeminati
948 1209 1086 1250 cultus
1122 1213 1415 1250 ornamentum
1448 1209 1678 1263 exciperet,

239 1267 399 1320 sciens,
445 1259 634 1309 uirilibus
681 1267 808 1308 comis
853 1266 1058 1308 muliebre
1106 1266 1394 1308 redimiculum
1443 1266 1555 1308 iniici
1594 1279 1677 1308 non

241 1329 452 1379 oportere.
494 1324 648 1380 Itaque
671 1325 883 1380 repulsam
906 1324 1074 1379 repulsa
1095 1325 1223 1377 ultus,
1247 1328 1532 1379 contemptum
1555 1338 1676 1366 suum

240 1387 388 1423 mutua
427 1383 729 1436 aspernacione
770 1383 987 1438 pensauit‚
1028 1388 1191 1423 tantum
1233 1397 1277 1423 se
1315 1396 1424 1436 pene
1465 1381 1507 1423 in
1544 1381 1678 1423 uindi-

147 1439 186 1475 ἰ’
239 1440 372 1482 cando
419 1440 574 1482 rubore
621 1454 798 1495 gerens,
848 1444 1048 1496 quantum
1095 1444 1285 1495 gesserat
1330 1439 1371 1480 in
1415 1439 1676 1482 sustinendo.

172 2028 208 2054 30

172 2319 208 2346 35

239 1497 440 1539 Veterani
471 1512 656 1553 namque
688 1498 903 1540 bellatoris
934 1498 1119 1549 animus,
1159 1497 1383 1539 Frothonis
1426 1497 1586 1538 cultum
1618 1498 1677 1538 in-

222 1555 554 1598 extricabilibus
586 1556 772 1598 amicicie
805 1556 937 1598 hamis
964 1557 970 1606 ¹.
1000 1555 1260 1611 complexus,
1292 1559 1440 1610 totque
1472 1568 1520 1596 ac
1550 1556 1677 1597 tantis

239 1613 529 1655 munificencie
563 1615 652 1655 eius
683 1614 841 1655 meritis
871 1615 1088 1666 inuitatus,
1119 1613 1171 1655 ad
1198 1612 1479 1654 abiiciendum
1503 1613 1678 1654 ulcionis

239 1672 502 1727 propositum
544 1671 657 1713 nullo
702 1671 971 1727 indulgencie
1002 1671 1289 1713 blandimento
1323 1669 1467 1712 seduci
1498 1674 1678 1725 poterat,

241 1744 323 1786 quo
356 1730 493 1771 minus
526 1729 712 1771 debitam
744 1729 955 1771 beneficiis
989 1729 1076 1771 eius
1109 1728 1290 1783 graciam
1317 1729 1449 1770 eciam
1471 1737 1567 1783 post
1589 1728 1679 1770 fata

239 1787 398 1830 referre
438 1790 672 1841 satageret,
714 1788 989 1842 extinctoque
1035 1786 1366 1828 uicissitudinem
1405 1786 1677 1828 humanitatis

239 1844 473 1901 rependere
508 1849 685 1897 curaret,
718 1846 836 1887 cuius
868 1844 1005 1886 adhuc
1035 1845 1218 1886 extantis
1240 1844 1571 1885 amantissimum
1595 1844 1679 1884 ani-

240 1918 352 1944 mum
382 1902 802 1958 liberalissimamque
842 1903 1071 1945 amiciciam
1116 1906 1316 1957 expertus
1346 1901 1498 1943 fuerat.
1559 1900 1678 1944 Adeo

241 1962 395 2017 quippe
436 1961 708 2003 miserrimam
739 1961 1027 2004 Frothoniane
1067 1959 1196 2001 cladis
1234 1959 1460 2014 imaginem
1492 1960 1576 2001 alte
1608 1973 1679 2014 pe-

240 2019 344 2061 ctori
384 2020 583 2061 insertam
624 2019 820 2073 gerebat,
864 2023 910 2060 ut
951 2019 1005 2060 ab
1045 2018 1189 2059 intimo
1230 2017 1549 2073 precordiorum
1590 2017 1678 2058 eius

239 2091 412 2119 secessu
457 2077 675 2118 clarissimi
707 2077 823 2119 ducis
854 2081 1070 2133 respectus
1103 2075 1282 2118 conuelli
1312 2075 1520 2130 nequiret,
1552 2078 1676 2131 atque

241 2136 295 2177 ob
342 2135 422 2176 hoc
467 2135 651 2190 presenti
696 2135 902 2187 beneficio
948 2135 1122 2188 pristine
1166 2132 1458 2174 familiaritatis
1508 2133 1677 2174 titulum

240 2197 502 2248 anteponere
531 2206 618 2234 non
650 2192 874 2235 dubitaret.
936 2192 1133 2234 Ceterum
1164 2191 1393 2247 superioris
1427 2191 1676 2233 contumelie

239 2250 444 2293 memoria
476 2249 576 2291 nihil
607 2251 749 2306 gracie
780 2252 972 2306 sequenti
1005 2250 1209 2304 obsequio
1241 2247 1447 2302 reddidit,
1495 2248 1677 2291 lacessiti

239 2309 412 2364 pudoris
452 2308 728 2362 ignominiam
769 2308 979 2364 deponere
1019 2308 1235 2363 nequiens.
1297 2305 1526 2360 (Tenacius
1567 2307 1675 2348 enim

239 2367 487 2408 iniuriarum
517 2367 584 2407 uel
616 2366 915 2408 beneficiorum
956 2365 1162 2421 imagines
1208 2365 1386 2406 forcium
1417 2378 1542 2419 quam
1572 2365 1674 2405 mol-

239 2425 340 2466 lium
372 2424 520 2466 animis
550 2424 743 2466 inherere
774 2421 1120 2477 consueuerunt.)
1181 2421 1331 2477 Neque
1363 2422 1472 2463 enim
1510 2422 1675 2464 illorum

240 2482 427 2524 insueuit
465 2482 675 2535 moribus,
718 2482 789 2536 qui
829 2483 1056 2524 amicorum
1093 2493 1341 2536 prosperum
1383 2480 1467 2521 uite
1508 2492 1674 2521 cursum

242 2540 509 2592 comitantur,
541 2539 767 2582 aduersum
791 2539 1005 2591 deserunt,
1031 2538 1186 2594 quique
1206 2537 1372 2579 fortune
1394 2537 1527 2591 magis
1550 2551 1675 2592 quam

174 2611 211 2639 40
243 2597 406 2640 caritati
444 2597 603 2640 cultum
643 2596 856 2651 tribuunt,
894 2597 1074 2654 propriis
1119 2594 1344 2638 commodis
1385 2608 1508 2651 quam
1539 2594 1676 2636 aliene
