1884 3126
73 910 109 937 w

73 1202 111 1229 15

74 1492 112 1519 Q)

77 1782 113 1809 25

80 2073 116 2099 30

701 268 754 273 -—
817 244 906 287 VII
968 272 1019 278 —d
1507 254 1583 294 241

279 371 472 414 Audiens
506 376 648 414 autem
679 373 790 428 regis
824 374 950 416 filiam
980 376 1217 432 longinquis
1259 379 1467 421 occlusam
1499 380 1590 421 lati-

141 431 277 484 bulis,
322 430 515 489 omnibus
557 431 715 486 ingenii
746 433 884 474 neruis
917 432 969 474 ad
1003 448 1093 475 eam
1125 436 1460 491 inuestigandam
1494 452 1590 479 con-

143 488 289 531 tendit.
354 488 447 536 Quo
479 490 646 543 euenit,
680 496 740 543 ut,
774 489 873 531 dum
905 491 995 545 ipse
1028 506 1199 548 quoque
1239 495 1441 537 lustrandi
1481 497 1590 538 inter

142 547 247 589 alios
272 546 411 588 officio
439 547 704 602 fungeretur,
736 548 998 599 subterranei
1031 552 1252 593 murmuris
1283 567 1430 595 sonum
1463 553 1590 596 dubia

140 605 288 662 procul
316 616 423 647 'aure
455 605 684 661 colligeret.
743 606 862 648 Tunc
894 609 1048 649 sensim
1081 623 1331 664 progressus
1363 612 1590 654 cerciorem

143 664 328 706 humane
372 664 487 706 uocis
531 664 720 706 habitum
768 664 1061 720 deprehendit.
1128 667 1318 724 Cumque
1358 670 1591 712 subiectam

141 722 322 778 pedibus
363 722 539 763 humum
570 723 622 764 ad
657 722 838 765 solidum
868 723 952 765 fodi
984 724 1197 777 iussisset,
1237 727 1374 769 subito
1416 733 1589 783 patente

144 795 276 823 cauea
298 780 560 823 cuniculatos
583 780 886 823 animaduertit
911 782 1140 825 anfractus.
1183 783 1418 827 Trucidatis
1450 787 1591 842 itaque

142 839 332 892 famulis,
375 839 474 880 dum
515 838 705 881 detectos
748 840 856 881 antri
894 840 1034 882 aditus
1066 842 1176 883 tueri
1218 844 1409 898 cupiunt,
1450 845 1591 899 puella

142 912 237 939 cum
276 897 472 953 repositis
514 898 619 938 inibi
662 898 806 953 spoliis
855 912 958 939 cauo
1008 900 1256 942 extrahitur.
1320 901 1412 949 Que
1454 917 1592 944 rerum

143 955 196 997 ad
227 955 401 997 modum
434 955 613 1011 prouida
655 957 813 1011 patrios
854 956 1065 998 duntaxat
1097 972 1217 1000 enses
1249 960 1491 1002 secrecioris
1525 974 1593 1002 cu-

143 1013 281 1055 stodie
312 1017 550 1055 tutamento
584 1013 829 1057 tradiderat.
873 1013 967 1060 Hec
999 1030 1023 1056 a
1051 1015 1249 1058 Gunnaro
1283 1022 1475 1072 stuprum
1509 1019 1594 1073 pati

144 1077 315 1123 coacta,
361 1072 497 1114 filium
543 1078 740 1127 procreat
785 1072 1066 1127 Hildigcrum.
1132 1074 1211 1115 Cui
1256 1079 1373 1117 tanta
1419 1081 1591 1131 paterne

147 1130 406 1172 crudelitatis
439 1130 644 1173 emulacio
675 1130 775 1183 fuit,-
819 1135 865 1172 ut
898 1131 1064 1172 cedium
1104 1145 1270 1187 semper
1316 1138 1521 1188 appetens
1553 1139 1593 1175 et

145 1188 336 1230 humanis
359 1189 499 1230 solum
530 1189 716 1230 intentus
750 1188 940 1243 excidiis,
971 1189 1172 1231 immensa
1203 1190 1407 1232 fundendi
1435 1192 1592 1233 cruoris

146 1246 341 1302 cupidine
385 1247 628 1302 suspiraret.
693 1247 829 1302 Igitur
863 1248 916 1288 ob
948 1247 1235 1290 intolerabiles
1268 1249 1423 1291 seuicie
1456 1263 1593 1290 mores

145 1319 169 1346 a
192 1309 310 1361 patre
342 1306 617 1361 proscriptus,
649 1320 833 1360 moxque
866 1305 918 1346 ab
942 1306 1100 1347 Aluero
1133 1303 1367 1361 tylrannide
1402 1307 1592 1360 donatus,

145 1363 343 1405 finitimos
378 1363 496 1405 bellis
528 1377 576 1405 ac
610 1363 785 1405 oedibus
828 1363 1083 1419 implicando
1116 1378 1238 1405 omne
1272 1365 1395 1406 etatis
1429 1370 1594 1419 tempus

145 1421 271 1463 armis
304 1421 460 1477 exegit,
490 1421 680 1475 nihilque
712 1421 829 1463 exilii
861 1422 1108 1464 condicione
1141 1437 1194 1463 ex
1226 1427 1425 1464 consueto
1451 1422 1595 1464 crudo-

145 1480 274 1521 litatis
307 1479 452 1521 habitu
484 1480 727 1532 remittens,
778 1480 964 1521 animum
996 1495 1091 1522 oum
1123 1480 1214 1521 loco
1249 1484 1412 1522 mutare
1444 1494 1592 1535 passus

147 1552 232 1579 non
266 1541 341 1580 est.
437 1588 440 1592 ι
567 1585 571 1587 ‚

285 1595 455 1638 Interea
488 1596 722 1649 Borcarus,
755 1594 969 1650 Regnaldi
1002 1595 1084 1636 filie
1116 1595 1251 1637 Drote
1283 1596 1594 1638 matrimonium

146 1667 223 1709 per
264 1655 351 1695 uim
392 1669 417 1695 a
447 1654 659 1704 ¹Grunnaro
708 1659 961 1708 occupatum
1009 1659 1234 1709 expertus,
1282 1655 1460 1708 coniuge
1500 1668 1594 1695 eum

147 1712 318 1767 uitaque
349 1713 490 1768 priuat
521 1727 569 1754 ac
601 1713 681 1754 sibi
705 1712 881 1754 Drotam
919 1711 1128 1753 connubio
1153 1713 1299 1754 sociat.
1344 1712 1436 1760 Quo
1463 1712 1594 1753 eciam

146 1784 245 1825 egre
277 1770 440 1825 nupciis
474 1785 648 1813 assensa
681 1784 764 1811 non
798 1775 884 1823 est,
930 1770 1043 1826 quod
1074 1770 1262 1825 parentis
1294 1770 1474 1811 ultorem
1505 1770 1595 1810 iuro

150 1829 422 1884 complexura
462 1829 692 1871 uideretur.
754 1827 904 1883 Neque
946 1829 1055 1869 enim
1097 1828 1278 1882 lugentis
1318 1832 1481 1883 patrem
1514 1828 1595 1868 filie

148 1887 237 1928 eius
260 1887 522 1931 interfectori
546 1887 830 1942 uoluptuosus
852 1890 1021 1941 poterat
1044 1886 1336 1941 obtemperare
1354 1900 1593 1927 consensus.

149 1944 289 1986 Huius
322 1945 560 2001 Bocarique
591 1946 702 1987 filius
735 1944 959 1986 Haldanus
991 1944 1086 1998 fuit3
1120 1944 1237 1985 cuius
1268 1945 1442 1986 iuuente
1473 1944 1596 1991 inicia

149 2003 393 2045 stoliditatis
417 2004 618 2058 opinione
645 2002 801 2045 referta
831 2002 962 2055 fuere,
995 2016 1174 2057 sequens
1197 2016 1297 2044 uero
1320 2006 1407 2044 etas
1430 2002 1594 2055 fulgen-

147 2061 317 2103 tissimis
341 2076 518 2118 operum
546 2061 780 2116 insignibus
812 2060 983 2102 illustris
1016 2061 1164 2113 euasit,
1197 2060 1476 2114 maximisque
1510 2060 1593 2100 uite

150 2122 408 2162 ornamentis
449 2120 656 2170 inclaruit.
719 2119 982 2160 Adolescens
1015 2118 1203 2174 pugilem
1246 2118 1428 2172 ingenue
1471 2117 1594 2170 fame,

150 2177 265 2232 quod
295 2177 349 2219 ab
381 2192 431 2220 eo
474 2177 691 2233 pueriliter
731 2176 938 2219 obludens
987 2176 1165 2231 colapho
1206 2189 1429 2230 percussus
1472 2180 1594 2227 esset,

151 2235 398 2289 gestamine,
430 2236 544 2290 quod
576 2236 618 2277 in
651 2249 777 2276 manu
810 2234 1006 2286 habebat,
1037 2234 1215 2289 petitum
1250 2234 1470 2288 oppressit.
1505 2232 1595 2280 Quo

150 2292 263 2335 facto
309 2293 474 2335 futuros
522 2308 699 2349 operum
747 2293 892 2334 titulos
939 2289 1221 2347 auspicatu<s>
1266 2291 1463 2345 preterite
1509 2290 1594 2330 uite

112 2374 119 2388 ›
152 2356 442 2408 contemptum
474 2353 516 2394 in
548 2351 853 2407 amplissimum
884 2350 1100 2405 sequentis
1134 2349 1345 2403 fulgorem
1371 2347 1593 2388 conuertit.

152 2408 216 2450 Ea
249 2410 406 2465 quippe
448 2424 514 2452 res
557 2410 803 2451 bellicorum
845 2408 933 2449 eius
974 2408 1200 2463 insignium
1232 2402 1596 2460 magnitudinem*

153 2472 362 2522 augurata
394 2473 469 2509 est.
1119 2495 1121 2497 -

292 2524 355 2567 Ea
401 2530 657 2581 tempestate
696 2524 860 2576 Rotho,
906 2523 1170 2565 Rutenorum
1217 2521 1373 2576 pirata,
1419 2519 1595 2574 patriam

154 2587 340 2625 nostram
362 2584 510 2639 rapine
529 2589 570 2624 et
588 2583 848 2625 crudelitatis
870 2581 1030 2622 iniuriis
1052 2578 1317 2636 profligabat.
1359 2578 1486 2619 Cuius
1509 2582 1596 2618 tam

85 2654 122 2681 40
152 2641 327 2697 insignis
357 2642 590 2683 atrocitatis
624 2645 739 2693 erat,
760 2645 820 2695 ut,
853 2639 1002 2695 ceteris
1025 2643 1213 2680 extreme
1236 2640 1454 2691 captorum
1476 2634 1596 2675 nudi-

224 2710 303 2747 quo
323 2715 557 2742 Granunuueus.
1421 2705 1458 2739 lG

1631 2470 1772 2499 Lxxu-
