1884 3126
34 930 67 958 10

32 1221 66 1249 15

31 1513 68 1540 20

32 1804 69 1831 25

34 2094 72 2122 30

36 2382 73 2410 35

37 2675 73 2703 40

641 284 697 290 -
756 258 896 302 XIIII
954 285 1011 292 -
1469 259 1549 300 531

101 387 369 431 obsidionem
413 389 587 431 amouit.
659 388 754 430 Hec
801 403 895 430 cum
943 388 1107 430 Eskillo
1155 388 1357 430 nunciata
1399 387 1554 442 forent,

97 448 332 504 respondit,
365 448 567 489 maiorem
601 462 645 489 se
678 448 794 489 urbis
827 462 956 503 quam
982 452 1187 503 nepotum
1220 447 1555 489 sollicitudinem

97 519 263 561 gerere,
296 505 409 546 haud
452 519 662 561 quaquam
706 506 831 547 huius
872 506 1158 547 incolumitati
1206 505 1375 547 illorum
1417 505 1556 560 capita

97 563 374 618 prelaturum.
436 564 576 619 Igitur
609 578 702 617 rex,
735 565 891 606 iterata
923 563 1162 619 obsidione,
1195 564 1321 605 aliam
1354 563 1435 605 sibi
1464 577 1553 604 mu-

97 622 334 677 nicionem,
375 636 451 677 per
493 637 618 678 quam
654 622 838 664 obsessis
870 623 1033 665 arccius
1064 622 1326 676 immineret,
1365 621 1555 676 edificat3

98 681 298 735 quoniam
331 682 373 722 in
406 680 623 723 absentem
648 680 943 722 aduersarium
967 680 1106 723 seuire
1129 695 1213 722 non
1237 680 1370 735 licuit,
1403 679 1554 721 aduer-

97 752 190 780 sum
238 739 420 780 nominis
464 739 552 781 eius
594 738 839 782 defensores
882 740 1111 781 acerrimos
1154 740 1216 780 ire
1256 752 1333 780 sue
1377 743 1555 780 conatus

98 810 327 839 exacuens.
405 797 594 839 Maxima
645 797 855 853 siquidem
906 797 1105 852 pociendi
1158 797 1318 838 castelli
1368 810 1465 852 spes
1512 798 1555 838 in

98 855 266 910 hyemis
298 855 458 896 auxilio
492 856 804 911 reponebatur,
837 856 1026 910 aditum,
1057 870 1182 911 quem
1214 855 1329 896 unda
1361 860 1554 910 negaret,

97 913 235 967 glacie
277 919 491 969 paratura.
561 914 679 955 Inter
726 915 804 956 hec
849 914 1019 956 iuuenis
1066 928 1216 969 parum
1264 913 1483 968 cognitus,
1531 928 1554 954 a

99 971 252 1026 quibus
270 972 412 1014 nescio
437 972 707 1025 subornatus,
731 972 877 1014 literas
896 973 1145 1014 adulterinis
1163 972 1274 1014 notis
1294 971 1555 1026 obsignatas,

100 1036 302 1085 tanquam
336 1031 390 1071 ab
421 1030 586 1072 Eskillo
618 1032 912 1083 transmissas,
949 1030 1140 1082 Gerardo
1172 1030 1349 1072 obtulit.
1390 1030 1554 1084 iubens,

100 1094 146 1128 ut
182 1103 255 1143 per
302 1103 399 1130 cum
442 1089 626 1131 obsessis
668 1090 1003 1145 porrigerentur.
1079 1089 1196 1138 Quas
1237 1089 1305 1130 ille
1342 1089 1554 1141 continuo,

99 1146 215 1187 nulla
247 1146 334 1189 doli
365 1148 609 1203 suspicione
640 1159 868 1203 concepta,
911 1161 987 1202 per
1031 1147 1302 1189 familiarium
1342 1146 1555 1202 quendam

101 1204 192 1245 urbi
235 1205 478 1247 inferendas
523 1207 700 1247 curauit.
776 1206 940 1247 Harum
983 1206 1113 1247 series
1145 1206 1354 1257 habebat,
1396 1206 1555 1246 maiore

100 1262 310 1304 Eskillum
357 1265 525 1320 nepotis
572 1279 700 1320 quam
741 1265 857 1306 urbis
901 1264 1076 1306 caritate
1122 1264 1276 1314 teneri,
1318 1274 1555 1319 parumque

101 1321 177 1362 sibi
222 1322 376 1363 milites
419 1323 672 1379 placituros,
715 1323 747 1364 si
790 1323 849 1364 rei
881 1323 1078 1377 ignobilis
1120 1337 1265 1364 curam
1297 1321 1555 1377 pertinacius

101 1381 288 1433 gerendo
323 1380 573 1422 nobilissimi
614 1381 898 1423 adolescentis
942 1381 1122 1422 salutem
1161 1380 1391 1436 periclitari
1435 1386 1554 1434 pate-

100 1444 258 1488 rentur,
292 1452 420 1494 quam
452 1440 507 1482 ob
539 1454 629 1482 rem
660 1440 805 1482 iubere
828 1454 884 1488 se,
919 1440 1104 1480 exicium
1128 1441 1218 1481 eius
1242 1443 1452 1480 maturata
1484 1438 1555 1479 de-

102 1495 267 1539 dicione
299 1499 501 1552 precurri.
565 1498 687 1546 Quod
735 1513 836 1540 uero
879 1498 1097 1553 superiore
1141 1499 1343 1539 mandato
1378 1497 1554 1537 tutelam

99 1555 215 1596 urbis
267 1556 551 1597 incolumitati
602 1557 770 1612 nepotis
819 1556 1115 1612 preferendam
1171 1555 1432 1608 decreuerit,
1481 1555 1555 1607 ire,

99 1627 183 1655 non
218 1613 544 1655 deliberacionis
576 1614 707 1656 fuisse
730 1621 996 1670 preceptum.
1060 1615 1269 1656 Perloctis
1302 1614 1448 1666 literis,
1483 1626 1556 1668 op-

99 1670 248 1726 pidani
279 1671 487 1714 liberandi
520 1672 677 1714 obsidis
709 1673 930 1714 consilium
965 1673 1364 1728 circunspiciebant.
1413 1671 1556 1712 Incer-

102 1736 206 1782 tum,
241 1731 333 1785 quis
367 1731 592 1772 commenti
627 1731 752 1772 huius
785 1736 933 1772 auctor
966 1732 1176 1784 extiterit3
1219 1745 1365 1785 regem
1412 1737 1555 1771 tamen

103 1788 387 1842 complurium
419 1789 603 1844 suspicio
636 1790 818 1831 notauit.
879 1790 1050 1831 Interea
1081 1804 1179 1843 rex,
1225 1794 1369 1831 erecto
1403 1801 1557 1842 magne

101 1846 264 1888 arboris
310 1855 483 1901 trunco,
530 1847 751 1888 admotum
796 1848 988 1889 obsidem
1039 1847 1213 1890 defense
1261 1847 1377 1888 urbis
1424 1860 1556 1902 penas

102 1904 330 1959 suspendio
377 1906 455 1946 sibi
504 1905 706 1946 luiturum
750 1906 988 1948 simulabat.
1051 1905 1144 1954 Quo
1188 1905 1359 1957 audito,
1404 1904 1557 1945 Gerar-

103 1962 182 2003 dus
235 1977 328 2003 cum
382 1963 616 2005 domestico
671 1965 967 2019 religiosorum
1020 1970 1119 2006 cetu
1172 1964 1225 2006 ad
1271 1976 1414 2018 regem
1461 1976 1556 2017 pro-

104 2020 246 2074 cessit,
276 2032 280 2071 ι
310 2019 382 2075 [ei]
416 2021 683 2063 eiulabundis
725 2022 900 2064 uocibus
943 2023 1191 2078 deprecans,
1225 2021 1441 2075 municipii
1478 2020 1557 2061 sibi

103 2078 341 2133 ingressum
371 2081 571 2134 permitti,
594 2081 950 2136 suppliciumque,
973 2080 1111 2136 quoad
1135 2081 1232 2122 inde
1255 2083 1557 2128 reuerteretur,

104 2137 274 2179 differri.
349 2137 470 2191 Rex,
510 2138 809 2180 alienissimam
852 2139 930 2180 sibi
974 2139 1266 2182 crudelitatem
1310 2137 1557 2179 simulanter

104 2196 342 2250 amplexus,
364 2196 539 2237 tandem
560 2197 729 2252 rogatui
753 2197 889 2249 cessit,
911 2196 1111 2252 prefatus,
1143 2199 1186 2238 ni
1211 2197 1313 2238 urbe
1334 2196 1559 2251 potiretur,

105 2253 295 2294 obsidem
335 2254 584 2309 periturum.
649 2254 882 2297 Conuentis
916 2256 1162 2311 oppidanis,
1195 2253 1423 2304 Gerardus‚
1455 2252 1555 2307 quid

104 2311 295 2352 mandati
326 2312 456 2353 literis
488 2313 748 2368 receperint,
782 2314 999 2369 perquirit.
1062 2313 1121 2355 Vt
1154 2313 1381 2368 cognouit,
1413 2310 1556 2352 adole-

104 2371 263 2424 scentis
314 2370 437 2425 capiti
487 2371 711 2413 dedicione
763 2372 1072 2413 consulendum
1117 2371 1274 2423 iuberi,
1321 2369 1556 2425 parendum

105 2427 315 2482 hortatus,
349 2428 502 2480 effecit,
535 2434 580 2470 ut
613 2429 839 2485 oppidani,
883 2444 959 2471 sua
1000 2444 1049 2471 ac
1081 2444 1220 2472 rerum
1267 2427 1558 2469 incolumitate

104 2490 244 2541 pacta,
276 2500 459 2528 uacuum
491 2487 583 2541 regi
615 2488 887 2542 municipium
921 2488 1151 2530 traderent.
1214 2488 1281 2528 lta
1327 2485 1557 2540 religiosis-

105 2544 198 2584 simi
250 2545 421 2599 spiritus
472 2545 748 2586 circunuenta
799 2545 1046 2601 simplicitas
1090 2545 1215 2587 finem
1261 2544 1396 2600 prelio
1444 2543 1556 2584 fecit.

107 2602 203 2643 Hec
234 2603 479 2644 audientem
501 2602 711 2644 Eskillum
743 2603 847 2644 nihil
878 2605 1020 2658 egrius
1052 2617 1251 2658 umquam
1277 2602 1439 2656 tulisse,
1461 2615 1557 2657 pro-

105 2661 238 2701 ditum
272 2664 348 2702 est.
412 2660 490 2709 Qui
526 2666 667 2703 tamen
700 2666 795 2717 post
827 2662 1022 2715 modum,
1054 2661 1262 2717 premissa
1289 2659 1404 2716 pacis
1442 2660 1558 2714 lega·

1351 2728 1418 2765 34*

1613 2042 1640 2066 p.
1661 2032 1713 2060 772
