1884 3126
279 910 314 936 10

275 1197 311 1224 15

273 1484 310 1511 20

270 1772 306 1799 25

270 2060 307 2088 30

269 2349 363 2390 35q

270 2636 307 2664 40
337 2621 487 2679 baltu'r,
551 2623 660 2672 Quin
692 2624 821 2664 eciam
853 2627 1017 2664 tantum
1050 2622 1231 2678 stuporis
1254 2622 1391 2664 animo
1417 2627 1698 2677 contraxerat,
1720 2629 1768 2666 ut
1827 2642 1831 2653 ·

355 256 436 298 622
885 272 934 278 —-
995 247 1131 290 XIIII
1190 273 1244 279 --

353 379 540 436 petor'et,
578 376 893 428 adducendum,
925 374 1113 426 iurabat,
1153 375 1247 429 plus
1290 390 1312 415 a
1345 388 1390 416 sc
1429 378 1566 416 metus
1597 374 1637 415 in
1671 375 1779 429 regis

354 437 523 486 offensa,
548 448 671 489 quam
694 433 708 486 Η
733 434 823 487 opis
840 433 880 472 iu
900 432 1131 486 cuiuspiam
1149 432 1381 497 patrocinio
1401 434 1561 487 reponi,
1578 433 1777 487 prefatus.
1834 442 1884 474 (35

351 494 552 535 Preterea
591 490 804 531 fortuitam
837 489 961 542 sigilli
994 490 1059 530 sui
1090 490 1361 531 amissionem
1385 493 1594 555 causatus,
1626 491 1782 532 emulo-

350 564 441 591 rum
465 552 712 599 commento,
731 547 994 588 occasionem
1011 561 1062 587 ex
1081 546 1291 588 eiusdem
1282 548 1532 588 inuencione
1549 552 1780 600 nactorum,

349 607 534 648 inimicas
565 605 655 659 regi
686 604 827 645 literas
850 618 925 645 suo
947 604 1117 645 nomine
1140 605 1340 645 confictas
1365 605 1650 647 asseuerabat.
1696 581 1780 646 Sed

350 663 578 715 Absalone,
609 661 774 702 tametsi
806 661 986 702 oriminis
1018 664 1111 702 acta
1143 662 1197 702 ab
1221 675 1271 702 eo
1296 662 1503 703 confessio
1532 662 1657 712 foret,
1681 663 1779 704 nihil

349 720 641 771 commissum,
674 732 756 773 quo
798 718 934 759 minus
965 719 1192 760 inuiolatus
1225 719 1482 773 discederet,
1515 721 1778 763 constancius

347 782 574 828 asserente,
606 777 750 818 sociali
783 776 900 816 illum
922 776 1201 830 nauigacione
1233 777 1509 832 prosequitur,
1543 779 1634 832 plus
1657 779 1777 820 amici

346 835 513 876 monitis
556 848 682 889 quam
721 835 891 888 proprio
935 834 1084 888 pauori
1124 833 1358 888 indulgens.
1420 834 1498 876 Cui
1530 850 1630 888 rex,
1669 837 1779 878 omni

344 892 509 934 Danica
539 891 756 932 nobilitate
788 892 982 946 stipatus,
1014 891 1125 946 apud
1159 892 1303 932 uillam
1326 892 1457 948 Wiby
1489 893 1566 934 sibi
1595 907 1670 948 per
1691 894 1777 935 Ab-

346 950 533 991 salonem
581 949 746 1000 oblato,
792 962 935 990 mense
982 963 1100 990 sacra
1148 950 1452 992 communicare
1493 964 1644 1005 passus
1694 966 1779 993 non

348 1012 420 1058 est,
451 1021 502 1048 ne
535 1007 759 1048 conuiuam
806 1006 971 1060 agendo
999 1009 1003 1056 Ι
1036 1006 1239 1048 offensam
1286 1007 1500 1063 deponere
1545 1008 1774 1052 uideretur.
1832 1016 1884 1050 με

347 1065 484 1112 Quem
516 1064 582 1105 die
612 1069 782 1118 postero
816 1063 868 1104 ad
891 1065 1134 1106 concionem
1167 1069 1383 1118 uocatum,
1415 1079 1586 1107 suorum
1619 1067 1659 1107 in
1677 1081 1776 1108 eum

344 1122 605 1176 benignitate
638 1122 847 1176 exposita,
881 1122 1108 1163 maiestatis
1133 1137 1251 1163 icum
1273 1137 1400 1177 agere
1423 1123 1548 1178 cepit,
1580 1125 1778 1179 pietatem

342 1179 566 1235 parricidio
597 1178 827 1233 rependere
857 1178 1046 1245 auidum,
1078 1180 1191 1234 quod
1224 1181 1312 1222 eius
1343 1181 1445 1235 fuga
1467 1196 1548 1223 non
1570 1182 1780 1224 uiolenter

343 1239 526 1292 ingesta,
568 1237 640 1278 sed
683 1250 708 1276 a
749 1237 838 1277 solo
887 1238 1144 1279 consciencie
1187 1243 1307 1279 reatu
1349 1239 1541 1304 profecta
1587 1245 1780 1281 recenter

342 1294 587 1360 prodiderit.
649 1294 716 1334 Ad
749 1294 826 1336 hec
858 1294 1057 1349 Magnus,
1090 1310 1136 1337 se
1158 1310 1242 1337 non
1263 1296 1494 1361 cuiuspiam
1526 1297 1681 1350 delicti,
1704 1297 1777 1338 sed

342 1353 513 1394 minacis
545 1352 683 1393 nuncii
717 1365 795 1406 per
825 1351 1105 1393 Benedictum
1147 1353 1308 1418 accepti
1334 1354 1534 1420 impulsu
1565 1330 1776 1397 dilab’endi

344 1410 561 1452 consilium
604 1410 786 1464 cepisse,
829 1414 1030 1461 testatur,
1071 1411 1187 1465 regie
1228 1411 1477 1466 suspicionis
1517 1410 1720 1454 causam*
1751 1419 1884 1454 eclx]

340 1468 572 1522 longinquo
619 1468 755 1508 tucius
799 1472 1076 1523 spectaturus.
1148 1468 1349 1509 Pieterea
1395 1470 1537 1510 mirari
1582 1484 1649 1521 se,
1692 1484 1773 1526 quo

340 1533 465 1591 pacto
498 1539 572 1566 rex
604 1525 899 1591 propinquum,
933 1539 1054 1591 quem
1096 1527 1207 1567 omni
1239 1527 1528 1568 familiaritatis
1559 1529 1649 1569 iure
1679 1542 1775 1583 pro-

340 1584 458 1639 sequi
505 1591 807 1637 consueuerat,
853 1584 1035 1624 inanium
1083 1585 1370 1649 suspicionum
1411 1585 1537 1626 ductu
1578 1587 1775 1641 persequi

340 1642 559 1683 sustineat.
622 1639 780 1681 Contra
811 1655 885 1682 rex
919 1642 998 1682 hoc
1029 1656 1127 1683 eum
1157 1643 1459 1708 ingiacioiem,
1491 1657 1574 1698 quo
1607 1644 1782 1685 mcrit0—·

339 1714 433 1740 rum
464 1713 635 1740 suorum
667 1712 714 1738 n
707 1699 1038 1764 gligenciorem,
1071 1704 1275 1752 astruere,
1309 1706 1348 1741 et
1370 1701 1410 1742 in
1442 1700 1619 1755 perfidie
1650 1715 1774 1756 argu-

337 1762 526 1799 mentum
559 1756 819 1810 supradictas
851 1757 981 1811 ipsius
1008 1757 1223 1811 epistolas,
1255 1771 1432 1812 quarum
1454 1759 1585 1800 altera
1616 1761 1772 1812 clausa,

340 1816 473 1856 altera
517 1818 662 1869 aperta
703 1814 1027 1869 obsignabatur,
1071 1816 1109 1855 in
1151 1829 1373 1856 commune
1413 1816 1624 1871 proferre3
1671 1830 1773 1871 quas

341 1873 471 1914 eciam
503 1886 577 1927 per
599 1877 814 1926 presentes
836 1873 1056 1927 pontifices
1079 1873 1323 1914 circumferri
1346 1877 1399 1927 ct,
1432 1888 1484 1914 an
1506 1888 1607 1916 uero
1632 1874 1774 1929 Magni

340 1930 554 1984 signaculo
588 1930 724 1972 obsite
756 1935 907 1980 essent,
939 1930 1141 1972 curiosius
1173 1932 1365 1972 annotari
1398 1933 1599 1986 precepit.
1647 1932 1772 1980 Quod

338 1988 672 2043 inspectantibus
723 1989 900 2039 cunctis,
951 1988 1319 2043 adulterinumque
1367 2003 1458 2030 esse
1505 1991 1771 2045 negantibus,

336 2046 503 2087 recitari
535 2060 605 2087 eas
637 2046 679 2085 in
710 2045 877 2100 publico
911 2045 1039 2088 iubet.
1101 2047 1262 2100 Aperta
1292 2046 1586 2089 Scaniensibus
1618 2048 1772 2090 scribe-

338 2103 485 2154 batur,
518 2117 659 2157 regem
702 2117 828 2158 super
867 2104 1146 2158 complurium
1185 2104 1459 2159 oppressione
1497 2105 1770 2159 calumnians,

340 2167 593 2216 cunctosque
615 2161 667 2202 ad
689 2161 842 2202 bellum
860 2175 955 2202 cum
980 2175 1028 2202 eo
1050 2162 1279 2216 gerendum
1303 2161 1546 2215 exhortans,
1568 2162 1770 2216 Magnum

338 2220 568 2274 repetende
605 2219 810 2260 libertatis
850 2223 1065 2260 auctorem
1109 2218 1340 2260 habituros.
1403 2219 1559 2261 Clausa
1601 2219 1652 2261 ad
1686 2220 1771 2262 Ka-

337 2283 485 2318 nutum
527 2281 569 2317 et
600 2277 806 2317 Kal-olum
847 2276 1017 2328 eodem,
1059 2290 1141 2331 quo
1173 2276 1306 2331 prior,
1348 2277 1471 2319 titulo
1513 2279 1770 2333 mittebatur,

367 2348 419 2375 ue
451 2349 521 2377 eos
553 2349 618 2375 res
649 2335 691 2376 in
724 2334 875 2376 Scania
906 2348 1066 2375 nouare
1097 2339 1308 2385 moneret,
1342 2334 1628 2391 Magnumque
1659 2336 1768 2377 idem

339 2392 452 2447 apud
486 2392 638 2433 lutiam
670 2392 876 2433 facturum
907 2393 1195 2447 promitteret3
1229 2391 1288 2433 sic
1308 2406 1453 2446 regem
1474 2394 1632 2435 uiribus
1665 2394 1768 2435 cari-

338 2454 493 2502 turum,
525 2451 730 2491 maiorum
762 2451 879 2504 regni
910 2450 1221 2504 prouinciarum
1256 2450 1421 2491 auxiliis
1451 2451 1505 2492 ad
1528 2465 1625 2492 eum
1657 2465 1769 2492 com-

337 2521 478 2550 meare
527 2508 762 2562 prohibitis.
842 2507 1145 2562 Perlectasquc
1196 2507 1394 2561 epistolas
1440 2508 1620 2562 Magnus
1672 2523 1767 2550 cum

337 2579 539 2621 responso
578 2571 834 2621 excepturus
865 2570 1105 2620 putaretur,
1136 2563 1270 2606 indice
1302 2571 1438 2607 metus
1477 2566 1645 2607 silencio
1679 2571 1767 2608 ute-

674 2727 686 2759 l.
