1884 3126
250 996 279 1021 ’10

245 1333 277 1359 15

238 1678 275 1705 20

237 2061 274 2087 ‘25

237 2396 274 2423 530

312 266 395 309 212

895 264 1177 308 -VI-

587 393 695 435 Fata
726 393 936 436 Frothoni
968 394 1158 436 sobolem
1191 393 1350 436 dedere

584 451 756 493 Editam
790 452 947 493 mundo
980 453 1140 507 superis
1173 453 1362 504 sinistris,

587 509 716 552 Cuius
749 510 948 552 affectum
981 511 1114 552 scelus
1148 516 1190 553 et
1220 510 1351 552 libido

725 567 906 609 Sordida
937 568 1061 624 cepit.

584 660 700 701 Siout
732 660 771 700 in
805 661 904 702 naui
937 661 997 712 fit,
1029 665 1075 700 ut
1108 660 1343 701 obsoletum

586 717 704 758 Feda
735 718 894 759 sentine
926 719 1130 772 gremium
1163 719 1391 772 requirant,

585 775 653 816 Sic
684 775 725 816 in
758 776 965 831 Ingellum
1001 776 1157 817 uioiosa
1194 790 1333 817 rerum

723 833 855 889 Copia
889 834 1023 875 fluxit.

585 928 700 982 Ergo
734 927 956 981 uulgatum
991 925 1149 967 ueritus
1181 926 1380 967 ruborem

584 985 767 1040 Angulis
800 998 968 1040 pressus
1002 984 1136 1039 patrie
1167 984 1322 1025 iacebis

584 1043 795 1098 Tor-pidus
828 1041 926 1083 fedo
959 1042 1047 1082 lare
1078 1055 1155 1082 neo
1188 1041 1397 1083 uidendus

723 1100 906 1155 Agmine
939 1100 1067 1141 claro.

585 1204 709 1246 Sorte
741 1208 830 1245 tum
866 1203 1040 1245 barbam
1072 1203 1240 1259 quaeies
1272 1205 1454 1257 sinistra,

585 1263 925 1304 Concubinarum
959 1262 1137 1304 stimulis
1168 1276 1400 1316 repressus,

586 1320 693 1362 Cum
726 1320 802 1360 tibi
833 1320 977 1374 pellex
1010 1320 1196 1374 querulis
1228 1325 1403 1376 perurat

721 1377 906 1420 Vocibus
940 1392 1100 1419 aurem.

585 1482 688 1523 Cum
722 1495 856 1537 pauor
887 1485 1072 1522 mentem
1104 1480 1269 1534 gelidus
1301 1481 1499 1536 repigret,

582 1539 638 1581 Et
668 1540 798 1595 patris
834 1539 990 1580 uindex
1020 1539 1108 1579 fieri
1141 1540 1348 1589 timesoas,

584 1598 784 1652 Degener
817 1596 954 1651 plane,
982 1597 1216 1652 ,parilisque
1249 1597 1363 1638 serui

721 1655 889 1696 Ritibus
923 1659 1078 1696 exstas.

584 1759 714 1800 Obrui
745 1773 879 1814 paruo
914 1763 1081 1814 poteras
1112 1764 1280 1814 paratu,

582 1817 641 1858 Vt
673 1818 766 1872 quis
798 1822 1010 1872 arreptum
1042 1816 1256 1870 iugularet
1293 1816 1443 1857 hedum

584 1875 670 1916 Aut
703 1890 828 1916 ouem
861 1875 995 1916 cultro
1028 1879 1215 1915 teneram
1249 1874 1429 1916 trucidet

722 1933 906 1974 Gutture
938 1936 1070 1974 secto.

579 2036 691 2079 Eece
724 2038 950 2092 Suertingo
982 2037 1151 2091 genitus
1184 2041 1365 2092 tyranno

580 2095 718 2136 Dania
750 2099 844 2150 post
876 2101 917 2136 te
949 2095 1140 2150 pooietur
1172 2094 1309 2137 heres.

582 2153 712 2194 Cuius
743 2154 940 2207 ignauam
973 2153 1129 2193 retines
1161 2166 1350 2193 sororem

720 2210 884 2252 Fodere
915 2210 1042 2265 turpi.-

580 2314 691 2356 Dum
723 2329 898 2369 grauem
929 2314 1105 2368 gemmis
1136 2313 1395 2368 nitidamque
1428 2313 1541 2354 cultu

581 2372 723 2414 Aureo
755 2373 918 2426 gaudes
950 2372 1165 2414 celebrare
1195 2375 1385 2425 nuptam,

580 2429 669 2472 Nos
701 2430 821 2471 dolor
852 2430 1006 2486 probro
1039 2429 1224 2471 sociatus
1256 2429 1352 2481 urit,

719 2487 879 2569 'l‘urpia
910 2493 1095 2543 questos.

582 2582 764 2639 Quando
796 2596 837 2633 te
869 2605 1045 2647 pieoeps
1077 2591 1208 2646 agitat
1239 2590 1448 2646 uoluptas,

582 2649 745 2691 Anxius
777 2650 897 2691 nobis
929 2652 1092 2691 animus
1122 2648 1272 2705 priolis

1785 2043 1881 2072 hxll·
