1884 3126
267 926 298 951 10

264 1215 297 1242 15

262 2084 298 2112 30

262 2374 299 2401 35

331 267 385 307 54
918 266 1190 308 -ΙΙ-

328 392 559 435 intellexit!
612 392 822 435 Stolidum
854 394 991 435 mariti
1023 409 1205 447 sensum,
1238 395 1308 450 qui
1339 395 1605 450 peruicacem
1629 395 1773 437 uxoris

330 451 578 493 industriam
628 466 711 493 non
765 452 975 505 aduertit,
1033 452 1307 495 transferendi
1359 453 1559 494 connubii
1610 454 1771 508 copiam

329 509 464 551 filialis
497 508 582 550 odii
614 510 754 564 specie
776 510 1042 551 molientem!
1096 510 1199 552 Cum
1226 512 1334 553 enim
1357 512 1474 552 nulla
1496 511 1773 553 muliebribus

330 568 478 608 animis
512 567 665 608 fiducia
696 567 921 621 debeatur,
956 568 988 609 is
1022 571 1140 610 tanto
1173 569 1431 611 stolidiorem
1464 569 1616 610 femine
1647 568 1771 611 fidem

330 625 507 677 detulit,
552 630 709 679 quanto
757 625 921 668 facilius
965 640 1056 667 eam
1098 627 1176 668 sibi
1212 627 1362 681 fidam,
1407 627 1491 668 filio
1530 627 1772 668 insidiosam

328 684 511 739 putauit.
572 683 708 736 Igitur
750 683 1051 738 promissorum
1094 685 1382 740 magnitudine
1426 685 1588 726 excitus
1619 685 1771 737 Roluo,

330 756 421 782 eum
445 740 572 783 Atisli
594 741 702 783 forte
725 746 901 796 penates
923 742 1136 796 ingressus
1160 743 1212 784 ob
1235 743 1430 784 absencie
1455 742 1773 784 diuturnitatem

330 800 632 853 conuictusque
666 799 1000 841 dissuetudinem
1028 807 1176 855 parum
1210 815 1234 842 a
1265 807 1398 842 matre
1432 805 1772 855 cognosceretur,

328 857 524 899 leniendo
568 858 688 898 famis
734 857 967 899 subsidium
1011 872 1083 913 per
1125 860 1264 900 iocum
1297 864 1444 915 petere
1489 859 1612 913 cepit.
1677 858 1771 906 Qua

330 915 552 970 prandium
585 930 609 957 a
641 930 743 970 rege
773 915 1036 970 poscendum
1070 917 1289 970 hortante,
1321 917 1503 958 laceram
1536 917 1666 958 uestis
1698 931 1772 958 sue

327 979 491 1027 partem
538 987 738 1024 exerens,
784 987 955 1028 operam
999 975 1240 1016 eonsuentis
1285 975 1488 1030 exposcit.
1553 974 1659 1016 Cum
1701 975 1773 1016 ob-

327 1031 511 1074 *seratas
546 1032 688 1073 matris
731 1046 854 1075 aures
894 1032 1091 1086 haberet,
1134 1033 1323 1085 difficile,
1365 1033 1512 1088 inquit,
1545 1046 1691 1074 ueram
1724 1047 1771 1074 ae
1791 1041 1884 1070 xvn

327 1090 504 1131 solidam
528 1090 758 1131 amiciciam
781 1091 966 1144 reperiri,
999 1105 1093 1132 cum
1126 1092 1210 1132 filio
1234 1095 1370 1133 mater
1394 1091 1579 1146 epulum,
1609 1089 1776 1145 f<r>atri

329 1163 450 1190 soror
481 1147 629 1190 suendi
665 1149 909 1203 obsequium
943 1153 1084 1204 neget.
1135 1148 1199 1190 Ita
1221 1149 1363 1190 matris
1397 1163 1538 1191 errore
1561 1149 1774 1203 mulctato,

329 1221 529 1260 mignum
563 1206 697 1247 eidem
732 1212 884 1260 negate
906 1206 1175 1248 humanitatis
1208 1207 1402 1248 rubolem
1436 1207 1590 1249 iniecit.
1639 1207 1774 1254 Quem

330 1279 424 1305 cum
447 1263 610 1305 Atislus
641 1264 749 1306 intel
782 1266 928 1319 epulas
961 1266 1083 1306 matri
1110 1265 1319 1306 discubitu
1342 1266 1530 1306 iunctum
1552 1265 1775 1319 aspicertt,

329 1328 555 1377 utrumque
589 1323 758 1364 lasciuie
791 1323 1033 1378 ineiepans,
1072 1323 1329 1379 impudicum
1370 1323 1508 1364 fratlis
1541 1324 1774 1379 sororisque

330 1395 571 1422 consessum
603 1381 792 1422 asseruit.
852 1381 929 1422 Cui
959 1381 1114 1435 Roluo,
1146 1381 1367 1423 honestum
1397 1382 1439 1422 in
1471 1381 1555 1422 filio
1587 1385 1775 1423 materne

331 1439 515 1480 caritatis
567 1439 838 1493 amplexum,
890 1439 1128 1494 respondit,
1180 1439 1371 1481 lacessite
1412 1439 1666 1494 integritatis
1706 1439 1775 1482 dc-

262 1505 276 1532 *ὲ
329 1497 562 1537 fensionem
604 1497 657 1538 ab
698 1497 930 1538 arctissimo
964 1501 1112 1538 nature
1144 1498 1311 1539 uinculo
1352 1500 1579 1538 mutuatus.
1641 1497 1774 1550 Idem,

329 1554 701 1609 percunctantibus
745 1555 956 1608 conuiuis,
1001 1555 1111 1610 quod
1155 1555 1414 1597 fortitudinis
1457 1569 1588 1609 genus
1626 1556 1776 1598 ceteris

329 1612 582 1664 anteferret,
628 1613 888 1668 pacienciam
925 1613 1174 1655 nominauit.
1222 1613 1513 1666 Interrogatus
1544 1613 1597 1654 ab
1630 1613 1775 1655 iisdem

328 1670 514 1723 Atislus,
562 1670 629 1711 eui
668 1671 929 1725 potissimum
972 1671 1119 1712 uirtuti
1158 1675 1354 1713 uotorum
1390 1684 1560 1711 suorum
1592 1671 1775 1712 studium

333 1728 576 1782 obligasset,
600 1728 867 1770 liberalitatis
890 1728 967 1770 sibi
989 1729 1291 1782 professionem
1315 1728 1491 1783 aptauit.
1533 1727 1776 1794 Exiguntur

266 1808 278 1821 a
332 1786 461 1840 igitur
493 1786 590 1827 hine
621 1787 911 1838 animositatis,
943 1787 1054 1832 inde
1073 1787 1360 1828 munificencie
1392 1790 1535 1840 pacta,
1577 1787 1776 1853 priorque

332 1844 470 1885 Roluo
503 1844 671 1885 uirtutis
703 1841 1053 1909 experimenlturn
1076 1844 1199 1886 edere
1222 1844 1400 1886 iubetur.
1450 1844 1531 1892 Qui
1564 1858 1657 1885 curn
1689 1845 1777 1900 igni
1827 1868 1833 1876 ·

331 1902 629 1956 applicaretm,
655 1903 896 1956 parmulam
918 1902 1041 1957 pa1ti,
1074 1916 1156 1957 qua
1180 1903 1314 1943 aelius
1337 1901 1578 1956 urgebatur,
1612 1902 1775 1956 obiecit,

331 1960 548 2013 alteroque
589 1960 769 2001 laterum
812 1960 1007 2013 defenso,
1051 1960 1257 2015 reliquum
1301 1960 1558 2001 munimento
1597 1974 1776 2002 uacuum

331 2017 452 2058 unico
487 2017 701 2070 paciencie
733 2018 982 2059 duramento
1020 2018 1217 2059 firmauit.
1280 2017 1437 2071 Magna
1475 2017 1555 2057 uiri
1586 2018 1775 2071 solercia,

329 2074 513 2116 leniendi
556 2075 719 2116 ardoris
762 2075 992 2130 presidium
1035 2090 1060 2116 a
1106 2076 1255 2131 clypeo
1300 2075 1552 2125 mutuantis,
1596 2080 1642 2117 ut
1680 2075 1776 2117 inde

331 2133 524 2187 exposito
568 2133 746 2175 flammis
788 2133 954 2189 corpori
995 2138 1301 2188 propugnaret,
1343 2132 1454 2173 unde
1491 2132 1627 2174 eidem
1668 2134 1777 2175 inter

332 2190 558 2232 stridencia
599 2192 848 2247 quandoque
887 2191 973 2234 tela
1004 2192 1288 2233 consuluisset.
1351 2189 1478 2232 Estus
1511 2194 1651 2233 tamen
1683 2192 1776 2233 telis

332 2249 481 2302 aerior,
514 2262 607 2289 cum
639 2250 843 2291 uallatam
875 2250 1025 2305 clypeo
1048 2254 1211 2304 partem
1234 2262 1482 2305 expugnare
1512 2263 1595 2290 non
1620 2253 1777 2304 posset,

333 2306 545 2348 defectum
577 2308 806 2349 munimine
838 2307 948 2348 latus
979 2307 1146 2350 inuasit.
1210 2307 1345 2355 Quem
1378 2305 1652 2362 pedissequa,
1697 2321 1775 2362 que

331 2364 439 2405 forte
472 2368 644 2419 propter
667 2364 681 2418 Η
704 2365 844 2406 secum
876 2364 1061 2417 astabat,
1105 2365 1358 2407 intolerabili
1390 2367 1596 2406 costarum
1628 2365 1775 2406 ardore

332 2423 480 2463 torreri
512 2423 793 2477 conspiciens,
838 2425 982 2476 egesta
1014 2422 1123 2464 dolio
1156 2422 1392 2477 elepsedra,
1437 2421 1530 2464 fuso
1562 2423 1775 2463 flammam

331 2479 504 2520 humore
527 2480 695 2534 sopiuit
718 2480 961 2535 mediasque
982 2480 1162 2522 incendii
1179 2494 1308 2545 penas
1334 2480 1585 2534 tempestiuo
1603 2480 1776 2534 liquoris

332 2537 531 2578 beneficio
573 2539 783 2592 repressit.
855 2537 992 2578 Roluo
1035 2538 1249 2592 paciencie
1286 2538 1647 2580 consummacione
1687 2538 1774 2579 lau-

331 2595 467 2638 datui.
515 2594 617 2638 Post
648 2595 725 2637 hec
755 2595 883 2638 Atisli
915 2609 1088 2638 munera
1119 2596 1403 2652 requiruntur.
1452 2595 1611 2637 Ferunt
1642 2595 1773 2649 ill-um,

1808 2381 1877 2414 (30)
