1884 3126
153 907 190 934 10

155 1199 191 1227 15

155 1489 193 1517 20

154 2070 191 2097 30

154 2362 190 2389 35

819 234 1085 277 —V—
1592 243 1671 283 165

225 361 431 418 spoliatus
462 362 616 418 fuerat,
649 377 703 406 ex
734 364 1048 420 prouocacione
1079 366 1320 409 lacessitum
1353 368 1517 412 occidit.
1579 369 1673 418 Quo

224 421 411 463 facinore
436 436 564 477 supra
584 422 757 465 modum
779 423 929 477 elatus,
962 437 1185 479 aggressus
1210 431 1272 467 est
1295 425 1522 469 Frothonis
1545 427 1672 468 filiam

226 480 459 535 postulare.
522 481 754 523 Obseratas
786 482 898 536 regis
929 496 1051 524 aures
1083 487 1306 538 expertus,
1338 484 1449 526 Erici
1481 485 1671 527 Suetiam

223 538 412 592 regentis
456 538 690 581 subsidium
735 540 914 594 flagitat.
977 540 1116 589 Quem
1154 540 1303 584 Ericus
1349 542 1508 584 hortari
1548 543 1670 598 cepit,

223 601 271 638 ut
312 596 454 652 aliquo
498 597 682 653 preclari
722 598 862 652 operis
902 599 1053 641 merito
1093 599 1320 642 Frothonis
1362 601 1441 642 sibi
1480 600 1670 643 fauorem

224 655 461 709 ascisceret,
477 660 775 711 pugnaretque
793 654 1039 712 adlluersum
1051 657 1300 713 Egtherum,
1319 673 1462 714 regem
1476 658 1671 711 Biarmie‚

225 717 268 754 et
301 712 595 768 Thengillum,
626 728 772 770 regern
803 714 1137 768 Finnimarchie‚
1182 717 1292 771 quod
1324 717 1351 757 ii
1383 717 1480 769 soli,
1521 718 1671 759 ceteris

225 771 580 827 obsequentibus,
621 772 834 814 Danicum
878 773 1117 816 detrectare
1161 773 1406 816 uiderentur
1435 775 1669 831 imperium.

223 829 317 872 Nec
348 844 488 884 mora,
531 844 580 872 eo
616 831 850 874 exercitum
883 832 983 887 egit.
1048 831 1156 874 Sunt
1199 837 1339 874 autern
1372 833 1494 874 Finni
1534 834 1672 875 ultimi

221 889 530 944 Septentrionis
552 890 713 945 populi,
745 890 820 931 uix
842 890 1014 945 quidem
1036 890 1308 932 habitabilem
1332 891 1442 932 orbis
1464 895 1672 933 terrarum

223 950 386 1002 partem
411 948 578 989 cultura
598 962 648 989 ac
669 948 888 991 mansione
912 949 1137 1004 complexi,
1182 949 1289 991 Acer
1320 949 1467 991 iisdem
1490 949 1671 991 telorum

225 1009 289 1046 est
307 1020 422 1048 usus.
460 1004 558 1048 Non
579 1006 663 1047 alia
683 1021 787 1062 gens
811 1007 1079 1063 prompciore
1099 1007 1310 1064 iaculandi
1331 1008 1486 1063 pericia
1508 1007 1671 1049 fruitur.

223 1063 465 1105 Grandibus
490 1068 533 1107 et
561 1065 856 1121 latissagittis
889 1064 1100 1108 dimicant.
1143 1065 1491 1107 Incantacionum
1524 1065 1671 1107 studiis

223 1122 495 1177 incumbunt3
547 1123 854 1165 uenacionibus
903 1124 1068 1166 callent.
1129 1124 1298 1165 Incerta
1336 1124 1416 1165 illis
1460 1123 1669 1165 habitacio

224 1184 300 1229 est,
332 1195 531 1237 uagaque
556 1181 718 1236 domus,
752 1182 995 1237 ubicunque
1023 1182 1156 1223 feram
1189 1182 1502 1237 occupauerint,
1533 1182 1672 1223 locan-

225 1238 336 1281 tibus
368 1240 503 1283 sedes.
564 1239 724 1282 Pandis
755 1241 946 1283 trabibus
978 1240 1104 1292 uecti,
1142 1241 1342 1293 conferta
1373 1240 1540 1282 niuibus
1571 1240 1670 1294 iuga

223 1302 485 1353 percurrunt.
562 1297 656 1340 Hos
695 1299 699 1351 Ι
737 1298 993 1353 Arngrimus
1040 1298 1300 1340 conciliande
1347 1299 1425 1340 sibi
1471 1297 1671 1340 claritatis

224 1370 354 1398 causa
385 1356 561 1398 adortus
594 1357 782 1399 obtriuit.
827 1357 908 1405 Qui
950 1370 1045 1398 cum
1066 1356 1288 1398 infeliciter
1309 1355 1544 1398 dimicando
1568 1356 1672 1410 fuga

223 1414 525 1469 dilaberentur,
558 1415 691 1456 tribus
723 1416 877 1470 lapillis
909 1420 1006 1471 post
1038 1420 1205 1470 tergum
1239 1415 1463 1465 coniectis,
1498 1413 1671 1457 totidem

223 1474 436 1515 moncium
479 1473 612 1515 instar
654 1473 846 1516 hostibus
885 1487 1090 1530 apparere
1132 1473 1334 1515 fecerunt.
1395 1473 1531 1526 Igitur
1562 1472 1670 1514 Arn-

224 1531 407 1587 grimus,
447 1531 653 1580 ludificati
692 1533 810 1574 uisus
843 1546 986 1574 errore
1016 1532 1286 1588 perstrictus,
1331 1531 1385 1573 ab
1424 1530 1669 1572 insectando

226 1591 350 1632 hoste
374 1591 609 1632 exercitum
633 1590 867 1642 reuocauit,
898 1604 1149 1645 magnarum
1182 1604 1226 1630 se
1258 1590 1423 1644 rupium
1448 1588 1671 1630 interiectu

226 1648 486 1690 choercitum
528 1652 696 1703 putans.
760 1648 893 1690 Iidem
927 1653 1098 1705 postera
1129 1648 1195 1690 die
1228 1647 1439 1702 congressi
1488 1647 1671 1701 uictique

225 1706 415 1748 coniecte
447 1707 488 1748 in
522 1712 681 1748 terram
712 1707 801 1749 niui
831 1706 1012 1763 ingentis
1044 1707 1160 1747 fluuii
1192 1706 1375 1761 speciem
1416 1704 1669 1746 indiderunt.

223 1765 376 1820 Itaque
418 1765 580 1812 Suetis.
623 1779 700 1820 per
741 1780 951 1807 summum
997 1764 1112 1806 uisus
1154 1778 1340 1806 errorem
1382 1762 1490 1804 falsa
1531 1776 1669 1804 rerum

225 1823 421 1879 opimone
453 1822 624 1875 delusis,
653 1823 854 1865 inusitata
886 1836 1091 1878 aquarum
1122 1822 1258 1863 moles
1291 1821 1533 1876 obstrepere
1555 1820 1670 1861 uide-

225 1882 362 1923 batur.
413 1881 494 1934 Ita,
525 1881 689 1923 uictore
719 1896 873 1923 uanam
907 1895 1114 1937 aquarum
1144 1879 1370 1934 imaginem
1402 1877 1667 1931 formidante,

223 1939 367 1994 fugam
391 1939 678 1995 impetrauere
700 1939 836 1983 Finni.
880 1939 1027 1981 Tercio
1059 1937 1289 1980 identidem
1319 1937 1386 1978 die
1416 1949 1668 1991 reparauere

223 1998 406 2051 bellum3
437 2011 516 2040 nec
545 1997 629 2039 iam
661 1999 842 2054 amplius
873 1998 1006 2039 ullum
1030 1997 1130 2052 fuge
1154 1996 1305 2038 efficax
1325 1994 1556 2037 remedium
1576 1994 1667 2035 fuit.
1691 2015 1693 2018 -

222 2056 432 2098 Videntes
464 2056 588 2105 enim,
621 2070 717 2099 suas
750 2057 943 2099 inclinari
974 2055 1098 2109 acies,
1132 2054 1330 2110 potestati
1362 2069 1406 2096 se
1438 2052 1666 2108 permisere

224 2114 411 2156 uictoris.
474 2113 636 2163 Quibus
668 2115 922 2170 Arngrimus
965 2114 1072 2156 hanc
1111 2112 1259 2154 tributi
1298 2113 1435 2167 legem
1478 2110 1667 2161 instituit,

224 2176 283 2224 ut,
314 2173 526 2215 recensito
548 2172 779 2215 Finnorum
810 2186 1002 2225 numero,
1035 2170 1167 2213 rheda
1196 2171 1341 2212 ferinis
1371 2169 1550 2225 pellibus
1573 2183 1669 2210 con-

224 2232 333 2272 ferta
364 2231 416 2272 ab
450 2244 703 2286 unaquaque
735 2231 924 2281 decade,
955 2231 1049 2272 loco
1083 2243 1260 2279 census,
1293 2232 1444 2270 exacto
1476 2226 1667 2279 triennio,

224 2288 498 2344 penderetur.
561 2289 728 2331 Deinde
770 2289 1031 2345 Egtherum,
1076 2287 1260 2328 Biarmie
1306 2286 1480 2335 ducem,
1527 2284 1666 2349 duello

223 2352 502 2402 prouocatum
534 2347 703 2401 deuicit,
734 2348 971 2402 indiditque
1005 2346 1292 2388 condicionem
1314 2343 1492 2384 Biarmis
1515 2343 1669 2383 uiritim

225 2405 379 2461 pellem
412 2419 487 2461 pro
522 2405 660 2458 capite
681 2405 964 2461 persoluendi.
1006 2405 1112 2445 Post
1134 2403 1210 2444 hec
1233 2402 1376 2456 spoliis
1399 2400 1667 2455 tropheisque

225 2468 395 2515 auctus,
437 2463 491 2504 ad
521 2463 693 2505 Ericum
736 2464 978 2506 reuertitur.
1042 2462 1177 2510 Quem
1209 2459 1356 2501 Ericus
1399 2459 1441 2500 in
1484 2458 1668 2522 Daniam

225 2525 500 2574 consecutus,
543 2522 719 2563 multam
750 2521 916 2564 iuuenis
946 2519 1117 2562 laudem
1149 2517 1376 2560 Frothonis
1407 2515 1579 2581 auribus
1605 2529 1668 2581 ‚¹n'

225 2580 439 2631 stillabat,
481 2579 655 2634 dignum
686 2580 797 2635 regis
827 2579 913 2620 filia
950 2578 1186 2628 affirmans,
1228 2575 1299 2631 qui
1329 2575 1503 2629 imperio
1536 2587 1667 2628 lpsms

159 2651 193 2679 ιο
224 2638 394 2680 ultimos
450 2638 730 2680 humanarum
780 2651 920 2680 rerum
972 2636 1173 2678 terminos
1223 2632 1456 2675 adiecisset.
1537 2630 1667 2673 Cuius

1743 667 1813 701 (93)

1725 1311 1753 1335 p.
1773 1303 1823 1329 249
