1884 3126
136 906 172 933 10

137 1197 173 1223 15

138 1486 176 1513 20

781 262 836 268 -—
898 234 962 278 VI
1025 262 1075 268 -·
1570 241 1647 282 177

206 361 299 405 Cibi
338 376 503 419 quoque
543 362 738 419 capiendi
777 368 969 420 tempore
1006 364 1215 407 discubitu
1258 367 1428 409 ultimus
1471 367 1651 409 existere

206 421 385 464 solebat.
447 422 652 464 Preterea
692 422 855 464 balneis
896 423 1158 477 abstinebat,
1199 439 1250 466 ne
1283 425 1443 467 nudato
1477 438 1652 480 corpore

206 479 363 521 crebris
388 481 615 521 uulnerum
648 480 839 535 uestigiis
870 480 1134 536 proderetur.
1178 483 1272 530 Quo
1296 497 1371 524 rex
1393 482 1652 525 absoluende
1704 494 1709 499 ·

204 538 455 593 suspicionis
488 539 631 593 gracia
662 537 797 580 lauari
830 539 1059 594 compulso,
1093 544 1139 580 ut
1172 541 1334 582 hostem
1369 556 1422 582 ex
1453 541 1652 583 cicatrici-

207 596 283 638 bus
317 597 532 651 eognouit,
563 598 672 650 Age,
703 597 853 652 inquit.
884 597 1192 651 improbissime
1222 598 1357 651 lati-03
1401 600 1579 654 qualiter
1609 599 1651 640 in

206 668 272 696 me
305 655 576 697 consulturus
615 654 753 709 fores,
793 656 828 696 si
859 655 1138 697 interficiendi
1169 657 1231 697 tui
1262 656 1461 712 cupidum
1492 657 1650 713 liquido

205 713 511 768 comperisses?
553 712 623 754 Ad
657 713 734 755 hec
765 713 1026 768 stupefactus
1044 713 1223 767 Hiarno,
1245 715 1310 756 Ex
1342 716 1651 770 prouocaeione

206 776 272 823 te,
315 772 397 825 ait,
441 771 754 826 deprehensum
794 771 1075 826 aggrederer,
1119 786 1202 827 quo
1244 774 1403 815 maiore
1444 773 1651 814 demende

207 829 515 871 criminacionis
548 830 672 885 copia
705 830 913 884 potireris.
976 830 1114 878 Quem
1140 836 1145 881 Ι
1174 845 1275 872 mox
1307 831 1529 872 Fridleuus
1560 845 1652 872 sen-

203 887 341 929 tencie
374 902 450 929 sue
483 888 682 943 exemplo
714 892 995 942 prouocatum
1029 889 1252 943 oppressit,
1287 889 1447 931 tumulo
1473 889 1654 931 cadauer

207 945 390 988 obruens
421 945 631 988 interfecti
663 947 924 988 uocabulum
955 946 1176 988 referente.

346 1003 428 1052 Qui
460 1008 558 1059 post
587 1003 761 1045 modum
795 1019 818 1045 a
851 1005 959 1059 suis,
1002 1004 1279 1060 propagandc
1311 1005 1467 1047 sobolis
1498 1005 1650 1060 gracia,

207 1061 403 1117 coniugio
437 1062 517 1104 sibi
563 1062 787 1104 consulere
830 1063 1036 1117 monitus,
1078 1063 1252 1104 celibem
1295 1071 1484 1118 prestare
1525 1064 1653 1105 uitam

205 1124 383 1175 paterno
435 1120 720 1162 contendebat
771 1121 966 1176 exemplo
987 1154 998 1172 ,
1050 1121 1162 1176 quod
1209 1120 1411 1163 Frothoni
1465 1121 1653 1176 coniugis

204 1178 447 1234 petulancia
495 1193 628 1234 graue
671 1179 875 1234 probrum
916 1179 1115 1221 affixerit.
1195 1178 1258 1220 Ad
1303 1180 1517 1231 ultimum,
1549 1186 1653 1234 ‘per-

207 1237 558 1278 seuerantissimis
601 1237 790 1278 omnium
830 1237 1026 1292 precibus
1070 1238 1229 1290 uictus,
1272 1251 1347 1292 per
1388 1236 1551 1292 legatos
1583 1251 1653 1291 ag-

207 1309 378 1348 gressus
397 1298 459 1336 est
475 1294 695 1350 Noruagie
714 1296 824 1350 regis
842 1295 1034 1336 Amundi
1050 1295 1177 1336 filiam
1195 1295 1424 1351 postulare.
1468 1295 1653 1343 Quorum

206 1367 329 1404 unus,
360 1353 496 1395 Froco
515 1355 699 1405 nomine,
732 1353 929 1395 fluctibus
952 1354 1060 1398 inter
1083 1353 1371 1409 nauigandum
1394 1353 1653 1408 absumptus,

208 1411 459 1452 inusitatum
505 1412 690 1453 moriens
737 1412 980 1466 prodigium
1023 1411 1151 1453 dedit.
1214 1411 1380 1466 Quippe
1424 1411 1495 1452 ubi
1536 1411 1653 1451 illum

206 1470 396 1511 confluus
439 1469 649 1511 undarum
692 1474 808 1511 estus
848 1469 1076 1524 implicuit,
1120 1469 1291 1524 sanguis
1332 1469 1471 1510 medio
1506 1474 1652 1510 enatus

207 1528 375 1582 gurgite
423 1528 482 1569 ita
529 1533 664 1570 totam
695 1529 816 1583 ponti
846 1527 996 1569 faeiem
1028 1528 1252 1583 peregrino
1285 1526 1469 1582 quodam
1501 1527 1653 1568 rubore

207 1585 408 1640 perfudit,
441 1590 489 1627 ut
518 1589 741 1641 spumeum
773 1587 899 1641 paulo
934 1590 1032 1627 ante
1060 1586 1229 1640 pelagus
1252 1585 1528 1641 procellisque
1549 1584 1651 1625 albi-

209 1644 306 1685 dum
340 1658 441 1685 mox
468 1645 657 1699 puniceis
689 1644 885 1686 fluctibus
916 1645 1201 1685 intumescens
1234 1644 1416 1685 alienum
1449 1657 1472 1683 a
1503 1645 1653 1683 natura

208 1717 285 1743 sua
307 1702 496 1743 colorem
522 1702 697 1744 induere
729 1702 957 1745 uideretur.
1002 1702 1224 1743 Amundus
1256 1715 1370 1754 uere,
1402 1700 1515 1754 regie
1547 1701 1652 1755 peti-

138 1777 175 1804 ‘25
207 1760 339 1801 eionis
380 1760 704 1802 inexorabiliter
751 1764 853 1801 uota
898 1760 1149 1810 frustratus,
1196 1759 1343 1814 legatis
1384 1757 1649 1799 indecenclus

141 2645 178 2672 40

208 1818 384 1869 habitis,
424 1818 691 1873 tyrannidem
728 1818 952 1860 Frothonis
998 1818 1094 1859 olim
1128 1817 1343 1872 Noruagie
1376 1816 1546 1871 grauius
1578 1815 1651 1855 im-

207 1877 436 1918 minentem
468 1891 640 1919 causam
671 1876 907 1932 sperneude
940 1876 1170 1931 legacionis
1193 1876 1381 1917 asseruit.
1419 1873 1651 1928 Fregertha

208 1948 310 1976 uero
351 1933 457 1987 (filia
499 1936 577 1977 hec
608 1934 796 1976 Amundi
834 1932 944 1988 erat)
985 1948 1070 1976 non
1118 1933 1242 1975 modo
1285 1932 1476 1974 Fridleui
1518 1945 1650 1986 genus

208 1992 370 2046 intuita,
403 1992 478 2034 sed
504 1994 640 2036 eciam
662 1993 874 2034 factorum
896 1992 1189 2034 claritudinem
1210 1996 1427 2044 uenerata,
1459 1989 1649 2031 conuicio

139 2066 154 2092 ,0
207 2056 371 2105 patrem
418 2052 583 2107 insequi
629 2051 762 2107 cepit,
811 2050 924 2106 quod
966 2064 1169 2105 generum
1214 2050 1368 2091 habere
1410 2047 1650 2103 spreuisset,

210 2109 329 2149 euius
380 2114 672 2151 consummata
734 2109 934 2150 nobilitas
980 2122 1057 2150 nec
1106 2108 1264 2150 uirtute
1315 2107 1513 2149 deficeret
1575 2119 1652 2146 nee

210 2166 417 2221 sanguine
462 2167 732 2210 claudicaret.
756 2167 772 2220 Η
794 2166 966 2208 Adiecit
1006 2180 1198 2222 quoque,
1230 2163 1508 2220 prodigialem
1539 2162 1651 2204 illam

210 2225 336 2266 maris
377 2224 550 2278 faciem,
597 2225 720 2267 undis
764 2228 939 2281 repente
978 2224 1019 2265 in
1061 2223 1308 2278 sanguinem
1352 2222 1507 2274 uersis,
1553 2219 1650 2275 quid

212 2282 327 2323 aliud
375 2295 500 2337 quam
541 2283 784 2338 Noruagice
830 2282 959 2324 cladis
1004 2282 1298 2337 interpretem,
1344 2279 1503 2321 Danice
1549 2291 1650 2319 uero

210 2340 385 2385 uictorie
424 2340 631 2396 liquidum
675 2342 866 2383 extitisse
898 2340 1174 2395 portentum?
1237 2339 1375 2386 Quam
1409 2351 1503 2378 cum
1535 2334 1651 2400 Frid-

210 2398 332 2439 leuus
374 2399 527 2440 iterate
567 2399 801 2453 legacionis
842 2398 980 2440 officio
1027 2397 1287 2453 postularet,
1333 2406 1653 2450 perseueranma

210 2456 421 2511 repulsam
454 2457 626 2499 uincere
657 2458 851 2512 cupiens,
893 2457 1135 2510 indignatus
1157 2453 1403 2508 ,Amunduffi
1434 2466 1523 2492 rem
1554 2465 1578 2492 a
1607 2464 1654 2516 se

210 2514 341 2556 semel
362 2518 560 2569 negatam
581 2515 837 2570 pertinacius
867 2514 1059 2569 flagitari,
1092 2513 1224 2568 raptis
1247 2511 1299 2553 ad
1322 2524 1467 2552 necem
1488 2509 1652 2574 legatis,

210 2572 388 2628 improbi
410 2573 603 2628 petitoris
626 2572 767 2615 studio
790 2572 1001 2614 crudelius
1026 2570 1279 2612 obuiandum
1304 2568 1479 2610 curauit.
1523 2566 1653 2607 Cums

208 2630 358 2672 iniurie
391 2630 618 2673 Fridleuus
658 2630 816 2673 famam
859 2634 1084 2686 expertus,
1119 2628 1318 2670 Haldano
1359 2639 1407 2667 ac
1439 2625 1654 2666 Biornone

279 2704 359 2730 Saxo
379 2704 612 2733 Grammaticus.
1476 2693 1517 2727 12

1704 847 1733 872 p.
1752 838 1801 865 265

1706 2171 1797 2206 (roo)
