1884 3126
132 874 167 901 10

134 1163 167 1191 15

128 1452 166 1479 ‘20

127 1740 164 1768 25

131 2028 167 2056 30

126 2318 162 2344 35

129 2610 162 2641 40

198 220 281 260 296
755 241 802 247 ——
866 217 978 260 VIII
1041 241 1090 246 ——

198 346 413 387 feditatem
456 345 660 387 exaudire
699 359 780 387 non
822 346 1052 399 sustinens,
1100 346 1204 388 adeo
1248 345 1507 399 indignitatis
1547 346 1636 387 eius

198 405 331 445 uicem
365 402 521 455 doluit,
553 407 599 444 ut
628 403 908 457 inpacientem
942 404 1149 445 dictorum
1181 403 1373 459 spiritum
1405 404 1515 444 inter
1547 404 1635 458 ipsa

198 461 404 502 narrantis
436 461 709 502 recitamenta
741 461 984 516 deponeret.
1030 461 1178 516 ltaque
1213 461 1311 502 dum
1337 461 1434 502 uani
1459 462 1636 503 numinis

201 519 357 560 cultum
406 518 556 573 cupide
601 518 728 568 fouit,
775 519 943 560 ubinam
991 518 1177 573 uer[s]us
1223 524 1333 561 esset
1376 519 1636 560 miseriarum

201 591 354 626 carcer,
388 575 574 631 agnouit.
637 575 776 618 Crinis
810 591 975 632 quoque
1008 577 1194 630 oliditas,
1239 591 1362 632 quem
1394 575 1636 619 Thorkillus

201 634 374 690 perinde
416 638 542 688 atque
583 647 755 689 operum
799 649 965 677 suorum
1007 635 1339 690 magnitudinem
1385 638 1635 676 testaturum

199 691 406 747 capillicio
430 691 614 746 gigantis
638 699 921 748 excerpserat,
953 694 995 734 in
1018 693 1320 734 circunstantes
1344 692 1490 736 effusa,
1522 707 1635 734 com-

199 750 389 805 pluribus
423 749 557 791 exicio
588 749 679 791 fuit.

338 806 549 849 Defuncto
581 806 819 860 Gormone,
853 807 1050 849 Gotricus
1082 822 1136 848 ex
1179 821 1228 848 eo
1272 808 1441 861 genitus
1472 812 1635 862 regnat.

200 864 281 906 Hic
312 878 396 906 non
438 865 562 906 armis
602 865 755 913 modo,
795 866 866 906 sed
911 866 1043 906 eciam
1086 865 1336 906 liberalitate
1370 867 1635 920 conspicuus,

199 924 417 975 incertum,
449 922 602 964 forcior
623 937 674 965 an
701 923 951 964 clemencior
980 922 1118 972 fuerit,
1151 922 1342 978 adeoque
1364 924 1635 966 seueritatem

199 981 522 1022 mansuetudine
555 981 801 1035 castigabat,
835 985 879 1021 ut
910 981 1081 1022 alteram
1115 981 1247 1022 altera
1269 981 1499 1036 rependere
1520 982 1637 1024 uide-

199 1042 328 1080 retur.
391 1038 554 1080 Eodem
598 1043 789 1093 tempore
836 1053 909 1080 rex
944 1038 1163 1094 Noruagie
1196 1039 1309 1080 Goto
1342 1053 1362 1079 a
1397 1038 1565 1082 Berone
1598 1043 1639 1081 et

198 1096 367 1138 Refone
389 1095 645 1151 Tylensibus
674 1101 678 1142 1
706 1097 878 1150 petitus,
910 1096 1119 1138 Refonem
1143 1097 1302 1138 culcius
1325 1111 1372 1138 ac
1394 1096 1637 1139 familiarius

197 1155 387 1195 habitum
446 1154 585 1208 magni
641 1154 838 1209 ponderis
878 1155 1039 1196 armilla
1080 1154 1267 1196 donauit.
1330 1154 1424 1202 Quo
1467 1155 1636 1210 quidam

198 1213 429 1253 aulicorum
462 1217 709 1267 conspecto,
741 1211 1075 1267 magnitudinem
1108 1212 1208 1253 doni
1238 1213 1480 1269 impensiori
1512 1213 1636 1254 laude

198 1271 467 1324 complexus,
511 1271 719 1311 neminem
752 1270 906 1312 Gotoni
946 1284 1093 1324 parem
1138 1270 1399 1311 humanitate
1432 1271 1634 1313 firmabat.

199 1328 256 1368 At
287 1327 409 1379 Ref0‚
443 1341 679 1382 quanquam
712 1328 894 1382 graciam
929 1327 1129 1369 beneficio
1163 1328 1359 1381 deberet,
1390 1332 1530 1369 tamen
1561 1329 1635 1370 im-

198 1385 349 1426 modici
391 1385 622 1426 laudatoris
664 1385 866 1426 tumidam
909 1399 1059 1427 uocem
1091 1387 1328 1441 approbare
1358 1400 1440 1426 non
1474 1400 1635 1441 passus,

197 1443 417 1484 Gotricum
458 1443 493 1483 ei
534 1443 718 1498 pretulit.
780 1443 838 1483 Vt
872 1444 978 1484 enirn
1014 1458 1166 1485 uanam
1210 1445 1482 1485 assentatoris
1525 1444 1636 1485 affir-

198 1501 430 1542 macionem
462 1500 697 1550 obteiQeret
738 1501 902 1542 absenti
935 1501 1196 1543 liberalitatis
1229 1502 1510 1543 testimonium
1543 1502 1634 1544 led-

196 1558 321 1610 dere,
368 1572 490 1613 quam
535 1563 774 1614 presentem
822 1559 1014 1601 beneficii
1067 1558 1259 1601 datorem
1309 1559 1414 1601 falso
1463 1560 1635 1626 palpare

197 1616 356 1658 maluit.
418 1617 577 1657 Partim
611 1630 778 1671 quoque
809 1616 1117 1670 ingratitudinis
1160 1617 1300 1671 argui,
1345 1631 1468 1672 quam
1500 1618 1634 1659 inanis

196 1674 399 1715 iactancie
428 1674 599 1715 laudem
632 1674 903 1715 assenciendo
936 1675 1151 1729 prosequi,
1183 1688 1412 1730 regemque
1443 1676 1633 1717 uelitatis

195 1733 301 1774 serio
334 1745 520 1789 mouere,
555 1746 679 1787 quam
713 1731 968 1773 adulacionis
1000 1732 1221 1775 mendacio
1247 1732 1395 1773 fallere
1417 1733 1634 1789 aliquanto

196 1788 428 1843 preciosius
456 1784 594 1830 duxit.
658 1791 715 1830 At
746 1789 885 1843 Vluo,
926 1789 1058 1832 dictas
1091 1790 1131 1830 in
1164 1804 1306 1845 regem
1353 1790 1500 1832 laudes
1550 1806 1633 1833 non

197 1847 332 1888 solum
364 1847 629 1902 pertinaciter
662 1847 882 1897 affirmare,
915 1847 986 1888 sed
1020 1849 1149 1889 eciam
1178 1849 1468 1902 experimento
1492 1863 1634 1904 prose-

197 1905 268 1960 qui
313 1919 617 1959 perseuerans,
664 1906 816 1960 pignus
863 1920 956 1947 cum
1002 1911 1184 1959 negante
1228 1907 1439 1961 proponit.
1502 1906 1633 1948 Cuius

197 1976 405 2004 consensu
436 1963 541 2003 Refo
573 1963 613 2003 in
647 1963 824 2004 Daniam
859 1977 1053 2017 pergens,
1088 1962 1318 2015 Gotricum,
1350 1963 1452 2004 sella
1485 1964 1632 2018 posita,

197 2020 407 2075 stipendia
437 2021 545 2061 inter
576 2021 730 2062 milites
753 2021 1011 2074 parcientem
1033 2021 1210 2062 inuenit.
1251 2021 1291 2061 A
1313 2034 1410 2076 quo,
1444 2022 1631 2077 quisnam

196 2085 320 2130 esset,
352 2081 537 2133 rogatus,
571 2079 790 2133 uulpecule
821 2078 898 2119 sibi
931 2092 1081 2119 nomen
1115 2092 1206 2119 esse
1237 2078 1465 2134 respondit.
1509 2079 1632 2121 Cum-

198 2150 280 2191 que
304 2136 386 2177 risu
410 2135 625 2191 quosdam,
647 2137 752 2178 alios
774 2136 1070 2178 ammiracione
1092 2136 1355 2190 complesset,
1372 2137 1427 2178 Et
1448 2138 1633 2192 uulpem,

195 2194 330 2247 inquit
362 2193 581 2245 Gotricus‚
627 2208 697 2236 ore
735 2194 910 2249 predam
941 2194 1135 2250 excipere
1166 2195 1376 2236 conuenit.
1437 2196 1499 2236 Ac
1532 2208 1631 2236 mox

197 2251 431 2293 detractum
462 2253 620 2294 lacerto
653 2257 847 2307 torquem
882 2252 1073 2293 accersiti
1103 2251 1231 2293 labris
1262 2252 1450 2294 inseruit.
1495 2252 1631 2300 Quem

193 2309 302 2350 Refo
334 2309 552 2351 confestim
586 2309 754 2351 brachio
787 2309 1014 2366 applicans,
1046 2309 1088 2350 id
1116 2310 1276 2351 cunctis
1297 2324 1400 2351 auro
1422 2310 1630 2366 preditum

196 2368 459 2418 ostentabat,
499 2367 704 2422 reliquum
750 2381 852 2409 uero
884 2367 1058 2423 perinde
1089 2372 1213 2422 atque
1246 2367 1480 2409 ornamenti
1511 2369 1631 2422 inops

196 2425 405 2466 occulcius
446 2425 611 2476 habuit3
652 2439 786 2480 eoque
827 2425 1019 2467 acumine
1059 2425 1113 2466 ab
1154 2425 1312 2467 inuicte
1343 2425 1632 2467 munificencie

195 2482 370 2524 dextera
403 2487 731 2524 consentaneum
762 2483 891 2538 priori
922 2497 1074 2524 munus
1106 2483 1281 2537 accepit.
1324 2482 1446 2530 Quod
1479 2483 1517 2524 ei
1546 2497 1630 2523 non

194 2544 279 2580 tam
311 2541 438 2596 precii
471 2541 719 2596 magnitudo
754 2540 1006 2594 iocundum,
1038 2554 1187 2606 ..9113111
1209 2541 1291 2582 litis
1321 2540 1422 2582 inite
1455 2540 1629 2582 uictoria

192 2597 386 2643 faciebat.
429 2598 465 2640 A
491 2612 573 2658 quo
598 2612 690 2641 cum
712 2611 789 2642 rex
811 2598 862 2640 de
883 2598 1070 2657 pignoris
1096 2598 1311 2658 posicione
1342 2602 1629 2658 cognosceret,

1692 1112 1719 1137 p.

1741 1103 1788 1131 43⁴
