1884 3126
743 213 793 219 ——
859 188 970 233 VIII
1035 213 1080 220 -
1554 194 1635 235 289

193 316 389 372 niterque
430 317 567 373 patrie
610 318 879 360 mirificarum
910 334 1048 362 rerum
1081 319 1266 375 insignes
1299 321 1537 363 extitissent
1566 336 1637 363 au-

192 379 343 417 ctores.
407 373 559 416 Adhuc
605 374 904 419 Guthmundus
955 377 1162 433 propositi
1211 379 1440 433 pertinacia
1492 379 1635 421 dolum

192 432 415 475 intendere
435 446 731 488 perseuerans,
755 435 1004 476 collaudatis
1022 435 1133 477 horti
1149 436 1210 477 sui
1228 436 1396 488 deliciis,
1421 451 1470 479 eo
1493 451 1634 493 regem

192 488 570 547 percilpiendorum
591 491 802 533 fructuum
825 494 967 547 gracia
989 493 1220 549 perducere
1251 495 1485 549 laborabat,
1521 496 1633 536 blan-

143 562 159 588 5
190 548 386 591 dimentis
409 549 525 591 uisus
547 549 840 605 illecebrisque
862 551 960 605 gule
984 552 1148 593 cautele
1171 553 1456 594 constanciam
1479 553 1635 594 elidere

134 852 162 879 10

129 1143 160 1169 15

121 1433 158 1460 20

122 1724 159 1750 ‘25

122 2013 159 2042 30

122 2301 158 2328 35

194 607 380 662 cupiens.
442 606 686 649 Aduersum
718 622 821 663 quas
851 609 1021 650 insidias
1052 623 1126 651 rex
1159 609 1392 663 Thou-killo,
1428 615 1476 652 ut
1506 612 1634 666 prius,

192 670 366 706 auctore
397 665 611 717 firmatus,
649 666 844 708 simulate
875 667 1147 708 humanitatis
1182 667 1427 723 obsequium
1460 670 1634 723 spreuit,

192 723 338 765 utendi
359 723 684 765 excusacionem
707 738 731 765 a
753 724 991 766 maturandi
1016 725 1173 767 itineris
1204 727 1376 780 negocio
1403 732 1632 769 mutuatus.

193 781 323 823 Cuius
364 782 594 837 prudencie
636 781 938 824 Guthmundus
984 797 1100 824 suam
1141 783 1180 824 in
1223 784 1413 825 omuibus
1460 785 1633 826 cessisse

193 839 486 892 considerans,
523 855 599 894 spe
630 840 869 895 peragende
901 841 1059 882 fraudis
1091 841 1267 894 abiecta,
1300 848 1468 883 cunctos
1501 843 1539 883 in
1572 842 1633 883 ul-

192 898 392 940 teriorem
414 898 594 939 fluminis
621 899 753 953 ripam
788 903 1048 941 transuectos
1079 900 1160 940 iter
1193 900 1344 953 exequi
1375 914 1522 955 passus
1555 905 1631 942 est.

330 955 552 1011 Progressi
601 962 739 998 atrum
791 957 1081 1011 incultumque
1134 957 1358 1013 oppidum,
1410 958 1633 1012 uaporanti

191 1013 375 1056 maxime
397 1014 500 1055 nubi
522 1014 668 1067 simile,
703 1014 815 1056 haud
849 1015 995 1070 procul
1030 1015 1176 1056 abesse
1208 1020 1489 1071 prospectant.
1541 1015 1633 1056 Pali

191 1071 521 1127 propugnaculis
554 1073 734 1114 intersiti
767 1072 938 1114 desecta
970 1074 1152 1114 uirorum
1186 1073 1322 1128 capita
1352 1072 1631 1128 preferebant.

191 1130 357 1172 Eximie
378 1130 610 1172 ferocitatis
633 1145 757 1172 canes
772 1136 948 1172 tuentes
971 1131 1129 1172 aditum
1151 1145 1226 1185 pre
1244 1130 1403 1172 foribus
1422 1131 1632 1172 excubare

193 1188 419 1243 conspecti.
483 1187 644 1236 Quibus
677 1188 920 1230 Thou-killns
954 1203 1084 1230 cornu
1116 1189 1339 1231 abdomine
1371 1189 1519 1230 illitum
1552 1189 1634 1229 col-

190 1247 465 1288 lambendum
499 1247 723 1301 obiiciens,
764 1247 1097 1288 incitatissimam
1130 1247 1287 1287 rabiem
1317 1247 1496 1302 paruula
1528 1247 1633 1287 miti-

191 1306 310 1360 gauit
341 1305 545 1360 impensa.
607 1305 797 1360 Superne
829 1311 1044 1360 portarum
1078 1305 1272 1346 introitus
1304 1306 1451 1360 patuit.
1496 1305 1630 1352 Quem

192 1363 314 1405 scalis
359 1368 588 1419 equantes,
633 1363 766 1404 arduo
810 1364 1033 1419 pociuntur
1064 1363 1269 1417 ingressu.
1331 1364 1434 1403 Atre
1465 1362 1632 1404 deintus

189 1420 479 1476 informesque
501 1421 620 1462 larue
643 1420 931 1462 conferserant
947 1421 1108 1474 urbem,
1128 1435 1303 1476 quarum
1322 1424 1631 1476 perstrepentes

192 1479 394 1535 imagines
426 1479 616 1534 aspicere
648 1479 858 1520 horridius
892 1493 942 1519 an
976 1479 1122 1519 audire
1152 1478 1288 1529 fuerit,
1318 1479 1502 1531 nescias,
1535 1477 1632 1519 feda

193 1537 356 1590 omnia,
402 1536 683 1592 putidumque
732 1551 881 1578 cenum
928 1536 1175 1578 adeuncium
1217 1550 1339 1578 nares
1379 1536 1630 1576 intolerabili

192 1595 326 1637 halitu
357 1594 573 1649 fatigabat.
635 1594 800 1636 Deinde
832 1595 1034 1637 conclaue
1067 1609 1264 1648 saxeum,
1297 1594 1360 1635 cui
1396 1593 1629 1634 Gcruthum

192 1652 306 1694 fama
336 1658 426 1695 erat
456 1667 532 1709 pro
565 1653 679 1708 regia
711 1654 974 1705 assueuisse,
1020 1653 1248 1708 reperiunt.
1312 1651 1439 1693 Cuius
1471 1655 1630 1692 arctam

188 1710 529 1766 horrendamque
579 1710 837 1767 crepidinem
888 1711 1070 1752 inuisere
1121 1713 1378 1760 statuentes,
1428 1709 1630 1763 repressis

191 1769 393 1825 gradibus
423 1770 465 1811 in
493 1769 585 1825 ipso
617 1774 825 1825 pauentes
857 1769 973 1810 aditu
1012 1769 1301 1810 constiterunt.
1343 1767 1462 1808 Tunc
1497 1766 1629 1807 Thor-

191 1828 337 1880 killus,
369 1827 567 1869 herentes
599 1827 738 1868 animo
772 1827 1116 1882 circunspiciens,
1158 1825 1469 1867 cunctacionem
1500 1825 1628 1865 intro-

189 1886 272 1927 itus
314 1886 425 1927 uirili
464 1885 768 1928 adhortacione
811 1885 1027 1937 discussit,
1074 1899 1275 1928 monens.
1321 1887 1628 1938 temperaturos

191 1944 281 1997 sibi,
313 1958 366 1985 ne
398 1944 527 1985 ullam
558 1943 742 1985 ineunde
773 1943 861 1985 edis
888 1943 1208 1998 supellectilem,
1241 1942 1405 1983 tametsi
1427 1954 1626 1996 possessu

188 2001 369 2044 iocunda
402 2007 475 2043 aut
506 2002 638 2044 oculis
669 2006 790 2056 grata
821 2000 1049 2054 uideretur,
1081 2001 1347 2054 attingerent,
1381 2000 1628 2053 animosque

190 2064 276 2101 tam
307 2061 362 2101 ab
394 2059 505 2101 omni
548 2059 735 2101 auarioia
778 2073 949 2100 auersos
983 2073 1107 2114 quam
1139 2072 1163 2099 a
1193 2063 1310 2099 metu
1340 2061 1525 2098 remotos
1558 2057 1628 2097 ha-

191 2118 350 2169 berent,
382 2131 520 2173 neque
552 2117 622 2159 uel
652 2122 777 2172 captu
799 2117 949 2158 suauia
971 2117 1325 2171 concupiscerent,
1349 2115 1412 2155 uel
1436 2118 1628 2168 spectatu

190 2175 361 2217 horrida
401 2175 702 2228 formidarent,
745 2188 984 2230 quanquam
1024 2175 1066 2215 in
1106 2187 1268 2214 summa
1309 2173 1525 2226 utriusque
1566 2171 1627 2213 rei

189 2233 326 2275 forent
348 2234 469 2289 copia
489 2234 714 2276 uersaturi.
756 2233 866 2274 Fore
898 2233 1023 2285 enim,
1056 2235 1101 2273 ut
1122 2230 1246 2273 auide
1268 2230 1457 2284 capiendi
1480 2243 1626 2269 manus

189 2291 329 2333 subita
360 2306 497 2333 nexus
528 2291 762 2346 pertinacia
784 2305 808 2332 a
829 2304 873 2331 re
895 2294 1009 2331 tacta
1038 2289 1181 2331 diuelli
1202 2289 1422 2343 nequirent
1447 2291 1487 2327 et
1509 2285 1626 2340 quasi

175 2349 468 2391 inextricabili
511 2363 603 2391 cum
646 2349 718 2390 illa
757 2348 926 2390 uinculo
960 2347 1226 2389 nodarentur.
1256 2348 1260 2396 Ι
1289 2345 1483 2386 Ceterum
1516 2357 1627 2384 com-

190 2407 326 2463 posite
356 2412 586 2463 quaternos
617 2406 782 2461 ingredi
812 2406 940 2447 iubet.
982 2405 1174 2453 Quorum
1194 2403 1408 2445 Broderus
1431 2406 1472 2443 et
1495 2401 1627 2442 Buchi

190 2465 313 2521 primi
334 2466 498 2507 aditum
519 2468 696 2507 tentant.
739 2463 829 2506 Hos
852 2478 945 2505 cum
978 2476 1078 2517 rege
1108 2461 1351 2503 Thorkillus
1382 2460 1627 2513 insequitur.

192 2523 330 2565 Ceteri
353 2522 504 2564 deinde
527 2522 771 2578 compositis
793 2521 1043 2575 gradiuntur
1066 2520 1293 2562 ordinibus.
1328 2517 1440 2558 Edes
1462 2517 1627 2557 deintus

123 2593 159 2622 40
192 2581 382 2624 obsoleta
411 2595 486 2637 per
515 2585 651 2623 totum
685 2593 734 2622 ac
765 2580 806 2620 ui
837 2578 1039 2621 teterrimi
1070 2578 1237 2633 uaporis
1269 2575 1428 2627 offusa,
1461 2577 1629 2615 cuncto-

259 2654 338 2681 Saxo
358 2654 591 2682 Grammaticus.
1450 2642 1491 2677 19

1688 514 1718 539 p.
1735 505 1785 533 425

1681 2364 1710 2388 p.
1731 2356 1781 2381 4215
