1884 3126
659 246 710 252 —-
770 221 909 264 XIIII
972 246 1026 253 —
1483 223 1565 264 459

112 351 350 407 periculum
405 351 606 408 propulit.
685 351 853 407 Quippe
899 352 1042 394 Sueno
1089 352 1286 407 utrinque
1330 365 1383 393 ex
1430 351 1567 393 latere

113 409 385 452 aduersarios
441 411 598 466 partito
650 410 843 466 equitatu
901 411 1184 461 circunuolat,
1245 410 1569 465 deturbatisque

115 468 245 523 equis,
279 482 385 524 quos
419 473 529 510 retro
564 469 697 510 aciem
729 467 832 523 fuge
866 473 982 510 metu
1014 469 1254 519 locauerat,
1296 468 1467 523 ancipiti
1507 469 1568 509 in-

114 541 239 568 cursu
290 527 512 571 conclusos
560 526 820 582 exagitabat.
898 526 1024 574 Quod
1070 527 1141 568 ubi
1189 526 1309 568 uidet
1355 526 1568 579 Kanutus,

65 596 81 622 5
113 585 366 626 transuersis
399 585 533 626 aciem
564 584 781 641 principiis
814 584 996 635 instruit,
1028 590 1362 640 reuocatamque
1394 599 1419 626 a
1449 584 1569 640 pedi.-

114 643 227 684 tibus
267 657 452 698 pugnarn
494 643 548 684 ad
588 642 753 698 equites
793 642 1025 684 transtulit.
1088 642 1256 698 Quippe
1289 657 1313 684 a
1344 647 1465 697 tergo
1508 642 1569 684 in-

115 700 324 742 stantibus
359 714 434 742 ora.
465 700 689 742 aduertere
720 714 896 743 necesse
927 700 1089 742 habuit.
1145 700 1288 743 Sueno
1321 715 1440 755 uero,
1474 714 1569 742 cum

115 763 156 800 et
171 759 296 800 armis
313 758 525 801 diffideret
541 763 582 800 et
597 773 803 814 equorum
825 758 1016 814 pericula
1037 758 1299 810 formidaret,
1315 759 1569 801 transuersis

116 830 188 858 eos
220 817 361 872 preliis
393 816 597 872 fatigare,
641 832 722 860 non
765 831 938 858 manum
980 831 1076 858 cum
1110 817 1168 859 eis
1210 817 1298 859 acie
1331 831 1568 871 conserere,

47 886 83 914 10
114 889 200 917 non
231 875 450 930 pugnandi
486 876 649 928 copiam
682 874 835 926 facere,
867 874 942 916 sed
964 875 1127 917 incerto
1151 875 1292 917 Marte
1313 875 1569 930 ludificatos,

115 938 209 975 estu
254 947 303 974 ac
353 933 599 975 lassitudine
645 932 909 989 superandos
956 934 1153 987 curabat,
1199 947 1272 975 eos
1320 933 1571 988 grauissime

115 991 311 1046 adortus,
358 992 427 1047 qui
459 992 669 1033 communi
712 992 802 1032 acie
843 991 1011 1046 longius
1044 991 1328 1044 excedentes,
1367 991 1569 1034 audacius

115 1054 252 1092 semet
283 1049 583 1106 propulsandis
618 1050 811 1092 obiecere
832 1049 1044 1105 periculis.
1095 1050 1238 1091 Variis
1277 1050 1404 1104 igitur
1433 1049 1568 1106 irrup-

117 1108 309 1150 cionibus
343 1108 541 1160 lacessiti,
575 1108 810 1163 crebroque
840 1108 1002 1163 impetu
1024 1111 1066 1150 et
1088 1108 1268 1164 obliquis
1292 1108 1568 1150 concursibus

47 1177 83 1204 15
115 1166 301 1221 lacerati,
334 1166 507 1208 tandem
540 1166 697 1208 uirium
727 1166 873 1221 inopia
905 1165 959 1207 ad
982 1170 1146 1208 tantam
1179 1167 1368 1222 corporis
1398 1166 1566 1208 lassitu-

114 1224 257 1266 dinem
274 1229 577 1280 peruenerunt,
594 1229 641 1266 ut
658 1229 800 1279 preter
822 1238 1092 1266 communem
1108 1224 1389 1280 belligerandi
1406 1239 1568 1266 morem

113 1282 156 1323 in
188 1283 280 1336 ipso
305 1283 544 1324 certaminis
566 1283 716 1325 ardore
741 1283 930 1324 sessione
953 1287 1194 1339 pausarent.
1237 1282 1453 1338 Cumque*
1486 1296 1566 1324 nec
1587 1288 1776 1318 GXXXV1⁰

114 1340 168 1382 ad
191 1340 336 1395 fugam
358 1355 436 1382 nec
467 1341 518 1382 ad
543 1355 731 1397 pugnam
755 1341 819 1382 uis
851 1340 938 1382 ulla
969 1345 1232 1397 suppeteret,
1266 1341 1364 1383 dum
1388 1341 1568 1384 sollicite

115 1398 261 1440 salutis
294 1399 478 1454 presidia
512 1399 865 1454 circunspiciunt,
898 1399 1122 1455 oppidum,
1157 1400 1277 1442 cuius
1308 1400 1436 1455 paulo
1470 1403 1568 1441 ante

43 1467 80 1494 20
110 1457 266 1498 incolas
297 1457 518 1511 fuderant,
563 1457 796 1512 composita
835 1457 924 1499 acie
967 1458 1173 1513 paulatim
1206 1457 1408 1499 accedere
1450 1458 1568 1499 tutis-

113 1515 264 1557 simum
297 1515 472 1567 ducunt,
505 1515 682 1558 subsidii
706 1516 800 1556 loco
825 1515 1013 1557 hostium
1035 1517 1157 1558 tectis
1178 1516 1311 1558 usuri.
1351 1515 1415 1557 Eo
1438 1516 1568 1571 igitur

111 1573 291 1615 seruatis
332 1573 548 1616 ordinibus
589 1574 802 1616 incessum
841 1571 1076 1629 emoluent,
1123 1575 1379 1630 procuratis,
1427 1574 1497 1629 qui
1541 1588 1565 1615 a
1622 1580 1719 1614 [msa

111 1635 231 1685 tergo
281 1636 479 1673 curarent
530 1632 783 1687 hostemque
834 1632 1074 1687 retrogradi
1107 1633 1349 1689 pellerent.
1429 1632 1568 1674 Tanta

114 1689 351 1745 plerunque
383 1690 647 1732 necessitatis
679 1690 833 1731 fiducia
864 1695 939 1732 est.

42 1757 79 1785 25
253 1748 374 1791 Tunc
407 1748 576 1790 Barcho
610 1747 794 1804 quidam,
825 1748 1164 1804 promptissimus
1187 1748 1398 1791 Suenonis
1431 1748 1562 1801 miles,

112 1805 165 1846 ab
197 1805 454 1848 aduersariis
497 1806 683 1862 undique
727 1806 1051 1860 circunuentus,
1096 1807 1360 1849 innumeram
1392 1821 1565 1848 manum

112 1863 363 1906 ammirabili
394 1865 509 1906 solus
540 1865 700 1906 uirtute
722 1864 934 1906 sustinuit.
979 1864 1182 1917 Tandem,
1215 1866 1377 1907 obfusis
1409 1864 1566 1907 sudore

113 1923 258 1975 oculis,
290 1923 412 1978 pulso
445 1923 619 1978 clypeo,
652 1923 798 1964 ambas
832 1922 1007 1978 bipenni
1037 1938 1189 1966 manus
1220 1924 1428 1976 inserere,
1467 1937 1565 1978 pro-

111 1980 271 2022 miscue
304 1980 450 2022 cedem
491 1981 665 2032 facere,
689 1980 834 2022 hostes
866 1995 916 2022 ac
948 1982 1084 2024 socios
1115 1983 1235 2023 iuxta
1265 1981 1417 2031 ferire,
1458 1981 1566 2023 nulli

42 2049 79 2077 30
110 2039 284 2094 propius
316 2039 491 2081 instanti
522 2053 711 2095 parcere.
759 2039 854 2087 Quo
878 2038 981 2089 uiso,
1004 2039 1320 2094 Waldemarus,
1343 2039 1409 2082 cui
1432 2039 1566 2081 multa

112 2110 257 2138 secum
290 2111 343 2138 ex
376 2097 511 2139 ueteri
542 2097 741 2139 conuictu
762 2097 1026 2140 familiaritas
1059 2102 1162 2151 erat,
1195 2099 1398 2140 memoria
1429 2098 1566 2153 prisce

113 2155 300 2196 caritatis
333 2159 509 2197 euectus
544 2169 652 2210 equo
687 2156 804 2197 ocius
828 2154 1018 2208 aduolat,
1052 2158 1252 2198 extremis
1284 2156 1407 2198 amici
1438 2157 1566 2197 rebus

113 2211 266 2254 adesse
297 2214 486 2269 cupiens,
551 2213 688 2261 Quem
723 2213 891 2256 Barcho
925 2213 1220 2256 aduersarium
1251 2219 1382 2265 ratus,
1429 2214 1564 2256 relata

115 2270 284 2326 bipenni
316 2271 544 2313 instantem
576 2271 755 2326 appetit.
819 2270 903 2312 Sed
926 2271 1241 2323 Waldemarus,
1274 2277 1475 2328 prerepto
1499 2286 1564 2324 eo,

44 2340 79 2368 35
109 2329 240 2370 ictum
273 2329 387 2370 ocior
419 2330 653 2371 anteuenit.
717 2329 941 2371 Manubrio
975 2330 1064 2372 solo
1097 2332 1269 2385 scapule
1313 2331 1402 2372 eius
1434 2330 1565 2372 uehe-

110 2391 275 2428 menter
307 2387 509 2441 impacto,
550 2386 709 2428 ferrum
750 2386 921 2429 excidit.
984 2387 1071 2429 Vix
1104 2388 1319 2430 hominem
1361 2389 1470 2429 inter
1501 2390 1567 2429 tot

110 2458 240 2497 arma,
282 2449 347 2486 tot
387 2445 529 2486 hostes
573 2445 772 2487 obnixius
805 2446 1162 2489 contranitentem
1209 2460 1382 2488 seruare
1412 2446 1565 2501 potuit.

108 2501 195 2543 Diu
216 2502 390 2544 tandem
414 2503 679 2544 obluctatum
702 2502 892 2556 abducit,
925 2503 1190 2560 inuitumque
1213 2504 1340 2546 saluti
1366 2503 1565 2545 restituit.

112 2559 194 2607 Qui
227 2564 455 2615 postquam
485 2575 531 2602 se
563 2560 618 2602 ab
648 2560 898 2603 amicissimo
931 2562 1116 2604 salutari·
1139 2563 1345 2618 capcione
1371 2561 1564 2616 pertrahi

42 2630 77 2658 40
109 2618 238 2672 uidet,
271 2619 453 2662 libenter
485 2617 654 2675 quidem
689 2619 776 2661 eius
809 2633 932 2675 opem
967 2621 1164 2676 excipere
1199 2620 1328 2674 dixit,
1370 2619 1445 2662 sed
1477 2633 1564 2661 non
