1884 3126
140 918 174 944 10

140 1208 173 1235 15

135 1497 173 1524 20

789 270 841 275 —-
901 246 968 289 XI
1030 273 1082 279 —
1577 247 1660 289 369

207 389 436 432 pugneque
469 389 518 416 ac
549 375 833 430 periculorum
866 376 1007 418 oblitis
1038 376 1205 419 auidius
1238 381 1281 419 te
1311 374 1503 419 intuendi
1528 388 1660 442 quam

207 450 251 477 se
285 435 400 490 ipsos
433 433 581 475 tuendi
612 433 800 475 studium
829 434 1052 488 incussisti,
1083 435 1142 476 ita
1169 439 1217 477 ut
1237 433 1540 500 promptissimi
1570 433 1659 490 qui-

207 508 303 549 que,
336 492 531 547 neglecto
555 491 804 533 discriminis
835 493 901 533 sui
924 494 1118 547 negocio,
1152 494 1245 548 plus
1271 499 1311 535 te
1333 494 1424 534 uiso
1458 492 1657 547 stuporis,

206 566 334 607 quam
366 565 420 592 ex
454 550 583 591 dubia
614 551 751 592 salute
783 550 1018 593 formidinis
1050 556 1261 618 caperent.
1322 551 1475 606 Itaque
1504 549 1657 592 sorcius

205 611 317 652 fuste
350 623 475 665 quam
509 609 637 650 ceteri
669 608 780 650 ferro
808 623 896 651 rem
921 610 1104 664 gessisti,
1138 615 1372 665 cunctaque
1402 608 1658 650 intolerabili

206 668 331 710 modo
365 667 650 709 comminuens
683 667 780 708 hinc
808 667 996 722 Danicis,
1027 667 1125 709 inde
1146 667 1188 710 N
1193 668 1398 723 oruagicis
1432 668 1563 710 oculis
1594 667 1656 708 in-

208 726 468 777 credibilem,
500 725 579 766 nisi
610 726 874 780 spectareris,
908 739 1080 781 operam
1113 726 1294 768 edidisti.
1357 726 1480 768 Adeo
1513 731 1655 768 autem

206 785 418 827 sociorum
468 783 731 840 paucitatem
775 784 962 826 hostium
1014 785 1273 833 multitudini
1320 784 1558 840 coequasti,
1609 788 1656 826 ut

207 843 419 899 disparem
450 841 611 883 uiribus
655 856 845 898 pugnam
875 843 918 883 in
959 847 1124 885 noctem
1155 857 1289 898 usque
1320 856 1398 899 par
1432 843 1529 884 belli
1561 856 1654 884 suc-

205 916 346 944 cessus
392 900 663 954 extraheret,
711 914 973 956 numeroque
1019 901 1242 944 dissimiles
1290 901 1433 956 copias
1483 900 1655 942 fortuna

204 959 439 1016 persimiles
462 957 694 1000 reddidisti.
737 959 963 1000 Postremo
988 973 1083 1001 cum
1105 974 1272 1001 omnem
1295 960 1416 1001 nauis
1448 959 1653 1014 remigem

206 1018 357 1073 partim
390 1017 519 1071 fuste,
551 1017 704 1071 partim
736 1017 934 1058 fluctibus
966 1018 1201 1072 obruisses,
1234 1017 1547 1072 compluribus,
1578 1016 1652 1058 sed

204 1076 370 1118 leuibus
418 1075 554 1130 plagis
599 1075 849 1129 perstrictus
896 1089 950 1116 ex
1000 1079 1063 1117 tot
1113 1076 1306 1118 hostibus
1347 1074 1652 1116 ammirabilem

205 1134 321 1176 solus
343 1133 561 1175 uictoriam
593 1132 788 1175 retulisti.
850 1133 943 1181 Que
975 1148 1041 1176 res
1075 1135 1163 1176 ueri
1194 1134 1321 1175 fidem
1347 1133 1584 1182 excederet,
1616 1134 1652 1175 si

203 1207 287 1235 non
310 1192 503 1234 Absolon
536 1195 684 1232 auctor
715 1191 811 1233 suis⁴
834 1206 928 1233 eam
950 1193 1153 1234 relatibus
1185 1191 1440 1234 tradidisset.
1488 1191 1650 1233 Verum

203 1251 336 1292 Danis
366 1250 526 1291 nullam
557 1249 712 1290 uirium
743 1250 1028 1292 accessionem
1061 1250 1502 1306 circunspicientibus,
1546 1249 1651 1291 Nor-

204 1308 477 1363 uagiensibus
522 1307 760 1362 insperatus
804 1307 1023 1350 domestici
1069 1309 1186 1351 ducis
1224 1309 1431 1350 aduentus
1479 1308 1649 1349 affulsit.

205 1366 299 1415 Quo
331 1367 438 1419 uiso,
471 1364 736 1420 Scanienses,
769 1366 953 1408 contusis
977 1366 1291 1422 debilitatisque
1315 1366 1475 1418 animis,
1506 1370 1648 1417 noctu,

203 1439 256 1467 ne
288 1439 356 1467 res
388 1424 569 1479 strepitu
600 1423 878 1478 proderetur,
913 1424 1054 1466 classis
1087 1426 1333 1467 societatem
1364 1424 1554 1477 soluere,
1586 1438 1649 1466 re-

203 1483 382 1538 cisisque
431 1481 611 1523 uinculis
662 1495 711 1522 ac
762 1487 964 1538 perrupta
1014 1482 1242 1538 nexu<u>m
1288 1483 1576 1535 consercione,
1624 1496 1649 1523 a

205 1546 343 1583 cetero
391 1540 559 1595 agmine
599 1539 853 1594 intempesta
896 1555 942 1582 se
986 1546 1109 1583 nocte
1155 1541 1409 1584 subducunt.
1481 1540 1648 1582 Deinde

203 1599 341 1641 tacitis
387 1611 603 1645 remorum
642 1598 793 1639 ictibus
838 1597 984 1653 fugam
1034 1600 1202 1655 adepti,
1254 1599 1411 1641 furtiuo
1462 1599 1650 1640 discessu

167 1686 169 1688 -
203 1657 387 1699 fluminis
419 1656 687 1709 diuerticula,
719 1657 870 1723 quibus
894 1663 1179 1710 excesserant,
1212 1658 1474 1723 repeteb,ant
1506 1657 1648 1712 ibique

133 1788 171 1815 25

137 2077 173 2105 30

136 2367 173 2395 35

203 1716 362 1758 relictis
393 1715 586 1767 nauibUS,
618 1715 777 1769 passim
799 1728 874 1770 per
895 1716 992 1756 auia
1013 1691 1256 1772 profugere,
1289 1716 1438 1757 merito
1467 1718 1472 1765 1
1501 1712 1649 1769 οΠιῐιίεΗ

202 1774 365 1816 Danice
405 1772 528 1815 etatis
560 1772 749 1814 conuicio
782 1774 1012 1816 lacerandi.
1088 1774 1214 1816 Cuius
1230 1773 1346 1829 fuge
1388 1772 1645 1825 deformitas,

204 1831 448 1874 auctoribus
471 1844 597 1886 quam
620 1831 804 1873 maxime
822 1830 1162 1887 erub<e>scenda,
1188 1818 1239 1875 ad
1262 1837 1457 1888 posteros
1481 1845 1648 1886 quoque

203 1890 408 1947 probrosa
448 1888 680 1930 descendit
748 1889 864 1931 Luce
904 1889 1133 1945 red<d>ita,
1175 1891 1339 1941 Sileno,
1379 1890 1563 1944 fugitiue
1596 1888 1648 1930 ad

203 1948 375 1990 modum
410 1947 552 1989 classis
585 1946 748 2001 pudore
778 1948 1019 2003 perculsus,
1062 1949 1396 2005 pertinacissima
1427 1947 1649 1989 resistendi

203 2007 362 2048 uirtute
401 2006 616 2048 fortunam
655 2019 775 2047 suam
814 2007 939 2048 armis
980 2021 1108 2062 quam
1149 2008 1249 2062 fuge
1283 2007 1453 2048 credere
1485 2005 1647 2047 maluit.

202 2065 352 2119 Igitur,
382 2076 624 2128 quanquam
657 2067 698 2104 et
729 2064 870 2106 classis
902 2068 943 2107 et
974 2066 1154 2108 militum
1189 2079 1366 2107 numero
1408 2064 1649 2106 inferiorem

205 2137 251 2164 se
294 2126 508 2176 cerneret,
551 2121 725 2175 exiguas
759 2122 870 2165 bello
910 2123 1108 2179 reliquias
1141 2124 1350 2179 applicat,
1385 2123 1540 2164 uirtute
1573 2134 1649 2162 sua

206 2180 359 2222 sociale
391 2179 592 2236 probrum
614 2179 786 2222 abluere
818 2181 1004 2246 cupiens,
1038 2182 1231 2237 bellaque
1254 2182 1492 2222 animorum
1523 2193 1647 2235 quam

204 2238 368 2279 numeri
399 2237 551 2279 robore
571 2236 726 2278 forcius
747 2238 837 2292 geri
859 2239 1059 2281 iudicans.
1110 2240 1193 2282 Sed
1215 2238 1464 2294 pestiferum
1486 2243 1646 2279 temere

205 2296 295 2337 initi
317 2295 554 2337 certaminis
577 2295 738 2337 exitum
762 2300 961 2362 expertus
988 2302 1067 2352 est3
1102 2298 1257 2353 quippe
1278 2311 1452 2339 numero
1474 2295 1647 2337 uictoria

202 2354 356 2410 paruit.
403 2352 606 2409 Skyalmo
639 2353 867 2408 Candidus,
889 2355 1007 2396 cuius
1039 2362 1146 2397 nutu
1179 2370 1254 2397 suo
1286 2360 1480 2420 tempore
1511 2353 1646 2396 tocius

206 2411 419 2454 Sialandie
449 2411 562 2452 uires
593 2411 865 2466 regebantur,
888 2414 1074 2466 grauiter
1104 2414 1324 2466 astrictus,
1355 2413 1646 2466 immensaque

205 2469 389 2511 hostium
432 2468 702 2510 multitudine
727 2470 972 2522 conclusus,
1004 2471 1188 2537 capitur,
1230 2485 1315 2514 non
1347 2469 1459 2526 quod
1501 2468 1645 2511 timide

205 2528 417 2583 preliatus,
448 2526 522 2568 sed
544 2527 654 2581 quia,
674 2526 843 2569 labente
866 2529 1085 2584 sanguine,
1108 2530 1265 2572 uiribus
1287 2542 1459 2586 prorsus
1482 2541 1644 2570 uacuus

208 2586 369 2637 extitit3
403 2590 654 2638 tantumque
679 2585 769 2627 eius
793 2586 905 2640 apud
929 2587 1111 2629 uictores
1143 2587 1405 2654 amplitudipi
1439 2586 1643 2629 donatum

137 2657 173 2685 40
203 2647 279 2697 est,
310 2647 370 2697 ut,
403 2643 505 2684 alias
538 2642 714 2698 captiuis
746 2657 920 2698 parcere
950 2645 1120 2698 insoliti,
1151 2647 1274 2688 saluti
1297 2644 1429 2702 ipsius
1451 2644 1644 2687 custodie

274 2717 354 2744 Saxo
373 2717 603 2745 Grammaticus.
1461 2711 1506 2750 24

1703 1731 1731 1756 p.
1751 1723 1802 1748 554

1698 1779 1791 1814 (207)
