<?xml version="1.0" encoding="UTF-8"?>
<!DOCTYPE html PUBLIC "-//W3C//DTD XHTML 1.0 Transitional//EN"
    "http://www.w3.org/TR/xhtml1/DTD/xhtml1-transitional.dtd">
<html xmlns="http://www.w3.org/1999/xhtml" xml:lang="en" lang="en">
 <head>
  <title>
</title>
<meta http-equiv="Content-Type" content="text/html;charset=utf-8" />
  <meta name='ocr-system' content='tesseract 3.04.00' />
  <meta name='ocr-capabilities' content='ocr_page ocr_carea ocr_par ocr_line ocrx_word'/>
</head>
<body>
  <div class='ocr_page' id='page_1' title='image "./saxonisgrammatic00saxouoft_0301.png"; bbox 0 0 1884 3126; ppageno 0'>
   <div class='ocr_carea' id='block_1_1' title="bbox 715 233 1582 284">
    <p class='ocr_par' dir='ltr' id='par_1_1' title="bbox 715 233 1582 284">
     <span class='ocr_line' id='line_1_1' title="bbox 715 233 1582 284; baseline -0.001 0"><span class='ocrx_word' id='word_1_1' title='bbox 715 258 764 265; x_wconf 87' lang='lat'>-</span> <span class='ocrx_word' id='word_1_2' title='bbox 826 233 890 276; x_wconf 75' lang='lat' dir='ltr'>VI</span> <span class='ocrx_word' id='word_1_3' title='bbox 958 260 1004 265; x_wconf 50' lang='lat'>„</span> <span class='ocrx_word' id='word_1_4' title='bbox 1501 241 1582 284; x_wconf 79' lang='lat'>207</span> 
     </span>
    </p>
   </div>
   <div class='ocr_carea' id='block_1_2' title="bbox 418 361 1206 477">
    <p class='ocr_par' dir='ltr' id='par_1_2' title="bbox 418 361 1206 477">
     <span class='ocr_line' id='line_1_2' title="bbox 418 361 1206 408; baseline 0.008 -6"><span class='ocrx_word' id='word_1_5' title='bbox 418 361 548 403; x_wconf 85' lang='lat' dir='ltr'>Cuius</span> <span class='ocrx_word' id='word_1_6' title='bbox 580 361 620 403; x_wconf 91' lang='lat' dir='ltr'>in</span> <span class='ocrx_word' id='word_1_7' title='bbox 653 362 802 404; x_wconf 82' lang='lat' dir='ltr'>luxum</span> <span class='ocrx_word' id='word_1_8' title='bbox 835 363 1019 408; x_wconf 85' lang='lat' dir='ltr'>studium</span> <span class='ocrx_word' id='word_1_9' title='bbox 1050 365 1206 408; x_wconf 86' lang='lat' dir='ltr'>refudit</span> 
     </span>
     <span class='ocr_line' id='line_1_3' title="bbox 486 419 914 477; baseline 0.005 -16"><span class='ocrx_word' id='word_1_10' title='bbox 486 473 488 475; x_wconf 6' lang='lat' dir='ltr'>K</span> <span class='ocrx_word' id='word_1_11' title='bbox 552 419 671 462; x_wconf 81' lang='lat' dir='ltr'>Feda</span> <span class='ocrx_word' id='word_1_12' title='bbox 703 420 914 477; x_wconf 87' lang='lat' dir='ltr'>uoluptas.</span> 
     </span>
    </p>
   </div>
   <div class='ocr_carea' id='block_1_3' title="bbox 92 524 1290 743">
    <p class='ocr_par' dir='ltr' id='par_1_3' title="bbox 92 524 1290 743">
     <span class='ocr_line' id='line_1_4' title="bbox 416 524 1230 583; baseline 0.005 -17"><span class='ocrx_word' id='word_1_13' title='bbox 416 524 557 567; x_wconf 82' lang='lat' dir='ltr'>Olaret</span> <span class='ocrx_word' id='word_1_14' title='bbox 589 524 775 567; x_wconf 88' lang='lat' dir='ltr'>Haldani</span> <span class='ocrx_word' id='word_1_15' title='bbox 808 529 921 568; x_wconf 80' lang='lat' dir='ltr'>ratus</span> <span class='ocrx_word' id='word_1_16' title='bbox 955 541 1045 569; x_wconf 86' lang='lat' dir='ltr'>esse</span> <span class='ocrx_word' id='word_1_17' title='bbox 1076 542 1230 583; x_wconf 88' lang='lat' dir='ltr'>sermo,</span> 
     </span>
     <span class='ocr_line' id='line_1_5' title="bbox 417 583 1215 638; baseline 0.005 -14"><span class='ocrx_word' id='word_1_18' title='bbox 417 583 499 631; x_wconf 81' lang='lat' dir='ltr'>Qui</span> <span class='ocrx_word' id='word_1_19' title='bbox 529 583 653 625; x_wconf 87' lang='lat' dir='ltr'>breui</span> <span class='ocrx_word' id='word_1_20' title='bbox 682 584 803 626; x_wconf 90' lang='lat' dir='ltr'>nobis</span> <span class='ocrx_word' id='word_1_21' title='bbox 836 585 984 626; x_wconf 78' lang='lat' dir='ltr'>cecinit</span> <span class='ocrx_word' id='word_1_22' title='bbox 1015 585 1215 638; x_wconf 85' lang='lat' dir='ltr'>futurum,</span> 
     </span>
     <span class='ocr_line' id='line_1_6' title="bbox 92 641 1290 698; baseline 0.006 -18"><span class='ocrx_word' id='word_1_23' title='bbox 92 649 108 675; x_wconf 85' lang='lat'>5</span> <span class='ocrx_word' id='word_1_24' title='bbox 417 641 542 690; x_wconf 79' lang='lat' dir='ltr'>Quod</span> <span class='ocrx_word' id='word_1_25' title='bbox 574 642 683 697; x_wconf 85' lang='lat' dir='ltr'>patri</span> <span class='ocrx_word' id='word_1_26' title='bbox 716 655 848 697; x_wconf 87' lang='lat' dir='ltr'>gnaro</span> <span class='ocrx_word' id='word_1_27' title='bbox 880 643 1148 698; x_wconf 83' lang='lat' dir='ltr'>generandus</span> <span class='ocrx_word' id='word_1_28' title='bbox 1182 653 1290 687; x_wconf 85' lang='lat' dir='ltr'>esset</span> 
     </span>
     <span class='ocr_line' id='line_1_7' title="bbox 553 700 887 743; baseline 0.006 -3"><span class='ocrx_word' id='word_1_29' title='bbox 553 700 688 742; x_wconf 84' lang='lat' dir='ltr'>Filius</span> <span class='ocrx_word' id='word_1_30' title='bbox 721 714 887 743; x_wconf 78' lang='lat' dir='ltr'>excors.</span> 
     </span>
    </p>
   </div>
   <div class='ocr_carea' id='block_1_4' title="bbox 75 804 1309 1035">
    <p class='ocr_par' dir='ltr' id='par_1_4' title="bbox 75 804 1309 1035">
     <span class='ocr_line' id='line_1_8' title="bbox 415 804 1309 861; baseline 0.003 -16"><span class='ocrx_word' id='word_1_31' title='bbox 415 804 619 859; x_wconf 82' lang='lat' dir='ltr'>Degener</span> <span class='ocrx_word' id='word_1_32' title='bbox 650 818 890 860; x_wconf 86' lang='lat' dir='ltr'>quanquam</span> <span class='ocrx_word' id='word_1_33' title='bbox 922 809 1143 861; x_wconf 82' lang='lat' dir='ltr'>reputetur</span> <span class='ocrx_word' id='word_1_34' title='bbox 1174 806 1309 861; x_wconf 87' lang='lat' dir='ltr'>heres⁷</span> 
     </span>
     <span class='ocr_line' id='line_1_9' title="bbox 414 862 1249 919; baseline 0.001 -15"><span class='ocrx_word' id='word_1_35' title='bbox 414 862 509 905; x_wconf 89' lang='lat' dir='ltr'>Non</span> <span class='ocrx_word' id='word_1_36' title='bbox 541 877 645 918; x_wconf 86' lang='lat' dir='ltr'>opes</span> <span class='ocrx_word' id='word_1_37' title='bbox 677 864 821 917; x_wconf 85' lang='lat' dir='ltr'>magni</span> <span class='ocrx_word' id='word_1_38' title='bbox 852 864 994 919; x_wconf 86' lang='lat' dir='ltr'>paciar</span> <span class='ocrx_word' id='word_1_39' title='bbox 1024 863 1249 906; x_wconf 83' lang='lat' dir='ltr'>Frothonis</span> 
     </span>
     <span class='ocr_line' id='line_1_10' title="bbox 110 916 1166 977; baseline 0.002 -15"><span class='ocrx_word' id='word_1_40' title='bbox 110 953 112 955; x_wconf 84' lang='lat'>-</span> <span class='ocrx_word' id='word_1_41' title='bbox 412 919 603 962; x_wconf 85' lang='lat' dir='ltr'>Aduenis</span> <span class='ocrx_word' id='word_1_42' title='bbox 635 921 751 963; x_wconf 88' lang='lat' dir='ltr'>lucro</span> <span class='ocrx_word' id='word_1_43' title='bbox 783 916 889 974; x_wconf 82' lang='lat' dir='ltr'>fore,</span> <span class='ocrx_word' id='word_1_44' title='bbox 919 922 989 963; x_wconf 90' lang='lat' dir='ltr'>uel</span> <span class='ocrx_word' id='word_1_45' title='bbox 1021 923 1166 977; x_wconf 82' lang='lat' dir='ltr'>rapine</span> 
     </span>
     <span class='ocr_line' id='line_1_11' title="bbox 75 979 868 1035; baseline 0.001 -15"><span class='ocrx_word' id='word_1_46' title='bbox 75 986 110 1014; x_wconf 89' lang='lat'>10</span> <span class='ocrx_word' id='word_1_47' title='bbox 552 979 674 1021; x_wconf 90' lang='lat' dir='ltr'>More</span> <span class='ocrx_word' id='word_1_48' title='bbox 706 983 868 1035; x_wconf 86' lang='lat' dir='ltr'>patere.</span> 
     </span>
    </p>
   </div>
   <div class='ocr_carea' id='block_1_5' title="bbox 74 1095 1744 1383">
    <p class='ocr_par' dir='ltr' id='par_1_5' title="bbox 74 1095 1744 1383">
     <span class='ocr_line' id='line_1_12' title="bbox 216 1095 1583 1153; baseline 0.003 -18"><span class='ocrx_word' id='word_1_49' title='bbox 216 1122 219 1125; x_wconf 92' lang='lat'><em>-</em></span> <span class='ocrx_word' id='word_1_50' title='bbox 275 1095 342 1136; x_wconf 93' lang='lat' dir='ltr'>Ad</span> <span class='ocrx_word' id='word_1_51' title='bbox 366 1095 485 1147; x_wconf 43' lang='lat' dir='ltr'>‚hanc</span> <span class='ocrx_word' id='word_1_52' title='bbox 516 1109 665 1138; x_wconf 89' lang='lat' dir='ltr'>uocem</span> <span class='ocrx_word' id='word_1_53' title='bbox 699 1095 951 1143; x_wconf 86' lang='lat' dir='ltr'>tremefacta</span> <span class='ocrx_word' id='word_1_54' title='bbox 980 1096 1148 1150; x_wconf 84' lang='lat' dir='ltr'>regina,</span> <span class='ocrx_word' id='word_1_55' title='bbox 1190 1097 1426 1139; x_wconf 85' lang='lat' dir='ltr'>detractum</span> <span class='ocrx_word' id='word_1_56' title='bbox 1460 1099 1583 1153; x_wconf 84' lang='lat' dir='ltr'>capiti</span> 
     </span>
     <span class='ocr_line' id='line_1_13' title="bbox 138 1153 1582 1210; baseline 0.001 -15"><span class='ocrx_word' id='word_1_57' title='bbox 138 1168 214 1195; x_wconf 86' lang='lat' dir='ltr'>suo</span> <span class='ocrx_word' id='word_1_58' title='bbox 246 1153 552 1207; x_wconf 82' lang='lat' dir='ltr'>redimiculum,</span> <span class='ocrx_word' id='word_1_59' title='bbox 587 1168 668 1210; x_wconf 93' lang='lat' dir='ltr'>quo</span> <span class='ocrx_word' id='word_1_60' title='bbox 701 1154 812 1196; x_wconf 85' lang='lat' dir='ltr'>forte</span> <span class='ocrx_word' id='word_1_61' title='bbox 844 1154 1096 1208; x_wconf 88' lang='lat' dir='ltr'>capillieium</span> <span class='ocrx_word' id='word_1_62' title='bbox 1128 1155 1384 1197; x_wconf 84' lang='lat' dir='ltr'>muliebriter</span> <span class='ocrx_word' id='word_1_63' title='bbox 1406 1156 1582 1197; x_wconf 84' lang='lat' dir='ltr'>adorna-</span> 
     </span>
     <span class='ocr_line' id='line_1_14' title="bbox 137 1211 1582 1269; baseline 0.001 -15"><span class='ocrx_word' id='word_1_64' title='bbox 137 1212 222 1263; x_wconf 84' lang='lat' dir='ltr'>bat,</span> <span class='ocrx_word' id='word_1_65' title='bbox 254 1212 430 1254; x_wconf 84' lang='lat' dir='ltr'>efferato</span> <span class='ocrx_word' id='word_1_66' title='bbox 463 1212 576 1265; x_wconf 86' lang='lat' dir='ltr'>seni,</span> <span class='ocrx_word' id='word_1_67' title='bbox 610 1216 811 1267; x_wconf 79' lang='lat' dir='ltr'>tanquam</span> <span class='ocrx_word' id='word_1_68' title='bbox 846 1211 1049 1253; x_wconf 88' lang='lat' dir='ltr'>beneficio</span> <span class='ocrx_word' id='word_1_69' title='bbox 1084 1212 1208 1254; x_wconf 89' lang='lat' dir='ltr'>bilem</span> <span class='ocrx_word' id='word_1_70' title='bbox 1242 1219 1455 1263; x_wconf 83' lang='lat' dir='ltr'>auersura,</span> <span class='ocrx_word' id='word_1_71' title='bbox 1489 1228 1582 1269; x_wconf 85' lang='lat' dir='ltr'>por-</span> 
     </span>
     <span class='ocr_line' id='line_1_15' title="bbox 137 1269 1744 1326; baseline 0.001 -15"><span class='ocrx_word' id='word_1_72' title='bbox 137 1271 260 1313; x_wconf 81' lang='lat' dir='ltr'>rexit.</span> <span class='ocrx_word' id='word_1_73' title='bbox 307 1270 401 1318; x_wconf 86' lang='lat' dir='ltr'>Quo</span> <span class='ocrx_word' id='word_1_74' title='bbox 433 1269 751 1312; x_wconf 57' lang='lat' dir='ltr'>²³*Starcatherus</span> <span class='ocrx_word' id='word_1_75' title='bbox 785 1284 911 1326; x_wconf 90' lang='lat' dir='ltr'>quam</span> <span class='ocrx_word' id='word_1_76' title='bbox 945 1271 1185 1325; x_wconf 84' lang='lat' dir='ltr'>turpissime</span> <span class='ocrx_word' id='word_1_77' title='bbox 1217 1272 1258 1312; x_wconf 92' lang='lat' dir='ltr'>in</span> <span class='ocrx_word' id='word_1_78' title='bbox 1290 1286 1335 1312; x_wconf 87' lang='lat' dir='ltr'>os</span> <span class='ocrx_word' id='word_1_79' title='bbox 1369 1271 1580 1313; x_wconf 83' lang='lat' dir='ltr'>offerentis</span> <span class='ocrx_word' id='word_1_80' title='bbox 1635 1279 1744 1308; x_wconf 74' lang='lat' dir='ltr'>LXHb</span> 
     </span>
     <span class='ocr_line' id='line_1_16' title="bbox 74 1328 1469 1383; baseline 0 -12"><span class='ocrx_word' id='word_1_81' title='bbox 74 1334 106 1362; x_wconf 80' lang='lat'>¹⁵</span> <span class='ocrx_word' id='word_1_82' title='bbox 138 1343 232 1371; x_wconf 88' lang='lat' dir='ltr'>cum</span> <span class='ocrx_word' id='word_1_83' title='bbox 264 1328 561 1383; x_wconf 81' lang='lat' dir='ltr'>indignacione</span> <span class='ocrx_word' id='word_1_84' title='bbox 592 1329 763 1381; x_wconf 86' lang='lat' dir='ltr'>reiecto,</span> <span class='ocrx_word' id='word_1_85' title='bbox 796 1329 908 1370; x_wconf 85' lang='lat' dir='ltr'>clara</span> <span class='ocrx_word' id='word_1_86' title='bbox 939 1343 1102 1371; x_wconf 87' lang='lat' dir='ltr'>rursum</span> <span class='ocrx_word' id='word_1_87' title='bbox 1137 1342 1240 1370; x_wconf 88' lang='lat' dir='ltr'>uoce</span> <span class='ocrx_word' id='word_1_88' title='bbox 1272 1329 1469 1371; x_wconf 88' lang='lat' dir='ltr'>recinuit:</span> 
     </span>
    </p>
   </div>
   <div class='ocr_carea' id='block_1_6' title="bbox 410 1444 1725 1675">
    <p class='ocr_par' dir='ltr' id='par_1_6' title="bbox 410 1444 1725 1675">
     <span class='ocr_line' id='line_1_17' title="bbox 410 1444 1210 1501; baseline 0.001 -15"><span class='ocrx_word' id='word_1_89' title='bbox 410 1444 594 1499; x_wconf 87' lang='lat' dir='ltr'>Amoue,</span> <span class='ocrx_word' id='word_1_90' title='bbox 626 1459 768 1501; x_wconf 83' lang='lat' dir='ltr'>queso,</span> <span class='ocrx_word' id='word_1_91' title='bbox 801 1445 1007 1487; x_wconf 87' lang='lat' dir='ltr'>muliebre</span> <span class='ocrx_word' id='word_1_92' title='bbox 1039 1446 1210 1499; x_wconf 81' lang='lat' dir='ltr'>donum,</span> 
     </span>
     <span class='ocr_line' id='line_1_18' title="bbox 411 1504 1145 1558; baseline 0.001 -13"><span class='ocrx_word' id='word_1_93' title='bbox 411 1504 467 1545; x_wconf 82' lang='lat' dir='ltr'>Et</span> <span class='ocrx_word' id='word_1_94' title='bbox 500 1508 573 1546; x_wconf 87' lang='lat' dir='ltr'>tuo</span> <span class='ocrx_word' id='word_1_95' title='bbox 605 1505 773 1545; x_wconf 81' lang='lat' dir='ltr'>mitram</span> <span class='ocrx_word' id='word_1_96' title='bbox 803 1504 930 1558; x_wconf 86' lang='lat' dir='ltr'>capiti</span> <span class='ocrx_word' id='word_1_97' title='bbox 961 1517 1145 1558; x_wconf 78' lang='lat' dir='ltr'>reponet,</span> 
     </span>
     <span class='ocr_line' id='line_1_19' title="bbox 411 1561 1201 1604; baseline -0.001 -1"><span class='ocrx_word' id='word_1_98' title='bbox 411 1562 575 1604; x_wconf 78' lang='lat' dir='ltr'>Infulas</span> <span class='ocrx_word' id='word_1_99' title='bbox 606 1576 727 1604; x_wconf 90' lang='lat' dir='ltr'>nemo</span> <span class='ocrx_word' id='word_1_100' title='bbox 759 1561 969 1603; x_wconf 83' lang='lat' dir='ltr'>Venerem</span> <span class='ocrx_word' id='word_1_101' title='bbox 1005 1563 1201 1603; x_wconf 81' lang='lat' dir='ltr'>decentes</span> 
     </span>
     <span class='ocr_line' id='line_1_20' title="bbox 552 1619 1725 1675; baseline 0.003 -13"><span class='ocrx_word' id='word_1_102' title='bbox 552 1619 693 1662; x_wconf 81' lang='lat' dir='ltr'>Fortis</span> <span class='ocrx_word' id='word_1_103' title='bbox 725 1619 914 1675; x_wconf 80' lang='lat' dir='ltr'>adoptat.</span> <span class='ocrx_word' id='word_1_104' title='bbox 1631 1646 1655 1671; x_wconf 77' lang='lat' dir='ltr'>p.</span> <span class='ocrx_word' id='word_1_105' title='bbox 1677 1639 1725 1667; x_wconf 61' lang='grc' dir='ltr'>ποτ</span> 
     </span>
    </p>
   </div>
   <div class='ocr_carea' id='block_1_7' title="bbox 65 1724 1486 1955">
    <p class='ocr_par' dir='ltr' id='par_1_7' title="bbox 65 1724 1486 1955">
     <span class='ocr_line' id='line_1_21' title="bbox 65 1724 1486 1780; baseline -0.001 -13"><span class='ocrx_word' id='word_1_106' title='bbox 65 1728 104 1756; x_wconf 77' lang='lat'>2⁰</span> <span class='ocrx_word' id='word_1_107' title='bbox 411 1725 634 1767; x_wconf 86' lang='lat' dir='ltr'>Absonum</span> <span class='ocrx_word' id='word_1_108' title='bbox 665 1739 847 1780; x_wconf 80' lang='lat' dir='ltr'>namque</span> <span class='ocrx_word' id='word_1_109' title='bbox 880 1729 956 1778; x_wconf 80' lang='lat' dir='ltr'>est,</span> <span class='ocrx_word' id='word_1_110' title='bbox 989 1729 1036 1766; x_wconf 80' lang='lat' dir='ltr'>ut</span> <span class='ocrx_word' id='word_1_111' title='bbox 1067 1725 1108 1765; x_wconf 88' lang='lat' dir='ltr'>in</span> <span class='ocrx_word' id='word_1_112' title='bbox 1139 1737 1254 1765; x_wconf 81' lang='lat' dir='ltr'>arma</span> <span class='ocrx_word' id='word_1_113' title='bbox 1283 1724 1486 1780; x_wconf 82' lang='lat' dir='ltr'>promptis</span> 
     </span>
     <span class='ocr_line' id='line_1_22' title="bbox 411 1782 1100 1838; baseline -0.001 -14"><span class='ocrx_word' id='word_1_114' title='bbox 411 1782 555 1825; x_wconf 82' lang='lat' dir='ltr'>Nexili</span> <span class='ocrx_word' id='word_1_115' title='bbox 589 1784 711 1825; x_wconf 86' lang='lat' dir='ltr'>crinis</span> <span class='ocrx_word' id='word_1_116' title='bbox 743 1783 946 1838; x_wconf 79' lang='lat' dir='ltr'>religetur</span> <span class='ocrx_word' id='word_1_117' title='bbox 977 1796 1100 1835; x_wconf 83' lang='lat' dir='ltr'>aur0;</span> 
     </span>
     <span class='ocr_line' id='line_1_23' title="bbox 409 1840 1213 1896; baseline -0.001 -15"><span class='ocrx_word' id='word_1_118' title='bbox 409 1840 610 1884; x_wconf 86' lang='lat' dir='ltr'>Mollibus</span> <span class='ocrx_word' id='word_1_119' title='bbox 643 1842 779 1883; x_wconf 84' lang='lat' dir='ltr'>cultus</span> <span class='ocrx_word' id='word_1_120' title='bbox 811 1841 1048 1896; x_wconf 84' lang='lat' dir='ltr'>tenerisque</span> <span class='ocrx_word' id='word_1_121' title='bbox 1082 1840 1213 1882; x_wconf 82' lang='lat' dir='ltr'>turbis</span> 
     </span>
     <span class='ocr_line' id='line_1_24' title="bbox 549 1899 887 1955; baseline -0.006 -13"><span class='ocrx_word' id='word_1_122' title='bbox 549 1899 764 1955; x_wconf 85' lang='lat' dir='ltr'>Competit</span> <span class='ocrx_word' id='word_1_123' title='bbox 794 1900 887 1941; x_wconf 85' lang='lat' dir='ltr'>iste.</span> 
     </span>
    </p>
   </div>
   <div class='ocr_carea' id='block_1_8' title="bbox 65 2003 1293 2164">
    <p class='ocr_par' dir='ltr' id='par_1_8' title="bbox 65 2003 1293 2164">
     <span class='ocr_line' id='line_1_25' title="bbox 408 2003 1208 2057; baseline -0.005 -9"><span class='ocrx_word' id='word_1_124' title='bbox 408 2007 470 2048; x_wconf 89' lang='lat' dir='ltr'>At</span> <span class='ocrx_word' id='word_1_125' title='bbox 500 2010 573 2048; x_wconf 90' lang='lat' dir='ltr'>tuo</span> <span class='ocrx_word' id='word_1_126' title='bbox 606 2020 757 2047; x_wconf 87' lang='lat' dir='ltr'>munus</span> <span class='ocrx_word' id='word_1_127' title='bbox 788 2004 902 2046; x_wconf 83' lang='lat' dir='ltr'>refer</span> <span class='ocrx_word' id='word_1_128' title='bbox 933 2004 1012 2045; x_wconf 82' lang='lat' dir='ltr'>hoe</span> <span class='ocrx_word' id='word_1_129' title='bbox 1044 2003 1208 2057; x_wconf 86' lang='lat' dir='ltr'>marito,</span> 
     </span>
     <span class='ocr_line' id='line_1_26' title="bbox 65 2061 1274 2119; baseline -0.007 -10"><span class='ocrx_word' id='word_1_130' title='bbox 65 2077 102 2104; x_wconf 76' lang='lat'>‘25</span> <span class='ocrx_word' id='word_1_131' title='bbox 408 2064 486 2106; x_wconf 80' lang='lat' dir='ltr'>Cui</span> <span class='ocrx_word' id='word_1_132' title='bbox 518 2064 657 2119; x_wconf 85' lang='lat' dir='ltr'>placet</span> <span class='ocrx_word' id='word_1_133' title='bbox 685 2064 825 2114; x_wconf 82' lang='lat' dir='ltr'>luxus,</span> <span class='ocrx_word' id='word_1_134' title='bbox 857 2061 1097 2117; x_wconf 85' lang='lat' dir='ltr'>digitusque</span> <span class='ocrx_word' id='word_1_135' title='bbox 1129 2061 1274 2118; x_wconf 77' lang='lat' dir='ltr'>prurit,</span> 
     </span>
     <span class='ocr_line' id='line_1_27' title="bbox 407 2119 1293 2164; baseline -0.008 0"><span class='ocrx_word' id='word_1_136' title='bbox 407 2122 521 2164; x_wconf 86' lang='lat' dir='ltr'>Dum</span> <span class='ocrx_word' id='word_1_137' title='bbox 556 2127 671 2164; x_wconf 86' lang='lat' dir='ltr'>nates</span> <span class='ocrx_word' id='word_1_138' title='bbox 705 2135 880 2163; x_wconf 83' lang='lat' dir='ltr'>uersans</span> <span class='ocrx_word' id='word_1_139' title='bbox 912 2120 1100 2161; x_wconf 80' lang='lat' dir='ltr'>uolucris</span> <span class='ocrx_word' id='word_1_140' title='bbox 1131 2119 1293 2160; x_wconf 83' lang='lat' dir='ltr'>rubelle</span> 
     </span>
    </p>
   </div>
   <div class='ocr_carea' id='block_1_9' title="bbox 546 2180 923 2222">
    <p class='ocr_par' dir='ltr' id='par_1_9' title="bbox 546 2180 923 2222">
     <span class='ocr_line' id='line_1_28' title="bbox 546 2180 923 2222; baseline -0.008 0"><span class='ocrx_word' id='word_1_141' title='bbox 546 2180 724 2222; x_wconf 86' lang='lat' dir='ltr'>Viscera</span> <span class='ocrx_word' id='word_1_142' title='bbox 754 2184 923 2221; x_wconf 80' lang='lat' dir='ltr'>tractat.</span> 
     </span>
    </p>
   </div>
   <div class='ocr_carea' id='block_1_10' title="bbox 67 2283 1208 2515">
    <p class='ocr_par' dir='ltr' id='par_1_10' title="bbox 67 2283 1208 2515">
     <span class='ocr_line' id='line_1_29' title="bbox 407 2283 1133 2340; baseline -0.004 -13"><span class='ocrx_word' id='word_1_143' title='bbox 407 2285 531 2327; x_wconf 79' lang='lat' dir='ltr'>onr</span> <span class='ocrx_word' id='word_1_144' title='bbox 562 2285 715 2340; x_wconf 87' lang='lat' dir='ltr'>Ingelli</span> <span class='ocrx_word' id='word_1_145' title='bbox 746 2285 943 2326; x_wconf 77' lang='lat' dir='ltr'>leuis-ac·</span> <span class='ocrx_word' id='word_1_146' title='bbox 964 2283 1133 2339; x_wconf 88' lang='lat' dir='ltr'>petulca</span> 
     </span>
     <span class='ocr_line' id='line_1_30' title="bbox 408 2340 1208 2394; baseline -0.004 -10"><span class='ocrx_word' id='word_1_147' title='bbox 408 2343 646 2385; x_wconf 85' lang='lat' dir='ltr'>Teutonum</span> <span class='ocrx_word' id='word_1_148' title='bbox 680 2343 783 2384; x_wconf 85' lang='lat' dir='ltr'>ritus</span> <span class='ocrx_word' id='word_1_149' title='bbox 817 2342 1030 2383; x_wconf 87' lang='lat' dir='ltr'>celebrare</span> <span class='ocrx_word' id='word_1_150' title='bbox 1060 2340 1208 2394; x_wconf 84' lang='lat' dir='ltr'>gestit3</span> 
     </span>
     <span class='ocr_line' id='line_1_31' title="bbox 67 2399 1103 2443; baseline -0.006 2"><span class='ocrx_word' id='word_1_151' title='bbox 67 2412 103 2439; x_wconf 80' lang='lat'>30</span> <span class='ocrx_word' id='word_1_152' title='bbox 406 2402 585 2443; x_wconf 85' lang='lat' dir='ltr'>Instruit</span> <span class='ocrx_word' id='word_1_153' title='bbox 614 2402 743 2442; x_wconf 83' lang='lat' dir='ltr'>luxus</span> <span class='ocrx_word' id='word_1_154' title='bbox 775 2405 816 2441; x_wconf 90' lang='lat' dir='ltr'>et</span> <span class='ocrx_word' id='word_1_155' title='bbox 847 2399 1103 2441; x_wconf 84' lang='lat' dir='ltr'>adulterinas</span> 
     </span>
     <span class='ocr_line' id='line_1_32' title="bbox 547 2460 916 2515; baseline -0.005 -14"><span class='ocrx_word' id='word_1_156' title='bbox 547 2460 755 2515; x_wconf 84' lang='lat' dir='ltr'>Preparat</span> <span class='ocrx_word' id='word_1_157' title='bbox 786 2472 916 2500; x_wconf 84' lang='lat' dir='ltr'>escas.</span> 
     </span>
    </p>
   </div>
   <div class='ocr_carea' id='block_1_11' title="bbox 407 2558 1741 2678">
    <p class='ocr_par' dir='ltr' id='par_1_11' title="bbox 407 2558 1741 2678">
     <span class='ocr_line' id='line_1_33' title="bbox 407 2558 1741 2619; baseline -0.012 -12"><span class='ocrx_word' id='word_1_158' title='bbox 407 2563 517 2606; x_wconf 83' lang='lat' dir='ltr'>Nam</span> <span class='ocrx_word' id='word_1_159' title='bbox 549 2564 671 2606; x_wconf 88' lang='lat' dir='ltr'>nouis</span> <span class='ocrx_word' id='word_1_160' title='bbox 702 2564 848 2619; x_wconf 84' lang='lat' dir='ltr'>palpat</span> <span class='ocrx_word' id='word_1_161' title='bbox 879 2560 1055 2616; x_wconf 84' lang='lat' dir='ltr'>dapibus</span> <span class='ocrx_word' id='word_1_162' title='bbox 1086 2559 1288 2614; x_wconf 85' lang='lat' dir='ltr'>palatum,</span> <span class='ocrx_word' id='word_1_163' title='bbox 1649 2558 1741 2592; x_wconf 84' lang='grc' dir='ltr'><strong>(ιιτ)</strong></span> 
     </span>
     <span class='ocr_line' id='line_1_34' title="bbox 409 2618 1133 2678; baseline -0.007 -15"><span class='ocrx_word' id='word_1_164' title='bbox 409 2621 565 2678; x_wconf 66' lang='lat' dir='ltr'>Captet</span> <span class='ocrx_word' id='word_1_165' title='bbox 595 2622 729 2677; x_wconf 83' lang='lat' dir='ltr'>ignoti</span> <span class='ocrx_word' id='word_1_166' title='bbox 762 2620 925 2662; x_wconf 86' lang='lat' dir='ltr'>libitum</span> <span class='ocrx_word' id='word_1_167' title='bbox 956 2618 1133 2674; x_wconf 84' lang='lat' dir='ltr'>saporis,</span> 
     </span>
    </p>
   </div>
  </div>
 </body>
</html>
