1884 3126
20 911 55 937 10

18 1491 56 1518 ‘20

19 1783 55 1810 25

18 2074 55 2100 30

18 2365 55 2392 35

18 2655 55 2683 40

632 269 687 276 ——
747 239 886 287 XIIII
946 267 1000 274 —-
1459 237 1541 285 527

91 370 193 426 agri,
226 375 462 419 exurantur
491 372 586 427 uici,
620 377 869 415 euertantur
899 373 1042 427 urbes,
1075 370 1342 414 trucidentur
1382 370 1543 426 populi,

91 430 288 484 precibus
320 431 556 483 uobiscum,
589 445 673 473 non
707 432 855 486 armis,
888 446 1088 487 agemus,
1120 444 1196 486 pro
1232 429 1340 471 bello
1371 428 1542 470 ueniam

92 489 310 542 quesituri.
360 489 404 531 Si
435 490 684 545 sanguinem
707 490 842 543 sititis,
865 490 977 531 ultro
1001 489 1194 544 iugulum
1215 487 1366 543 gladiis
1387 487 1540 528 uestris

92 546 325 588 feriendum
358 548 642 603 prebebimus.
704 548 748 590 Si
779 548 1007 590 seruicium
1037 547 1258 596 affectatis,
1291 545 1393 601 quid
1425 544 1542 586 dedi-

91 605 210 646 cione
241 606 377 648 maius
407 612 598 662 prestare
638 605 906 662 poterimus?
970 606 1074 654 Quis
1108 610 1253 647 autem
1296 611 1383 645 tam
1414 603 1539 645 effere

89 664 255 717 mentis,
288 664 357 719 qui
390 666 480 706 eius
513 665 775 707 oblatoribus
806 678 982 721 parcere
1015 667 1160 719 presto
1193 678 1274 705 non
1305 662 1393 704 sit?
1454 661 1541 703 Ex-

89 725 223 762 treme
266 728 408 764 autem
450 723 666 765 demeneie
710 730 774 766 est
806 723 919 765 uelle
951 723 1164 765 laboribus
1197 721 1393 776 adipisci,
1427 720 1541 775 quod

90 780 180 821 ocio
215 782 347 836 possit
371 782 544 837 acquiri.
593 782 687 824 Scio
721 786 877 833 autem,
908 781 1012 822 illud
1036 781 1112 822 tibi
1144 793 1402 832 succurrere,
1426 779 1539 833 quod

88 838 229 892 priore
265 839 473 895 colloquio
504 842 641 895 patrie
674 846 746 882 tue
776 840 1022 882 uastitatem
1054 840 1164 880 inter
1196 838 1352 894 probra
1386 851 1540 893 posue-

89 897 178 947 rim,
210 896 393 953 ideoque
424 902 468 940 te
501 905 587 940 tam
619 899 892 954 pertinaciter
924 899 1014 941 eius
1047 895 1296 939 solitudines
1331 897 1540 941 estimare,

88 968 140 995 ne
173 955 288 1010 prius
321 956 373 997 de
405 970 511 1012 pace
543 963 710 1012 agatur,
743 971 868 1013 quam
914 956 1091 998 totidem
1124 955 1236 1011 apud
1278 969 1355 995 nos
1388 955 1539 996 uestris

88 1014 214 1055 armis
256 1013 406 1056 effecte
447 1015 616 1058 fuerint.
689 1015 782 1071 Ego
824 1029 926 1057 uero
970 1014 1242 1070 iampridem,
1275 1012 1539 1068 sapientibus

88 1071 284 1113 monitis*
314 1072 564 1128 insipienter
596 1088 718 1126 usus,
751 1073 986 1115 aduersarii
1018 1079 1160 1128 partes
1192 1085 1338 1120 secus,
1384 1085 1432 1112 ac
1466 1085 1538 1112 ex-

87 1129 276 1184 pediret,
308 1131 480 1184 edocui,
512 1132 703 1187 ignarus,
736 1132 850 1188 quod
880 1131 1065 1173 auditori
1105 1137 1193 1173 tam
1237 1134 1401 1171 attento
1446 1144 1539 1185 pre-

41 1210 57 1226 ,ι
89 1193 237 1243 ceptor
279 1190 508 1231 extiterim.
582 1190 692 1232 Nam
735 1199 825 1232 rem
855 1190 1090 1245 puerilibus
1121 1188 1412 1232 deliramentis
1446 1202 1540 1230 eon-

88 1244 343 1301 senljtaneam
378 1248 535 1291 dixisse
569 1250 706 1291 sacius
733 1249 890 1291 fuerat.
954 1248 1080 1296 Quod
1112 1262 1215 1289 uero
1247 1246 1438 1288 locutum
1472 1261 1540 1287 me

88 1319 199 1346 nunc
229 1306 408 1360 penitet,
442 1312 484 1349 te
528 1308 660 1349 eciam
701 1307 871 1349 audisse
902 1307 1053 1363 piguit.
1117 1307 1173 1347 At
1216 1305 1251 1347 si
1282 1309 1381 1346 tunc
1419 1305 1539 1346 intel-

88 1363 201 1404 lectu
220 1363 347 1418 digna
369 1364 450 1406 tuis
475 1366 647 1407 auribus
664 1366 920 1421 deprompsi,
936 1379 1018 1421 que
1037 1378 1148 1406 nunc
1163 1377 1331 1419 quoque
1351 1363 1540 1405 dicturus

89 1435 176 1474 ero,
210 1422 299 1477 pari
332 1423 483 1465 mentis
505 1424 674 1466 racione
697 1426 919 1479 suscipito,
954 1423 1099 1466 eodem
1124 1422 1293 1476 ingenio
1318 1423 1540 1477 presencia

87 1479 301 1533 hauriens,
337 1495 420 1537 quo
451 1483 602 1537 prioris
634 1483 809 1538 alloquii
853 1483 1111 1524 documenta
1153 1481 1382 1535 sumpsisti.
1446 1479 1540 1528 Quo

90 1539 290 1580 maiorem
311 1539 363 1582 de
382 1540 501 1582 nobis
517 1545 699 1596 stragem
717 1541 901 1596 egeritis,
921 1541 1001 1582 hoc
1016 1537 1254 1583 minolrems
1270 1539 1538 1580 ubiectorum

91 1610 314 1638 numerum
346 1599 500 1641 milicie
534 1604 674 1641 uestre
698 1599 909 1640 residuum
941 1599 1093 1641 facitis,
1158 1597 1267 1646 Quid
1301 1611 1402 1653 ergo
1426 1597 1539 1638 aliud

90 1654 253 1696 cladem
285 1661 467 1697 nostram
493 1657 731 1700 exercendo
755 1658 895 1712 agitis,
919 1671 1044 1712 quam
1067 1656 1182 1712 quod
1214 1656 1376 1697 uiscera
1396 1660 1539 1697 uestra

88 1712 249 1754 uiribus
295 1715 578 1756 exinaniendo
623 1716 895 1758 consumitis?
957 1715 1083 1763 Quod
1128 1716 1162 1756 si
1208 1728 1355 1770 parum
1401 1714 1539 1755 adhuc

86 1785 164 1812 nos
211 1772 382 1825 punitos
429 1772 604 1826 ducitis,
655 1774 849 1815 hostibus
897 1774 1050 1816 uestris
1098 1774 1209 1815 bello
1257 1771 1540 1828 proterendos

89 1829 282 1883 obiicite,
325 1835 398 1872 aut
441 1836 575 1873 morte
616 1837 761 1874 nostra
806 1832 994 1873 uindicte
1039 1833 1284 1873 sacietatem
1317 1830 1540 1886 sumpturi,

87 1892 162 1928 aut
205 1889 383 1930 uictoria
423 1890 604 1931 rebelles
648 1891 727 1932 sub
769 1891 914 1945 iugum
957 1891 1138 1932 missuri.
1199 1888 1312 1930 Victi
1356 1903 1540 1944 namque

88 1959 239 1999 parum
271 1948 460 1998 meroris,
495 1949 678 1990 uictores
711 1950 887 1990 multum
922 1949 1152 1990 alacritatis
1195 1948 1348 1989 uestris
1390 1947 1538 1988 animis

90 2004 401 2058 ingereremus3
432 2007 633 2048 utralibet
666 2021 767 2062 ergo
790 2007 959 2048 fortuna
991 2007 1142 2048 uestris
1169 2007 1434 2048 successibus
1468 2005 1540 2046 ob-

87 2067 351 2116 sequeretur.
398 2064 611 2116 Preterea,
644 2066 678 2106 si
710 2080 786 2107 nos
810 2066 937 2107 armis
960 2065 1172 2107 lacessere
1194 2064 1537 2119 perseuera'oitis,

90 2134 224 2166 casus,
245 2120 411 2164 efficere
442 2125 616 2177 poterit,
650 2128 697 2164 ut
728 2128 915 2177 stragem
937 2129 1125 2164 nostram
1150 2123 1326 2164 alicuius
1351 2128 1539 2163 uestrum

88 2177 174 2218 fato
207 2179 346 2231 luatis,
380 2181 499 2224 cuius
533 2182 671 2237 capite
703 2182 839 2223 tocius
867 2181 1007 2236 Rugie
1039 2181 1351 2223 subieccionem
1385 2182 1539 2222 emisse

88 2235 257 2278 difficile
289 2236 431 2280 fuerit.
494 2239 667 2281 Talibus
702 2239 891 2281 Absalon
926 2240 1095 2281 monitis
1127 2239 1348 2291 inuitatus,
1381 2238 1539 2292 Rugia-

87 2307 236 2335 norum
269 2300 372 2336 uota
404 2297 517 2351 apud
548 2312 695 2352 regem
736 2312 816 2339 sua
856 2311 983 2352 prece
1014 2298 1257 2353 compleuit.
1320 2297 1438 2348 Rex,
1471 2310 1539 2336 ae-

89 2354 220 2407 ceptis
253 2353 482 2406 obsidibus,
515 2356 636 2398 redit.

198 2432 206 2434 ⁴
226 2410 388 2453 Eodem
412 2411 502 2454 fere
525 2418 714 2469 tempore
746 2413 798 2455 de
821 2412 950 2455 Vrbis
972 2414 1221 2469 pontificatu
1250 2414 1539 2455 controuersia

87 2469 198 2510 inter
241 2469 476 2511 cardinales
520 2477 631 2524 orta,
675 2472 794 2513 uarie
837 2473 1151 2526 prouinciarum
1195 2471 1396 2525 suffragia
1430 2471 1538 2512 fere-

87 2527 255 2568 bantur.
318 2527 424 2569 Nam
460 2528 599 2570 Gallia
634 2529 879 2570 Alexandro
914 2531 1107 2572 obtentui
1135 2530 1251 2582 suit,
1295 2529 1537 2574 Germania

87 2590 262 2626 auctore
310 2585 491 2637 Cesare,
540 2587 764 2629 Octauiani
812 2588 1002 2642 partibus
1053 2589 1256 2630 obsecuta
1297 2592 1375 2630 est.
1450 2587 1536 2630 Sed

87 2642 235 2685 iustior
257 2644 538 2701 religionique
560 2646 733 2701 propior
756 2645 981 2688 Gallorum
1002 2647 1240 2702 sequacitas
1272 2645 1364 2687 fuit.
1411 2646 1536 2695 Quod

1588 1077 1705 1106 chvln

1599 1251 1692 1287 (297)

1598 1555 1622 1579 p.
1642 1545 1692 1572 767
