1884 3126
54 900 90 927 lo

54 1191 90 1217 15

57 1480 94 1507 ‘20

62 2062 98 2088 30

65 2352 101 2378 35

679 257 731 262 -—
793 232 885 275 IIII
949 259 999 264 -—
1486 239 1565 280 109

118 359 488 417 hauriendumque
522 361 583 403 ori
613 361 797 418 prebuit.
860 362 955 411 Quo
987 363 1122 417 facto,
1163 369 1380 420 receptum
1411 379 1436 406 a
1465 379 1566 421 rege

120 423 323 462 craterem
355 420 664 475 speciosissime
696 421 905 475 pensauit.
969 422 1095 470 Quod
1127 422 1275 465 uidens
1307 423 1415 465 forte
1446 423 1568 466 Wer-

120 477 300 519 mundus
346 478 577 533 impensius
610 493 706 520 eum
738 484 908 533 peracte
933 481 1219 534 promissionis
1241 481 1445 523 laudauit.
1491 481 1567 523 Cui

119 535 250 577 Folco
274 537 466 590 speciosa
490 541 589 579 uota
610 537 662 578 ad
683 536 873 578 debitum
894 538 1021 579 finem
1044 538 1313 594 perducenda
1335 540 1567 596 respondit.

120 594 215 642 Qua
259 608 366 637 uoce
408 609 490 637 non
531 597 736 637 minorem
769 595 870 637 facti
898 597 962 637 sui
995 597 1412 639 commendacionem
1443 612 1567 653 quam

124 652 416 695 Wermundus
450 653 655 695 exhibuit.

262 710 453 767 Cumque
487 712 682 764 uictores,
713 715 759 753 ut
790 717 887 767 post
917 714 1096 768 prelium
1128 714 1186 766 fit,
1219 713 1415 769 depositis
1445 715 1569 755 armis

123 783 173 810 ac
196 770 475 824 quiescentes,
507 770 634 812 uariis
656 771 838 812 inuicem
860 771 1128 813 sermonibus
1154 776 1384 822 uterentur,
1417 772 1569 814 Slcsui-

124 827 311 869 censium
356 829 567 883 prefectus
600 828 735 881 Keto,
781 843 932 884 magne
973 830 1052 871 sibi
1092 829 1434 884 ammiracioni[s]
1478 845 1569 872 esse

121 885 368 941 predicauit,
401 888 581 941 qualiter
603 886 797 928 Athislus
825 888 981 930 crebris
1017 888 1284 930 obstantibus
1319 890 1454 929 causis
1489 889 1572 930 ela-

122 944 283 999 psionis
316 945 476 1000 copiam
509 945 823 1001 impetrauerit,
857 947 1076 1000 presertim
1109 959 1202 987 cum
1233 946 1266 987 is
1298 952 1395 988 ante
1429 960 1572 987 omnes

122 1002 234 1044 bella
264 1003 445 1058 gesserit
477 1004 649 1059 primUS,
681 1004 785 1058 fuga
818 1018 918 1046 uero
952 1009 1189 1059 postremus
1220 1005 1463 1058 incesserit,
1495 1018 1572 1046 nec

123 1061 229 1101 alius
266 1062 471 1117 quispiam
506 1077 561 1104 ex
604 1062 801 1104 hostibus
842 1062 989 1112 fuerit,
1031 1064 1150 1104 cuius
1198 1063 1323 1104 tantis
1355 1063 1572 1104 Danorum

123 1118 274 1160 studiis
315 1119 592 1162 affectaretur
625 1134 823 1162 occasus..
875 1120 944 1162 Ad
980 1121 1056 1162 hec
1089 1121 1404 1170 Wermundus,
1451 1135 1574 1162 nosse

122 1191 218 1218 eum
260 1182 458 1232 oportere
499 1179 661 1232 aiebat,
705 1193 872 1220 omnem
917 1180 1120 1220 bellorum
1156 1180 1286 1221 aciem
1321 1179 1574 1234 quadrifaria

127 1234 420 1277 dimicancium
454 1238 663 1279 uarietate
695 1237 911 1291 distingui.
973 1237 1081 1279 Esse
1115 1237 1223 1279 enim
1255 1238 1375 1293 primi
1409 1237 1574 1291 generis

125 1293 366 1344 bellatores,
400 1296 484 1350 qui,
515 1295 806 1336 fortitudinem
828 1295 1038 1337 modestia
1060 1301 1361 1352 temperantes,
1394 1295 1573 1336 rebelles

125 1352 260 1393 acrius
285 1352 449 1406 cedant,
481 1353 743 1408 fugientibus
765 1353 921 1395 instare
946 1354 1210 1396 erubescant.
1257 1354 1346 1394 Hos
1368 1353 1572 1408 siquidem

125 1407 276 1464 (esse),
311 1424 418 1465 quos
451 1411 651 1453 diuturna
682 1425 895 1453 armorum
930 1412 1196 1467 experiencia
1231 1412 1415 1452 cerciorc
1445 1411 1573 1451 uirtu-

125 1467 177 1508 tis
210 1469 453 1511 testimonio
499 1473 806 1525 prosequatur,
849 1471 1005 1526 quique
1045 1470 1224 1525 gloriam
1270 1484 1389 1510 suam
1420 1483 1500 1510 non
1533 1468 1571 1508 in

127 1526 337 1568 uictorum
368 1527 482 1581 fuga,
514 1528 588 1569 sed
622 1528 925 1570 uincendorum
959 1529 1281 1583 expugnacione
1304 1527 1573 1569 constituant.

128 1583 235 1625 Esse
275 1586 552 1640 prelianci'um
586 1588 627 1628 et
659 1587 772 1627 aliud
817 1600 974 1641 genus,
1020 1587 1088 1641 qui
1133 1586 1320 1639 corporis
1362 1586 1575 1640 animique

128 1642 291 1684 uiribus
312 1644 422 1695 freti,
452 1644 525 1686 sed
550 1645 667 1686 nulla
690 1644 976 1686 miseracionis
999 1649 1117 1700 parte
1139 1644 1302 1700 prediti,
1325 1644 1365 1684 in
1392 1644 1574 1684 hostium

129 1705 214 1741 tam
246 1706 365 1756 terga
400 1717 524 1758 quam
557 1707 730 1758 pectora
763 1704 973 1744 communi
1007 1703 1119 1744 cedis
1152 1703 1375 1743 atrocitate
1412 1700 1575 1741 deseni-

82 1772 97 1797 ῖ»
129 1764 214 1800 ant.
260 1759 384 1801 Tales
408 1762 565 1816 quippe
589 1775 694 1814 esse,
726 1762 809 1816 qui,
842 1755 1038 1802 iuuenilis
1062 1761 1187 1802 animi
1212 1760 1351 1801 calore
1374 1758 1575 1814 prouecti.

130 1817 322 1872 tyrocinii
363 1819 601 1861 rudimenta
642 1819 847 1860 bellorum
895 1820 1092 1874 auspiciis
1126 1832 1274 1859 ornare
1309 1817 1575 1867 contendant,

133 1888 324 1930 quosque
355 1880 440 1918 tam
478 1879 600 1920 etatis
644 1891 768 1932 quam
810 1878 947 1919 laudis
989 1878 1114 1918 ardor
1154 1877 1405 1926 inflammet,
1448 1876 1574 1929 inque

130 1933 193 1974 fas
225 1940 267 1975 et
299 1934 418 1976 nefas
451 1937 540 1991 pari
572 1936 687 1977 nisus
730 1937 955 1977 securitate
1002 1935 1234 1991 precipitet.
1296 1933 1401 1975 Esse
1445 1933 1574 1973 eciam

133 1992 298 2044 tercios,
331 1995 482 2053 quib·us
514 1995 621 2036 inter
652 1999 812 2035 metum
835 1996 1125 2049 pudoremque
1150 1993 1284 2033 anxiis
1307 2004 1575 2047 progressum

129 2054 261 2091 terror
307 2051 488 2107 adimat,
535 2066 752 2094 recursum
799 2053 964 2093 ruboris
1014 2052 1278 2093 obstaculum
1320 2050 1462 2100 tollat,
1506 2048 1575 2103 qui

131 2108 335 2163 sanguine
357 2111 470 2163 clari,
502 2111 698 2166 inanique
721 2115 886 2151 tantum
911 2111 1165 2165 proceritate
1191 2108 1418 2163 conspicui,
1443 2106 1574 2148 aciem

131 2163 335 2221 nulmero,
367 2182 450 2210 non
486 2169 642 2210 uiribus
673 2169 866 2220 densent,
899 2169 1063 2210 hostem
1096 2168 1242 2208 umbra
1273 2166 1419 2221 pocius
1451 2178 1575 2219 quam

133 2225 258 2265 armis
291 2225 463 2277 feriant,
507 2232 550 2269 et
581 2228 623 2268 in
657 2227 909 2268 bellatorum
942 2240 1071 2281 grege
1103 2226 1193 2266 solo
1227 2237 1449 2279 corporum
1483 2236 1575 2276 spe-

135 2283 296 2323 ctaculo
330 2289 593 2328 censeantur.
655 2285 749 2326 Hos
793 2299 1042 2338 magnarum
1084 2297 1212 2339 opum
1254 2282 1441 2323 dominos
1474 2280 1576 2331 fore,

132 2354 286 2394 genere
308 2356 433 2396 quam
457 2344 595 2385 animo
618 2345 940 2399 prestanciores,
975 2357 1080 2398 quos
1112 2342 1211 2382 lucis
1236 2339 1414 2381 auiditas
1438 2351 1576 2379 rerum

136 2398 320 2440 dominio
364 2405 597 2454 contracta,
638 2402 733 2457 plus
772 2402 943 2455 ignauie
983 2414 1107 2456 quam
1149 2398 1376 2440 nobilitatis
1418 2396 1577 2436 uiribus

135 2456 358 2512 indulgere
391 2460 629 2515 compellat.
675 2459 780 2501 Esse
813 2461 912 2500 item
946 2464 987 2500 et
1020 2459 1137 2508 alios,
1170 2457 1239 2512 qui
1266 2454 1461 2510 speciem,
1494 2467 1576 2518 non

135 2529 222 2556 rem
255 2515 294 2556 in
330 2516 486 2558 bellum
519 2517 750 2573 perferant,
783 2532 912 2572 seque
942 2517 1140 2558 extremis
1173 2515 1381 2556 sociorum
1403 2525 1578 2566 agnum-

138 2572 214 2614 bus
245 2574 478 2617 inserentes
509 2575 631 2631 primi
675 2576 832 2631 fugam,
865 2575 1067 2630 postremi
1100 2573 1277 2629 prelium
1309 2574 1470 2625 gerant.
1528 2568 1577 2609 In

68 2642 104 2669 40
135 2631 287 2686 quibus
310 2633 605 2676 imbecillitatis
643 2634 834 2676 habitum
858 2633 959 2675 certi
981 2631 1151 2687 pauoris
1172 2629 1370 2672 indicium
1392 2626 1577 2681 detegat,

1633 2186 1657 2210 p.
1696 2178 1746 2203 61ss
