1884 3126
629 257 677 263 —
739 233 878 275 XIIII
941 259 990 266 --
1447 235 1529 276 555

87 359 236 415 ingens
260 360 372 416 apud
394 361 654 428 Noruagiam
677 362 904 404 auctoritas
928 366 1028 415 erat,
1052 376 1147 404 eum
1169 362 1286 404 adire
1309 362 1527 416 sustinuit;
1582 378 1610 403 r·
1628 369 1680 396 795

88 418 201 474 quod
233 416 414 475 quildem
450 434 519 462 eos
562 421 707 475 pocius
750 421 906 486 patrie,
949 435 1074 476 quam
1116 419 1292 474 Erlingo
1333 420 1529 462 tribuisse

87 476 348 518 crediderim.
409 477 554 531 Ormo,
586 483 633 519 ut
665 492 788 534 quem
820 479 930 532 regis
975 492 1223 533 germanum
1257 479 1528 533 cognomina-

88 534 202 590 bant,
234 535 368 589 petito
391 535 681 590 &Valdemarm
713 536 831 577 salua
863 537 958 589 fide,
992 551 1115 591 quam
1139 536 1296 591 Magno
1329 536 1527 588 dedisset

38 607 55 633 5
76 582 289 649 ,ἇῧῖθᾳυίει
322 593 558 648 pollicetur.
620 593 812 635 Tandem
843 595 895 636 ob
926 595 1108 636 inediam
1149 599 1286 636 tractu
1326 596 1527 650 temporis

87 651 278 692 obortam
313 665 405 692 cum
437 666 513 704 rex
547 652 755 694 defectam
785 652 986 707 impensis
1028 652 1347 707 expedicionem
1389 654 1529 694 remit-

87 713 208 762 teret,
252 700 635 764 Noruagiensium,
678 711 749 766 qui
779 709 833 750 ad
866 724 963 751 eum
995 711 1272 764 transierant,
1304 710 1527 753 multitudo

86 780 198 821 pene
232 773 347 809 metu
378 782 472 808 cum
503 768 596 822 ipso
620 768 824 819 discessit,
851 767 1004 824 diuque
1026 769 1178 824 partim
1202 768 1341 823 regiis,
1373 770 1529 824 partim

86 825 325 879 principum
355 826 555 880 impensis
589 827 760 868 exilium
792 828 1068 868 sustentauit.>
1619 846 1635 863 .

2 896 53 924 v10
221 882 335 925 Vere
380 887 630 939 appetente,
673 884 902 937 Absaloni,
947 883 1248 940 Christophoro
1291 890 1331 926 et
1362 880 1715 956 Magnocffffiygs
1709 888 1733 912 ⁸

85 940 349 996 particularis
391 941 619 983 aduersum
666 942 838 984 Sclauos
885 942 1172 997 expedicionis
1220 942 1364 985 ductus
1411 957 1522 984 com-
1561 972 1587 997 p
1607 964 1697 994 30515

85 999 278 1039 mittitur,
327 998 438 1040 Nam
471 1000 697 1042 clientales
729 1000 839 1042 Dani
870 1000 1079 1041 duntaxat
1110 1015 1205 1041 cum
1225 1000 1524 1042 Fioniensibus

85 1057 263 1098 classem
287 1057 578 1111 confecerant3
600 1058 886 1100 Scaniensium
911 1073 1011 1100 uero
1029 1073 1157 1113 penes
1177 1058 1527 1114 Cliristophorum

85 1128 260 1169 summa,
293 1129 423 1170 penes
454 1114 758 1170 A<b>salonem
790 1116 1007 1158 arbitrium
1039 1116 1311 1159 consistebat.
1361 1116 1524 1164 Quibus

16 1187 54 1214 15
85 1171 365 1214 Tribusanam
416 1174 572 1215 adortis
615 1175 902 1229 prouinciam,
950 1174 1278 1229 Cliristophoro,
1326 1180 1527 1230 tanquam

83 1230 250 1283 iuniori,
283 1231 391 1272 inter
423 1232 649 1274 Absalonis
683 1232 908 1287 Magnique
940 1233 1082 1286 copias
1113 1232 1276 1273 medius
1317 1233 1526 1274 militandi

83 1288 196 1331 locus
228 1289 484 1341 decernitur,
515 1295 562 1331 ut
593 1291 698 1345 regii
730 1291 946 1345 sanguinis
977 1291 1111 1331 latera
1132 1291 1225 1331 fidis
1248 1291 1525 1345 stipatoribus

84 1347 364 1401 cingerentur.
425 1347 561 1390 Tanta
592 1353 736 1390 autem
766 1349 959 1390 uicorum
991 1348 1156 1388 exustio
1189 1348 1293 1401 fuit,
1337 1354 1382 1389 ut
1413 1349 1525 1390 idem

83 1403 219 1445 adhuc
250 1419 381 1460 usque
415 1406 529 1447 cultu
571 1407 695 1447 uacui
735 1402 927 1461 preteriti
966 1405 1146 1447 incendii
1186 1406 1525 1460 magnitudinem

12 1477 50 1504 20
80 1463 345 1518 presentibus
397 1467 605 1505 testentur
656 1464 831 1506 indiciis.
903 1464 1095 1506 Absalon
1146 1477 1242 1505 cum
1291 1465 1525 1519 repetende

81 1521 223 1562 classis
256 1526 447 1576 tempore
480 1526 692 1563 extremos
725 1526 905 1574 curaret,
936 1522 1134 1564 nunciato
1166 1522 1348 1563 hostium
1380 1537 1524 1578 super·

85 1577 227 1632 uentu,
260 1582 497 1634 quanquam
530 1584 646 1621 tanta
677 1581 739 1622 uis
771 1581 937 1634 frigoris
970 1583 1072 1632 erat,
1106 1584 1152 1620 ut
1182 1580 1304 1633 primi
1336 1580 1525 1621 reuocari

82 1651 167 1678 non
209 1642 402 1692 possent,
439 1637 726 1693 ‘quadraginta
773 1639 871 1680 solis
914 1638 1126 1693 equitibus
1167 1638 1366 1692 stipatus,
1410 1639 1522 1703 prius

80 1694 251 1736 hostem
281 1709 406 1750 quam
438 1695 618 1749 uadum,
661 1710 737 1751 per
780 1695 892 1752 quod
934 1701 1024 1738 eiat
1067 1695 1298 1748 rediturus,
1330 1696 1521 1736 tentauit.

10 1765 48 1793 25
80 1751 240 1799 Quibus
272 1753 443 1808 fugatis,
475 1754 590 1795 lento
624 1754 772 1795 itinere
804 1754 857 1795 ad
889 1768 1059 1795 amnem
1101 1753 1322 1794 concessit.
1385 1753 1520 1801 Quem

79 1814 238 1851 structo
271 1815 400 1865 ponte
431 1816 746 1877 transgressus,
785 1817 884 1867 post
924 1818 1090 1865 tergum
1132 1825 1238 1865 opus
1269 1811 1522 1865 abrumpere

78 1867 224 1920 noluit,
256 1883 310 1910 ne
340 1869 426 1910 ulla
457 1869 618 1911 timoris
652 1871 834 1925 uestigia
865 1871 1100 1924 relinquere
1124 1866 1364 1923 uidelretur.
1408 1869 1518 1910 Cum
1571 1883 1596 1907 ρ.
1617 1874 1667 1900 807

79 1925 130 1966 ad
163 1926 281 1968 littus
314 1927 510 1978 uenisset,
542 1928 750 1970 classem'
741 1942 781 1969 in
814 1928 944 1969 alium
963 1931 1132 1982 portum
1164 1928 1383 1981 appulsam
1408 1941 1519 1968 com-

78 1984 199 2038 perit.
243 1984 380 2026 Tanta
404 1990 547 2027 autem
569 1986 747 2041 hyberni
767 1986 936 2039 frigoris
964 1985 1117 2026 seuicia
1142 1985 1292 2035 extitit,
1324 1989 1371 2025 ut
1393 1989 1518 2026 naute

9 2054 47 2083 30
77 2055 207 2097 equos
238 2057 348 2098 pene
378 2042 537 2097 frigore
570 2044 781 2090 extinctos
814 2043 993 2085 defossis
1036 2042 1150 2083 humi
1182 2042 1389 2096 specubus
1422 2056 1519 2084 con-

79 2099 240 2152 derent,
271 2114 477 2155 nemoque
512 2116 566 2142 ex
596 2106 687 2142 toto
720 2101 910 2143 exercitu
940 2100 1215 2156 reperiretur,
1249 2101 1318 2155 qui
1364 2101 1519 2154 pariter

77 2162 286 2213 utranque
324 2172 499 2200 manum
539 2160 785 2201 necessariis
825 2159 972 2201 usibus
1016 2162 1162 2213 aptare
1202 2162 1355 2224 posset:
1428 2158 1519 2199 Illic

79 2215 212 2257 crebri
244 2229 404 2270 angues
444 2215 656 2270 ligonibus
702 2217 860 2272 reperti
902 2216 1035 2271 magis
1067 2216 1354 2257 ammiracioni
1394 2230 1520 2271 quam

78 2273 206 2314 metui
257 2274 490 2316 uisentibus
529 2274 663 2317 fuere.
740 2274 848 2316 Nam
894 2274 1050 2329 algoris
1097 2274 1357 2314 immensitas
1407 2274 1516 2314 uires

9 2344 46 2372 35
77 2345 221 2373 eorum
251 2345 299 2372 ac
329 2332 521 2386 spiritum
551 2333 843 2374 hebetauerat.
906 2332 1178 2383 ScanienseS,
1210 2335 1310 2372 tunc
1341 2345 1514 2386 prospe-

78 2389 267 2442 rantibus
282 2390 431 2443 uentis,
445 2389 711 2432 discessionis
725 2391 944 2431 licenciam
958 2389 1116 2444 adepti,
1129 2402 1241 2436 mox,
1256 2388 1405 2430 iisdem
1419 2403 1518 2430 con-

78 2447 229 2500 trariis,
263 2448 541 2502 nauigacione
582 2448 797 2503 prohibiti,
830 2448 1022 2499 tandem,
1065 2446 1142 2487 toti
1183 2447 1304 2487 classi
1346 2446 1517 2487 fauente

79 2504 191 2558 celo,
238 2504 535 2548 Sialandenses
570 2521 625 2548 rac
671 2506 847 2548 Fionios
887 2504 1120 2561 repetende
1165 2504 1299 2558 patrie
1342 2504 1519 2545 comites

79 2561 325 2605 habuerunt.
385 2562 493 2604 Post
526 2564 603 2605 hec
642 2579 721 2606 rex
751 2564 926 2605 Petrum
971 2566 1013 2603 et
1044 2562 1296 2614 Selgretium
1329 2561 1515 2603 Christo-

8 2633 47 2679 '40
75 2621 208 2677 phoro
238 2620 485 2676 pedagogos
516 2621 692 2675 asciscit,
725 2622 796 2679 qui
827 2619 1117 2665 adolescencie
1159 2618 1244 2661 eius
1278 2618 1517 2661 rudimenta
