<?xml version="1.0" encoding="UTF-8"?>
<!DOCTYPE html PUBLIC "-//W3C//DTD XHTML 1.0 Transitional//EN"
    "http://www.w3.org/TR/xhtml1/DTD/xhtml1-transitional.dtd">
<html xmlns="http://www.w3.org/1999/xhtml" xml:lang="en" lang="en">
 <head>
  <title>
</title>
<meta http-equiv="Content-Type" content="text/html;charset=utf-8" />
  <meta name='ocr-system' content='tesseract 3.04.00' />
  <meta name='ocr-capabilities' content='ocr_page ocr_carea ocr_par ocr_line ocrx_word'/>
</head>
<body>
  <div class='ocr_page' id='page_1' title='image "./saxonisgrammatic00saxouoft_0219.png"; bbox 0 0 1884 3126; ppageno 0'>
   <div class='ocr_carea' id='block_1_1' title="bbox 66 873 99 900">
    <p class='ocr_par' dir='ltr' id='par_1_1' title="bbox 66 873 99 900">
     <span class='ocr_line' id='line_1_1' title="bbox 66 873 99 900; baseline 0 0"><span class='ocrx_word' id='word_1_1' title='bbox 66 873 99 900; x_wconf 88' lang='lat'>10</span> 
     </span>
    </p>
   </div>
   <div class='ocr_carea' id='block_1_2' title="bbox 66 1164 97 1191">
    <p class='ocr_par' dir='ltr' id='par_1_2' title="bbox 66 1164 97 1191">
     <span class='ocr_line' id='line_1_2' title="bbox 66 1164 97 1191; baseline -0.065 0"><span class='ocrx_word' id='word_1_2' title='bbox 66 1164 97 1191; x_wconf 83' lang='lat'>15</span> 
     </span>
    </p>
   </div>
   <div class='ocr_carea' id='block_1_3' title="bbox 59 1455 97 1483">
    <p class='ocr_par' dir='ltr' id='par_1_3' title="bbox 59 1455 97 1483">
     <span class='ocr_line' id='line_1_3' title="bbox 59 1455 97 1483; baseline 0 0"><span class='ocrx_word' id='word_1_3' title='bbox 59 1455 97 1483; x_wconf 80' lang='lat'>20</span> 
     </span>
    </p>
   </div>
   <div class='ocr_carea' id='block_1_4' title="bbox 57 1747 94 1774">
    <p class='ocr_par' dir='ltr' id='par_1_4' title="bbox 57 1747 94 1774">
     <span class='ocr_line' id='line_1_4' title="bbox 57 1747 94 1774; baseline -0.027 0"><span class='ocrx_word' id='word_1_4' title='bbox 57 1747 94 1774; x_wconf 78' lang='lat'>‘25</span> 
     </span>
    </p>
   </div>
   <div class='ocr_carea' id='block_1_5' title="bbox 58 2036 95 2063">
    <p class='ocr_par' dir='ltr' id='par_1_5' title="bbox 58 2036 95 2063">
     <span class='ocr_line' id='line_1_5' title="bbox 58 2036 95 2063; baseline 0 0"><span class='ocrx_word' id='word_1_5' title='bbox 58 2036 95 2063; x_wconf 89' lang='lat'>30</span> 
     </span>
    </p>
   </div>
   <div class='ocr_carea' id='block_1_6' title="bbox 56 2325 92 2354">
    <p class='ocr_par' dir='ltr' id='par_1_6' title="bbox 56 2325 92 2354">
     <span class='ocr_line' id='line_1_6' title="bbox 56 2325 92 2354; baseline -0.028 0"><span class='ocrx_word' id='word_1_6' title='bbox 56 2325 92 2354; x_wconf 84' lang='lat'>35</span> 
     </span>
    </p>
   </div>
   <div class='ocr_carea' id='block_1_7' title="bbox 55 2619 92 2646">
    <p class='ocr_par' dir='ltr' id='par_1_7' title="bbox 55 2619 92 2646">
     <span class='ocr_line' id='line_1_7' title="bbox 55 2619 92 2646; baseline 0 0"><span class='ocrx_word' id='word_1_7' title='bbox 55 2619 92 2646; x_wconf 80' lang='lat'>⁴0</span> 
     </span>
    </p>
   </div>
   <div class='ocr_carea' id='block_1_8' title="bbox 730 210 1583 260">
    <p class='ocr_par' dir='ltr' id='par_1_8' title="bbox 730 210 1583 260">
     <span class='ocr_line' id='line_1_8' title="bbox 730 210 1583 260; baseline 0.007 -6"><span class='ocrx_word' id='word_1_8' title='bbox 730 210 994 254; x_wconf 84' lang='lat' dir='ltr'>-V—</span> <span class='ocrx_word' id='word_1_9' title='bbox 1505 219 1583 260; x_wconf 84' lang='lat'>125</span> 
     </span>
    </p>
   </div>
   <div class='ocr_carea' id='block_1_9' title="bbox 121 338 1584 2663">
    <p class='ocr_par' dir='ltr' id='par_1_9' title="bbox 127 338 1584 1500">
     <span class='ocr_line' id='line_1_9' title="bbox 135 338 1584 399; baseline 0.004 -19"><span class='ocrx_word' id='word_1_10' title='bbox 135 343 304 394; x_wconf 89' lang='lat' dir='ltr'>pertum</span> <span class='ocrx_word' id='word_1_11' title='bbox 325 338 484 381; x_wconf 90' lang='lat' dir='ltr'>habuit.</span> <span class='ocrx_word' id='word_1_12' title='bbox 524 338 660 381; x_wconf 83' lang='lat' dir='ltr'>Auxit</span> <span class='ocrx_word' id='word_1_13' title='bbox 684 353 782 381; x_wconf 88' lang='lat' dir='ltr'>cure</span> <span class='ocrx_word' id='word_1_14' title='bbox 814 339 903 381; x_wconf 89' lang='lat' dir='ltr'>eius</span> <span class='ocrx_word' id='word_1_15' title='bbox 940 339 1148 393; x_wconf 90' lang='lat' dir='ltr'>fiduciam,</span> <span class='ocrx_word' id='word_1_16' title='bbox 1179 341 1418 399; x_wconf 83' lang='lat' dir='ltr'>adiecitque</span> <span class='ocrx_word' id='word_1_17' title='bbox 1445 344 1584 387; x_wconf 91' lang='lat' dir='ltr'>studio</span> 
     </span>
     <span class='ocr_line' id='line_1_10' title="bbox 134 398 1583 454; baseline 0.004 -16"><span class='ocrx_word' id='word_1_18' title='bbox 134 412 252 453; x_wconf 89' lang='lat' dir='ltr'>spem</span> <span class='ocrx_word' id='word_1_19' title='bbox 284 398 526 453; x_wconf 75' lang='lat' dir='ltr'>simplicitas</span> <span class='ocrx_word' id='word_1_20' title='bbox 559 398 749 452; x_wconf 86' lang='lat' dir='ltr'>uirginis,</span> <span class='ocrx_word' id='word_1_21' title='bbox 790 398 960 454; x_wconf 86' lang='lat' dir='ltr'>proprio</span> <span class='ocrx_word' id='word_1_22' title='bbox 993 400 1196 454; x_wconf 90' lang='lat' dir='ltr'>permissa</span> <span class='ocrx_word' id='word_1_23' title='bbox 1228 402 1417 451; x_wconf 90' lang='lat' dir='ltr'>consilio,</span> <span class='ocrx_word' id='word_1_24' title='bbox 1457 402 1583 444; x_wconf 87' lang='lat' dir='ltr'>liber-</span> 
     </span>
     <span class='ocr_line' id='line_1_11' title="bbox 133 455 1583 515; baseline 0.004 -20"><span class='ocrx_word' id='word_1_25' title='bbox 133 458 281 511; x_wconf 90' lang='lat' dir='ltr'>tasque</span> <span class='ocrx_word' id='word_1_26' title='bbox 311 455 464 498; x_wconf 90' lang='lat' dir='ltr'>femine</span> <span class='ocrx_word' id='word_1_27' title='bbox 505 455 779 512; x_wconf 89' lang='lat' dir='ltr'>policioribus</span> <span class='ocrx_word' id='word_1_28' title='bbox 814 456 1116 498; x_wconf 89' lang='lat' dir='ltr'>blandiciarum</span> <span class='ocrx_word' id='word_1_29' title='bbox 1159 457 1450 501; x_wconf 81' lang='lat' dir='ltr'>delenimentis</span> <span class='ocrx_word' id='word_1_30' title='bbox 1492 461 1583 515; x_wconf 88' lang='lat' dir='ltr'>pal-</span> 
     </span>
     <span class='ocr_line' id='line_1_12' title="bbox 134 513 1582 573; baseline 0.004 -19"><span class='ocrx_word' id='word_1_31' title='bbox 134 515 296 568; x_wconf 86' lang='lat' dir='ltr'>panda,</span> <span class='ocrx_word' id='word_1_32' title='bbox 337 529 420 555; x_wconf 94' lang='lat' dir='ltr'>non</span> <span class='ocrx_word' id='word_1_33' title='bbox 464 513 590 556; x_wconf 92' lang='lat' dir='ltr'>modo</span> <span class='ocrx_word' id='word_1_34' title='bbox 641 514 794 555; x_wconf 84' lang='lat' dir='ltr'>abduci</span> <span class='ocrx_word' id='word_1_35' title='bbox 836 513 993 567; x_wconf 87' lang='lat' dir='ltr'>facilis,</span> <span class='ocrx_word' id='word_1_36' title='bbox 1038 529 1188 556; x_wconf 89' lang='lat' dir='ltr'>uerum</span> <span class='ocrx_word' id='word_1_37' title='bbox 1228 516 1359 557; x_wconf 87' lang='lat' dir='ltr'>eciam</span> <span class='ocrx_word' id='word_1_38' title='bbox 1407 517 1582 573; x_wconf 89' lang='lat' dir='ltr'>obsequi</span> 
     </span>
     <span class='ocr_line' id='line_1_13' title="bbox 132 572 1581 630; baseline 0.003 -17"><span class='ocrx_word' id='word_1_39' title='bbox 132 586 319 628; x_wconf 79' lang='lat' dir='ltr'>preceps,</span> <span class='ocrx_word' id='word_1_40' title='bbox 382 573 512 614; x_wconf 87' lang='lat' dir='ltr'>Pater</span> <span class='ocrx_word' id='word_1_41' title='bbox 546 586 659 622; x_wconf 90' lang='lat' dir='ltr'>uero,</span> <span class='ocrx_word' id='word_1_42' title='bbox 691 586 774 627; x_wconf 67' lang='lat' dir='ltr'>qu‘o</span> <span class='ocrx_word' id='word_1_43' title='bbox 809 572 967 614; x_wconf 81' lang='lat' dir='ltr'>cercius</span> <span class='ocrx_word' id='word_1_44' title='bbox 1003 572 1086 614; x_wconf 87' lang='lat' dir='ltr'>filie</span> <span class='ocrx_word' id='word_1_45' title='bbox 1119 577 1304 615; x_wconf 80' lang='lat' dir='ltr'>mentem</span> <span class='ocrx_word' id='word_1_46' title='bbox 1347 574 1581 630; x_wconf 77' lang='lat' dir='ltr'>inspiceret,</span> 
     </span>
     <span class='ocr_line' id='line_1_14' title="bbox 132 630 1582 686; baseline 0.003 -16"><span class='ocrx_word' id='word_1_47' title='bbox 132 630 298 685; x_wconf 85' lang='lat' dir='ltr'>legatos</span> <span class='ocrx_word' id='word_1_48' title='bbox 331 631 532 686; x_wconf 88' lang='lat' dir='ltr'>subsequi</span> <span class='ocrx_word' id='word_1_49' title='bbox 555 631 679 685; x_wconf 86' lang='lat' dir='ltr'>cepit.</span> <span class='ocrx_word' id='word_1_50' title='bbox 731 630 824 684; x_wconf 79' lang='lat' dir='ltr'>Illa,</span> <span class='ocrx_word' id='word_1_51' title='bbox 856 631 971 686; x_wconf 87' lang='lat' dir='ltr'>prius</span> <span class='ocrx_word' id='word_1_52' title='bbox 1005 631 1045 671; x_wconf 90' lang='lat' dir='ltr'>in</span> <span class='ocrx_word' id='word_1_53' title='bbox 1069 645 1252 672; x_wconf 83' lang='lat' dir='ltr'>amorem</span> <span class='ocrx_word' id='word_1_54' title='bbox 1284 634 1401 686; x_wconf 88' lang='lat' dir='ltr'>proci</span> <span class='ocrx_word' id='word_1_55' title='bbox 1434 634 1582 675; x_wconf 85' lang='lat' dir='ltr'>latenti</span> 
     </span>
     <span class='ocr_line' id='line_1_15' title="bbox 132 688 1582 744; baseline 0.002 -14"><span class='ocrx_word' id='word_1_56' title='bbox 132 689 324 743; x_wconf 89' lang='lat' dir='ltr'>pocionis</span> <span class='ocrx_word' id='word_1_57' title='bbox 358 690 611 744; x_wconf 71' lang='lat' dir='ltr'>operae-ione</span> <span class='ocrx_word' id='word_1_58' title='bbox 637 688 858 744; x_wconf 81' lang='lat' dir='ltr'>perducta,</span> <span class='ocrx_word' id='word_1_59' title='bbox 891 689 1013 744; x_wconf 89' lang='lat' dir='ltr'>plura</span> <span class='ocrx_word' id='word_1_60' title='bbox 1036 704 1080 731; x_wconf 92' lang='lat' dir='ltr'>se</span> <span class='ocrx_word' id='word_1_61' title='bbox 1113 689 1164 731; x_wconf 91' lang='lat' dir='ltr'>de</span> <span class='ocrx_word' id='word_1_62' title='bbox 1188 689 1418 731; x_wconf 84' lang='lat' dir='ltr'>Frothonis</span> <span class='ocrx_word' id='word_1_63' title='bbox 1442 691 1582 733; x_wconf 88' lang='lat' dir='ltr'>indole</span> 
     </span>
     <span class='ocr_line' id='line_1_16' title="bbox 132 747 1580 803; baseline 0.003 -17"><span class='ocrx_word' id='word_1_64' title='bbox 132 747 348 789; x_wconf 87' lang='lat' dir='ltr'>referebat</span> <span class='ocrx_word' id='word_1_65' title='bbox 378 761 452 802; x_wconf 90' lang='lat' dir='ltr'>spe</span> <span class='ocrx_word' id='word_1_66' title='bbox 483 747 791 802; x_wconf 84' lang='lat' dir='ltr'>presumpsisse</span> <span class='ocrx_word' id='word_1_67' title='bbox 826 761 951 802; x_wconf 86' lang='lat' dir='ltr'>quam</span> <span class='ocrx_word' id='word_1_68' title='bbox 984 747 1110 799; x_wconf 86' lang='lat' dir='ltr'>fama,</span> <span class='ocrx_word' id='word_1_69' title='bbox 1145 748 1301 803; x_wconf 88' lang='lat' dir='ltr'>quippe</span> <span class='ocrx_word' id='word_1_70' title='bbox 1338 762 1431 789; x_wconf 88' lang='lat' dir='ltr'>cum</span> <span class='ocrx_word' id='word_1_71' title='bbox 1462 750 1496 791; x_wconf 90' lang='lat' dir='ltr'>is</span> <span class='ocrx_word' id='word_1_72' title='bbox 1527 750 1580 791; x_wconf 84' lang='lat' dir='ltr'>ab</span> 
     </span>
     <span class='ocr_line' id='line_1_17' title="bbox 131 803 1582 861; baseline 0.004 -17"><span class='ocrx_word' id='word_1_73' title='bbox 131 803 282 858; x_wconf 69' lang='lat' dir='ltr'>illustri</span> <span class='ocrx_word' id='word_1_74' title='bbox 313 819 447 861; x_wconf 88' lang='lat' dir='ltr'>genus</span> <span class='ocrx_word' id='word_1_75' title='bbox 480 810 657 860; x_wconf 89' lang='lat' dir='ltr'>parente</span> <span class='ocrx_word' id='word_1_76' title='bbox 687 805 871 857; x_wconf 81' lang='lat' dir='ltr'>duxerit,</span> <span class='ocrx_word' id='word_1_77' title='bbox 908 810 1145 860; x_wconf 84' lang='lat' dir='ltr'>naturaque</span> <span class='ocrx_word' id='word_1_78' title='bbox 1177 806 1310 847; x_wconf 91' lang='lat' dir='ltr'>omnis</span> <span class='ocrx_word' id='word_1_79' title='bbox 1342 821 1416 848; x_wconf 90' lang='lat' dir='ltr'>sue</span> <span class='ocrx_word' id='word_1_80' title='bbox 1447 808 1582 850; x_wconf 87' lang='lat' dir='ltr'>soleat</span> 
     </span>
     <span class='ocr_line' id='line_1_18' title="bbox 131 863 1581 918; baseline 0.003 -15"><span class='ocrx_word' id='word_1_81' title='bbox 131 863 284 918; x_wconf 89' lang='lat' dir='ltr'>origini</span> <span class='ocrx_word' id='word_1_82' title='bbox 331 863 603 918; x_wconf 88' lang='lat' dir='ltr'>respondere.</span> <span class='ocrx_word' id='word_1_83' title='bbox 681 863 969 912; x_wconf 82' lang='lat' dir='ltr'>Quamobrem</span> <span class='ocrx_word' id='word_1_84' title='bbox 1010 864 1210 905; x_wconf 88' lang='lat' dir='ltr'>iuuenem</span> <span class='ocrx_word' id='word_1_85' title='bbox 1250 864 1328 905; x_wconf 87' lang='lat' dir='ltr'>sibi</span> <span class='ocrx_word' id='word_1_86' title='bbox 1368 879 1449 907; x_wconf 92' lang='lat' dir='ltr'>non</span> <span class='ocrx_word' id='word_1_87' title='bbox 1497 870 1581 907; x_wconf 86' lang='lat' dir='ltr'>tam</span> 
     </span>
     <span class='ocr_line' id='line_1_19' title="bbox 132 921 1581 977; baseline 0.003 -16"><span class='ocrx_word' id='word_1_88' title='bbox 132 922 356 976; x_wconf 80' lang='lat' dir='ltr'>presentis,</span> <span class='ocrx_word' id='word_1_89' title='bbox 390 935 515 977; x_wconf 90' lang='lat' dir='ltr'>quam</span> <span class='ocrx_word' id='word_1_90' title='bbox 546 922 679 963; x_wconf 87' lang='lat' dir='ltr'>futuri</span> <span class='ocrx_word' id='word_1_91' title='bbox 710 921 946 976; x_wconf 81' lang='lat' dir='ltr'>splendoris</span> <span class='ocrx_word' id='word_1_92' title='bbox 976 922 1131 963; x_wconf 89' lang='lat' dir='ltr'>intuitu</span> <span class='ocrx_word' id='word_1_93' title='bbox 1153 922 1378 977; x_wconf 79' lang='lat' dir='ltr'>placuisse.</span> <span class='ocrx_word' id='word_1_94' title='bbox 1419 923 1581 971; x_wconf 85' lang='lat' dir='ltr'>Quibus</span> 
     </span>
     <span class='ocr_line' id='line_1_20' title="bbox 132 979 1580 1036; baseline 0.001 -16"><span class='ocrx_word' id='word_1_95' title='bbox 132 979 287 1021; x_wconf 85' lang='lat' dir='ltr'>auditis</span> <span class='ocrx_word' id='word_1_96' title='bbox 320 979 597 1029; x_wconf 86' lang='lat' dir='ltr'>mirabundus</span> <span class='ocrx_word' id='word_1_97' title='bbox 618 983 751 1035; x_wconf 86' lang='lat' dir='ltr'>pater,</span> <span class='ocrx_word' id='word_1_98' title='bbox 785 979 859 1021; x_wconf 89' lang='lat' dir='ltr'>sed</span> <span class='ocrx_word' id='word_1_99' title='bbox 892 994 944 1021; x_wconf 90' lang='lat' dir='ltr'>ne</span> <span class='ocrx_word' id='word_1_100' title='bbox 965 981 1214 1035; x_wconf 86' lang='lat' dir='ltr'>permissam</span> <span class='ocrx_word' id='word_1_101' title='bbox 1247 981 1415 1035; x_wconf 87' lang='lat' dir='ltr'>quidem</span> <span class='ocrx_word' id='word_1_102' title='bbox 1439 982 1580 1036; x_wconf 90' lang='lat' dir='ltr'>puelle</span> 
     </span>
     <span class='ocr_line' id='line_1_21' title="bbox 129 1036 1580 1094; baseline 0.001 -15"><span class='ocrx_word' id='word_1_103' title='bbox 129 1037 347 1079; x_wconf 86' lang='lat' dir='ltr'>licenciam</span> <span class='ocrx_word' id='word_1_104' title='bbox 378 1037 616 1080; x_wconf 83' lang='lat' dir='ltr'>rescindere</span> <span class='ocrx_word' id='word_1_105' title='bbox 648 1052 820 1093; x_wconf 88' lang='lat' dir='ltr'>passus,</span> <span class='ocrx_word' id='word_1_106' title='bbox 855 1037 1084 1079; x_wconf 85' lang='lat' dir='ltr'>Frothonis</span> <span class='ocrx_word' id='word_1_107' title='bbox 1127 1053 1217 1080; x_wconf 84' lang='lat' dir='ltr'>eam</span> <span class='ocrx_word' id='word_1_108' title='bbox 1253 1036 1459 1093; x_wconf 58' lang='lat' dir='ltr'>oonjqiugio</span> <span class='ocrx_word' id='word_1_109' title='bbox 1492 1040 1580 1094; x_wconf 92' lang='lat' dir='ltr'>pol-</span> 
     </span>
     <span class='ocr_line' id='line_1_22' title="bbox 130 1095 1579 1151; baseline 0.001 -15"><span class='ocrx_word' id='word_1_110' title='bbox 130 1096 291 1137; x_wconf 88' lang='lat' dir='ltr'>licetur.</span> <span class='ocrx_word' id='word_1_111' title='bbox 348 1096 486 1144; x_wconf 83' lang='lat' dir='ltr'>Quam</span> <span class='ocrx_word' id='word_1_112' title='bbox 518 1100 615 1151; x_wconf 89' lang='lat' dir='ltr'>post</span> <span class='ocrx_word' id='word_1_113' title='bbox 638 1095 824 1149; x_wconf 87' lang='lat' dir='ltr'>modum,</span> <span class='ocrx_word' id='word_1_114' title='bbox 858 1097 1040 1150; x_wconf 88' lang='lat' dir='ltr'>prouisis</span> <span class='ocrx_word' id='word_1_115' title='bbox 1063 1096 1230 1138; x_wconf 88' lang='lat' dir='ltr'>abunde</span> <span class='ocrx_word' id='word_1_116' title='bbox 1261 1098 1579 1151; x_wconf 83' lang='lat' dir='ltr'>commeatibus,</span> 
     </span>
     <span class='ocr_line' id='line_1_23' title="bbox 129 1153 1580 1210; baseline 0.001 -16"><span class='ocrx_word' id='word_1_117' title='bbox 129 1153 294 1207; x_wconf 82' lang='lat' dir='ltr'>tollens,</span> <span class='ocrx_word' id='word_1_118' title='bbox 318 1154 541 1209; x_wconf 88' lang='lat' dir='ltr'>magnifico</span> <span class='ocrx_word' id='word_1_119' title='bbox 566 1169 705 1196; x_wconf 90' lang='lat' dir='ltr'>rerum</span> <span class='ocrx_word' id='word_1_120' title='bbox 726 1159 947 1210; x_wconf 84' lang='lat' dir='ltr'>apparatu,</span> <span class='ocrx_word' id='word_1_121' title='bbox 971 1155 1329 1209; x_wconf 85' lang='lat' dir='ltr'>consequentibus</span> <span class='ocrx_word' id='word_1_122' title='bbox 1352 1170 1396 1196; x_wconf 90' lang='lat' dir='ltr'>se</span> <span class='ocrx_word' id='word_1_123' title='bbox 1419 1155 1580 1210; x_wconf 81' lang='lat' dir='ltr'>legatis,</span> 
     </span>
     <span class='ocr_line' id='line_1_24' title="bbox 128 1211 1579 1268; baseline 0.001 -16"><span class='ocrx_word' id='word_1_124' title='bbox 128 1211 309 1253; x_wconf 85' lang='lat' dir='ltr'>Daniam</span> <span class='ocrx_word' id='word_1_125' title='bbox 354 1213 470 1254; x_wconf 82' lang='lat' dir='ltr'>adire</span> <span class='ocrx_word' id='word_1_126' title='bbox 512 1212 794 1268; x_wconf 72' lang='lat' dir='ltr'>deproperat,</span> <span class='ocrx_word' id='word_1_127' title='bbox 842 1213 977 1254; x_wconf 83' lang='lat' dir='ltr'>sciens</span> <span class='ocrx_word' id='word_1_128' title='bbox 1021 1214 1229 1254; x_wconf 91' lang='lat' dir='ltr'>neminem</span> <span class='ocrx_word' id='word_1_129' title='bbox 1273 1217 1389 1268; x_wconf 85' lang='lat' dir='ltr'>patre</span> <span class='ocrx_word' id='word_1_130' title='bbox 1431 1214 1579 1255; x_wconf 87' lang='lat' dir='ltr'>melius</span> 
     </span>
     <span class='ocr_line' id='line_1_25' title="bbox 128 1270 1580 1326; baseline 0.001 -15"><span class='ocrx_word' id='word_1_131' title='bbox 128 1270 256 1311; x_wconf 83' lang='lat' dir='ltr'>filiam</span> <span class='ocrx_word' id='word_1_132' title='bbox 273 1271 438 1326; x_wconf 83' lang='lat' dir='ltr'>nupciis</span> <span class='ocrx_word' id='word_1_133' title='bbox 456 1270 717 1313; x_wconf 90' lang='lat' dir='ltr'>obtaturum.</span> <span class='ocrx_word' id='word_1_134' title='bbox 764 1270 927 1311; x_wconf 87' lang='lat' dir='ltr'>Frotho</span> <span class='ocrx_word' id='word_1_135' title='bbox 947 1270 1054 1312; x_wconf 87' lang='lat' dir='ltr'>sicut</span> <span class='ocrx_word' id='word_1_136' title='bbox 1071 1271 1363 1313; x_wconf 87' lang='lat' dir='ltr'>iocundissime</span> <span class='ocrx_word' id='word_1_137' title='bbox 1382 1285 1580 1326; x_wconf 89' lang='lat' dir='ltr'>sponsam</span> 
     </span>
     <span class='ocr_line' id='line_1_26' title="bbox 129 1328 1578 1384; baseline 0.001 -14"><span class='ocrx_word' id='word_1_138' title='bbox 129 1329 316 1384; x_wconf 79' lang='lat' dir='ltr'>excepit,</span> <span class='ocrx_word' id='word_1_139' title='bbox 355 1329 416 1371; x_wconf 85' lang='lat' dir='ltr'>ita</span> <span class='ocrx_word' id='word_1_140' title='bbox 446 1328 579 1370; x_wconf 92' lang='lat' dir='ltr'>futuri</span> <span class='ocrx_word' id='word_1_141' title='bbox 627 1342 797 1384; x_wconf 88' lang='lat' dir='ltr'>quoque</span> <span class='ocrx_word' id='word_1_142' title='bbox 833 1329 969 1370; x_wconf 85' lang='lat' dir='ltr'>soceri</span> <span class='ocrx_word' id='word_1_143' title='bbox 1011 1330 1273 1371; x_wconf 88' lang='lat' dir='ltr'>maiestatem</span> <span class='ocrx_word' id='word_1_144' title='bbox 1315 1329 1578 1384; x_wconf 86' lang='lat' dir='ltr'>amplissimis</span> 
     </span>
     <span class='ocr_line' id='line_1_27' title="bbox 127 1384 1577 1443; baseline 0.001 -16"><span class='ocrx_word' id='word_1_145' title='bbox 127 1384 373 1443; x_wconf 60' lang='lat' dir='ltr'>hosnoribus</span> <span class='ocrx_word' id='word_1_146' title='bbox 416 1384 669 1439; x_wconf 89' lang='lat' dir='ltr'>celebrauit,</span> <span class='ocrx_word' id='word_1_147' title='bbox 715 1401 862 1442; x_wconf 91' lang='lat' dir='ltr'>quem,</span> <span class='ocrx_word' id='word_1_148' title='bbox 903 1388 1085 1442; x_wconf 86' lang='lat' dir='ltr'>peractis</span> <span class='ocrx_word' id='word_1_149' title='bbox 1126 1387 1255 1437; x_wconf 85' lang='lat' dir='ltr'>tedis,</span> <span class='ocrx_word' id='word_1_150' title='bbox 1295 1401 1448 1442; x_wconf 85' lang='lat' dir='ltr'>magna</span> <span class='ocrx_word' id='word_1_151' title='bbox 1487 1389 1577 1428; x_wconf 87' lang='lat' dir='ltr'>auri</span> 
     </span>
     <span class='ocr_line' id='line_1_28' title="bbox 129 1445 1011 1500; baseline 0.002 -14"><span class='ocrx_word' id='word_1_152' title='bbox 129 1445 378 1500; x_wconf 84' lang='lat' dir='ltr'>argentique</span> <span class='ocrx_word' id='word_1_153' title='bbox 411 1459 577 1487; x_wconf 85' lang='lat' dir='ltr'>summa</span> <span class='ocrx_word' id='word_1_154' title='bbox 607 1445 809 1487; x_wconf 82' lang='lat' dir='ltr'>donatum</span> <span class='ocrx_word' id='word_1_155' title='bbox 844 1445 1011 1488; x_wconf 87' lang='lat' dir='ltr'>dimisit.</span> 
     </span>
    </p>

    <p class='ocr_par' dir='ltr' id='par_1_10' title="bbox 121 1501 1578 2663">
     <span class='ocr_line' id='line_1_29' title="bbox 268 1501 1577 1558; baseline 0.001 -15"><span class='ocrx_word' id='word_1_156' title='bbox 268 1501 407 1558; x_wconf 86' lang='lat' dir='ltr'>Igitur</span> <span class='ocrx_word' id='word_1_157' title='bbox 430 1503 651 1545; x_wconf 90' lang='lat' dir='ltr'>Hanunda</span> <span class='ocrx_word' id='word_1_158' title='bbox 683 1518 784 1545; x_wconf 90' lang='lat' dir='ltr'>usus</span> <span class='ocrx_word' id='word_1_159' title='bbox 811 1503 1089 1556; x_wconf 58' lang='lat' dir='ltr'>(Hunnorum</span> <span class='ocrx_word' id='word_1_160' title='bbox 1111 1503 1191 1544; x_wconf 89' lang='lat' dir='ltr'>hec</span> <span class='ocrx_word' id='word_1_161' title='bbox 1211 1503 1322 1557; x_wconf 86' lang='lat' dir='ltr'>regis</span> <span class='ocrx_word' id='word_1_162' title='bbox 1347 1503 1431 1544; x_wconf 84' lang='lat' dir='ltr'>filia</span> <span class='ocrx_word' id='word_1_163' title='bbox 1452 1506 1577 1556; x_wconf 73' lang='lat' dir='ltr'>erat),</span> 
     </span>
     <span class='ocr_line' id='line_1_30' title="bbox 128 1561 1578 1618; baseline 0 -16"><span class='ocrx_word' id='word_1_164' title='bbox 128 1561 428 1603; x_wconf 88' lang='lat' dir='ltr'>florentissima</span> <span class='ocrx_word' id='word_1_165' title='bbox 466 1562 845 1618; x_wconf 27' lang='lat' dir='ltr'>pace-triennium</span> <span class='ocrx_word' id='word_1_166' title='bbox 879 1561 1014 1603; x_wconf 81' lang='lat' dir='ltr'>duxit.</span> <span class='ocrx_word' id='word_1_167' title='bbox 1078 1561 1208 1603; x_wconf 83' lang='lat' dir='ltr'>Cuius</span> <span class='ocrx_word' id='word_1_168' title='bbox 1241 1561 1578 1611; x_wconf 82' lang='lat' dir='ltr'>contubernales,</span> 
     </span>
     <span class='ocr_line' id='line_1_31' title="bbox 129 1619 1577 1675; baseline 0.001 -16"><span class='ocrx_word' id='word_1_169' title='bbox 129 1619 221 1660; x_wconf 91' lang='lat' dir='ltr'>ocio</span> <span class='ocrx_word' id='word_1_170' title='bbox 254 1620 539 1674; x_wconf 82' lang='lat' dir='ltr'>petulanciam</span> <span class='ocrx_word' id='word_1_171' title='bbox 572 1621 711 1672; x_wconf 87' lang='lat' dir='ltr'>nacti,</span> <span class='ocrx_word' id='word_1_172' title='bbox 741 1625 907 1675; x_wconf 87' lang='lat' dir='ltr'>partam</span> <span class='ocrx_word' id='word_1_173' title='bbox 941 1619 1081 1674; x_wconf 85' lang='lat' dir='ltr'>quiete</span> <span class='ocrx_word' id='word_1_174' title='bbox 1112 1619 1328 1660; x_wconf 82' lang='lat' dir='ltr'>lasciuiam</span> <span class='ocrx_word' id='word_1_175' title='bbox 1360 1620 1577 1674; x_wconf 87' lang='lat' dir='ltr'>improbis-</span> 
     </span>
     <span class='ocr_line' id='line_1_32' title="bbox 128 1677 1577 1726; baseline 0 -8"><span class='ocrx_word' id='word_1_176' title='bbox 128 1677 244 1718; x_wconf 88' lang='lat' dir='ltr'>simis</span> <span class='ocrx_word' id='word_1_177' title='bbox 277 1679 470 1721; x_wconf 83' lang='lat' dir='ltr'>extulere</span> <span class='ocrx_word' id='word_1_178' title='bbox 502 1679 748 1720; x_wconf 81' lang='lat' dir='ltr'>sceleribus.</span> <span class='ocrx_word' id='word_1_179' title='bbox 801 1677 1018 1726; x_wconf 87' lang='lat' dir='ltr'>Quosdam</span> <span class='ocrx_word' id='word_1_180' title='bbox 1052 1678 1160 1719; x_wconf 81' lang='lat' dir='ltr'>enirn</span> <span class='ocrx_word' id='word_1_181' title='bbox 1193 1677 1375 1718; x_wconf 79' lang='lat' dir='ltr'>restibus</span> <span class='ocrx_word' id='word_1_182' title='bbox 1407 1678 1445 1718; x_wconf 89' lang='lat' dir='ltr'>in</span> <span class='ocrx_word' id='word_1_183' title='bbox 1481 1679 1577 1718; x_wconf 91' lang='lat' dir='ltr'>sub-</span> 
     </span>
     <span class='ocr_line' id='line_1_33' title="bbox 124 1735 1575 1791; baseline 0 -16"><span class='ocrx_word' id='word_1_184' title='bbox 124 1735 222 1776; x_wconf 90' lang='lat' dir='ltr'>lime</span> <span class='ocrx_word' id='word_1_185' title='bbox 269 1740 505 1790; x_wconf 84' lang='lat' dir='ltr'>pertractos</span> <span class='ocrx_word' id='word_1_186' title='bbox 562 1751 679 1779; x_wconf 82' lang='lat' dir='ltr'>more</span> <span class='ocrx_word' id='word_1_187' title='bbox 727 1736 937 1790; x_wconf 81' lang='lat' dir='ltr'>agitabilis</span> <span class='ocrx_word' id='word_1_188' title='bbox 984 1736 1065 1790; x_wconf 85' lang='lat' dir='ltr'>pile</span> <span class='ocrx_word' id='word_1_189' title='bbox 1120 1736 1305 1791; x_wconf 85' lang='lat' dir='ltr'>pendula</span> <span class='ocrx_word' id='word_1_190' title='bbox 1353 1749 1575 1790; x_wconf 90' lang='lat' dir='ltr'>corporum</span> 
     </span>
     <span class='ocr_line' id='line_1_34' title="bbox 127 1793 1574 1849; baseline 0 -15"><span class='ocrx_word' id='word_1_191' title='bbox 127 1794 382 1849; x_wconf 90' lang='lat' dir='ltr'>impulsione</span> <span class='ocrx_word' id='word_1_192' title='bbox 425 1796 664 1844; x_wconf 68' lang='lat' dir='ltr'>uexabant,</span> <span class='ocrx_word' id='word_1_193' title='bbox 706 1794 797 1836; x_wconf 86' lang='lat' dir='ltr'>aliis</span> <span class='ocrx_word' id='word_1_194' title='bbox 838 1794 1041 1835; x_wconf 90' lang='lat' dir='ltr'>hedinum</span> <span class='ocrx_word' id='word_1_195' title='bbox 1083 1793 1374 1835; x_wconf 77' lang='lat' dir='ltr'>incedentibus</span> <span class='ocrx_word' id='word_1_196' title='bbox 1418 1793 1574 1834; x_wconf 89' lang='lat' dir='ltr'>corium</span> 
     </span>
     <span class='ocr_line' id='line_1_35' title="bbox 126 1851 1575 1907; baseline 0 -14"><span class='ocrx_word' id='word_1_197' title='bbox 126 1853 472 1907; x_wconf 88' lang='lat' dir='ltr'>substernentes,</span> <span class='ocrx_word' id='word_1_198' title='bbox 519 1853 668 1894; x_wconf 85' lang='lat' dir='ltr'>lubrici</span> <span class='ocrx_word' id='word_1_199' title='bbox 715 1853 894 1907; x_wconf 83' lang='lat' dir='ltr'>tergoris</span> <span class='ocrx_word' id='word_1_200' title='bbox 941 1852 1195 1894; x_wconf 86' lang='lat' dir='ltr'>offendiculo</span> <span class='ocrx_word' id='word_1_201' title='bbox 1243 1865 1318 1906; x_wconf 88' lang='lat' dir='ltr'>per</span> <span class='ocrx_word' id='word_1_202' title='bbox 1365 1851 1575 1893; x_wconf 86' lang='lat' dir='ltr'>occultum</span> 
     </span>
     <span class='ocr_line' id='line_1_36' title="bbox 126 1909 1576 1966; baseline 0 -16"><span class='ocrx_word' id='word_1_203' title='bbox 126 1909 239 1951; x_wconf 87' lang='lat' dir='ltr'>funis</span> <span class='ocrx_word' id='word_1_204' title='bbox 271 1916 439 1966; x_wconf 88' lang='lat' dir='ltr'>raptum</span> <span class='ocrx_word' id='word_1_205' title='bbox 462 1912 656 1953; x_wconf 80' lang='lat' dir='ltr'>incautos</span> <span class='ocrx_word' id='word_1_206' title='bbox 689 1911 898 1966; x_wconf 81' lang='lat' dir='ltr'>subegere</span> <span class='ocrx_word' id='word_1_207' title='bbox 931 1925 1124 1966; x_wconf 84' lang='lat' dir='ltr'>gressus;</span> <span class='ocrx_word' id='word_1_208' title='bbox 1158 1910 1261 1951; x_wconf 86' lang='lat' dir='ltr'>alios</span> <span class='ocrx_word' id='word_1_209' title='bbox 1294 1913 1415 1951; x_wconf 89' lang='lat' dir='ltr'>ueste</span> <span class='ocrx_word' id='word_1_210' title='bbox 1445 1909 1576 1950; x_wconf 88' lang='lat' dir='ltr'>nuda-</span> 
     </span>
     <span class='ocr_line' id='line_1_37' title="bbox 127 1967 1575 2025; baseline -0.002 -15"><span class='ocrx_word' id='word_1_211' title='bbox 127 1973 193 2010; x_wconf 88' lang='lat' dir='ltr'>tos</span> <span class='ocrx_word' id='word_1_212' title='bbox 225 1969 352 2010; x_wconf 88' lang='lat' dir='ltr'>uariis</span> <span class='ocrx_word' id='word_1_213' title='bbox 391 1970 613 2012; x_wconf 89' lang='lat' dir='ltr'>uerberum</span> <span class='ocrx_word' id='word_1_214' title='bbox 647 1969 861 2025; x_wconf 81' lang='lat' dir='ltr'>suppliciis</span> <span class='ocrx_word' id='word_1_215' title='bbox 892 1969 1152 2022; x_wconf 81' lang='lat' dir='ltr'>lacerabant3</span> <span class='ocrx_word' id='word_1_216' title='bbox 1191 1968 1296 2008; x_wconf 84' lang='lat' dir='ltr'>alios</span> <span class='ocrx_word' id='word_1_217' title='bbox 1325 1967 1457 2008; x_wconf 75' lang='lat' dir='ltr'>clauis</span> <span class='ocrx_word' id='word_1_218' title='bbox 1487 1967 1575 2008; x_wconf 86' lang='lat' dir='ltr'>affi-</span> 
     </span>
     <span class='ocr_line' id='line_1_38' title="bbox 126 2025 1574 2083; baseline -0.001 -16"><span class='ocrx_word' id='word_1_219' title='bbox 126 2040 206 2068; x_wconf 74' lang='lat' dir='ltr'>xos</span> <span class='ocrx_word' id='word_1_220' title='bbox 240 2027 379 2082; x_wconf 88' lang='lat' dir='ltr'>laquei</span> <span class='ocrx_word' id='word_1_221' title='bbox 402 2041 519 2069; x_wconf 89' lang='lat' dir='ltr'>more</span> <span class='ocrx_word' id='word_1_222' title='bbox 542 2028 830 2083; x_wconf 87' lang='lat' dir='ltr'>suspensionis</span> <span class='ocrx_word' id='word_1_223' title='bbox 853 2027 1113 2069; x_wconf 85' lang='lat' dir='ltr'>muletauerc</span> <span class='ocrx_word' id='word_1_224' title='bbox 1144 2025 1338 2068; x_wconf 88' lang='lat' dir='ltr'>ludibrio.</span> <span class='ocrx_word' id='word_1_225' title='bbox 1382 2025 1574 2073; x_wconf 88' lang='lat' dir='ltr'>Quorun-</span> 
     </span>
     <span class='ocr_line' id='line_1_39' title="bbox 126 2083 1571 2140; baseline -0.001 -15"><span class='ocrx_word' id='word_1_226' title='bbox 126 2084 222 2125; x_wconf 87' lang='lat' dir='ltr'>dam</span> <span class='ocrx_word' id='word_1_227' title='bbox 254 2085 386 2126; x_wconf 88' lang='lat' dir='ltr'>barbe</span> <span class='ocrx_word' id='word_1_228' title='bbox 409 2090 451 2127; x_wconf 91' lang='lat' dir='ltr'>et</span> <span class='ocrx_word' id='word_1_229' title='bbox 474 2086 644 2128; x_wconf 85' lang='lat' dir='ltr'>uerticis</span> <span class='ocrx_word' id='word_1_230' title='bbox 676 2085 784 2140; x_wconf 88' lang='lat' dir='ltr'>pilos</span> <span class='ocrx_word' id='word_1_231' title='bbox 816 2086 965 2126; x_wconf 86' lang='lat' dir='ltr'>faculis</span> <span class='ocrx_word' id='word_1_232' title='bbox 997 2089 1263 2133; x_wconf 71' lang='lat' dir='ltr'>torruerunt,</span> <span class='ocrx_word' id='word_1_233' title='bbox 1296 2083 1386 2124; x_wconf 89' lang='lat' dir='ltr'>aliis</span> <span class='ocrx_word' id='word_1_234' title='bbox 1418 2084 1571 2138; x_wconf 88' lang='lat' dir='ltr'>pubem</span> 
     </span>
     <span class='ocr_line' id='line_1_40' title="bbox 126 2141 1572 2198; baseline -0.001 -15"><span class='ocrx_word' id='word_1_235' title='bbox 126 2146 252 2198; x_wconf 90' lang='lat' dir='ltr'>atque</span> <span class='ocrx_word' id='word_1_236' title='bbox 285 2143 459 2197; x_wconf 83' lang='lat' dir='ltr'>inguina</span> <span class='ocrx_word' id='word_1_237' title='bbox 489 2144 679 2195; x_wconf 84' lang='lat' dir='ltr'>subiecto</span> <span class='ocrx_word' id='word_1_238' title='bbox 713 2149 827 2185; x_wconf 84' lang='lat' dir='ltr'>torre</span> <span class='ocrx_word' id='word_1_239' title='bbox 860 2143 1112 2184; x_wconf 85' lang='lat' dir='ltr'>cremabant.</span> <span class='ocrx_word' id='word_1_240' title='bbox 1146 2141 1392 2195; x_wconf 82' lang='lat' dir='ltr'>Virginibus</span> <span class='ocrx_word' id='word_1_241' title='bbox 1414 2141 1572 2182; x_wconf 86' lang='lat' dir='ltr'>nubere</span> 
     </span>
     <span class='ocr_line' id='line_1_41' title="bbox 124 2199 1570 2258; baseline -0.001 -16"><span class='ocrx_word' id='word_1_242' title='bbox 124 2214 209 2242; x_wconf 90' lang='lat' dir='ltr'>non</span> <span class='ocrx_word' id='word_1_243' title='bbox 244 2201 411 2253; x_wconf 83' lang='lat' dir='ltr'>licebat,</span> <span class='ocrx_word' id='word_1_244' title='bbox 444 2203 522 2244; x_wconf 90' lang='lat' dir='ltr'>nisi</span> <span class='ocrx_word' id='word_1_245' title='bbox 553 2216 731 2258; x_wconf 90' lang='lat' dir='ltr'>quarum</span> <span class='ocrx_word' id='word_1_246' title='bbox 765 2202 936 2243; x_wconf 83' lang='lat' dir='ltr'>castitas</span> <span class='ocrx_word' id='word_1_247' title='bbox 971 2201 1029 2243; x_wconf 89' lang='lat' dir='ltr'>cis</span> <span class='ocrx_word' id='word_1_248' title='bbox 1062 2205 1160 2242; x_wconf 81' lang='lat' dir='ltr'>ante</span> <span class='ocrx_word' id='word_1_249' title='bbox 1194 2199 1378 2240; x_wconf 83' lang='lat' dir='ltr'>delibata</span> <span class='ocrx_word' id='word_1_250' title='bbox 1410 2199 1570 2241; x_wconf 88' lang='lat' dir='ltr'>fuisset.</span> 
     </span>
     <span class='ocr_line' id='line_1_42' title="bbox 125 2257 1571 2312; baseline -0.003 -12"><span class='ocrx_word' id='word_1_251' title='bbox 125 2258 330 2300; x_wconf 88' lang='lat' dir='ltr'>Aduenas</span> <span class='ocrx_word' id='word_1_252' title='bbox 363 2260 527 2302; x_wconf 88' lang='lat' dir='ltr'>ossibus</span> <span class='ocrx_word' id='word_1_253' title='bbox 561 2260 947 2312; x_wconf 76' lang='lat' dir='ltr'>conuerberabant3</span> <span class='ocrx_word' id='word_1_254' title='bbox 979 2259 1084 2300; x_wconf 88' lang='lat' dir='ltr'>alios</span> <span class='ocrx_word' id='word_1_255' title='bbox 1115 2257 1167 2299; x_wconf 88' lang='lat' dir='ltr'>ad</span> <span class='ocrx_word' id='word_1_256' title='bbox 1199 2258 1571 2311; x_wconf 87' lang='lat' dir='ltr'>intemperanciam</span> 
     </span>
     <span class='ocr_line' id='line_1_43' title="bbox 124 2314 1572 2373; baseline -0.003 -15"><span class='ocrx_word' id='word_1_257' title='bbox 124 2317 363 2372; x_wconf 86' lang='lat' dir='ltr'>compulsos</span> <span class='ocrx_word' id='word_1_258' title='bbox 396 2318 676 2360; x_wconf 87' lang='lat' dir='ltr'>immoderata</span> <span class='ocrx_word' id='word_1_259' title='bbox 709 2318 886 2373; x_wconf 90' lang='lat' dir='ltr'>pocione</span> <span class='ocrx_word' id='word_1_260' title='bbox 917 2317 1184 2372; x_wconf 86' lang='lat' dir='ltr'>rumpebant.</span> <span class='ocrx_word' id='word_1_261' title='bbox 1246 2314 1413 2355; x_wconf 83' lang='lat' dir='ltr'>Nemini</span> <span class='ocrx_word' id='word_1_262' title='bbox 1444 2314 1572 2355; x_wconf 89' lang='lat' dir='ltr'>filiam</span> 
     </span>
     <span class='ocr_line' id='line_1_44' title="bbox 124 2372 1571 2430; baseline -0.003 -14"><span class='ocrx_word' id='word_1_263' title='bbox 124 2380 302 2430; x_wconf 86' lang='lat' dir='ltr'>nuptum</span> <span class='ocrx_word' id='word_1_264' title='bbox 337 2375 436 2417; x_wconf 84' lang='lat' dir='ltr'>dare</span> <span class='ocrx_word' id='word_1_265' title='bbox 468 2376 644 2428; x_wconf 87' lang='lat' dir='ltr'>licebat,</span> <span class='ocrx_word' id='word_1_266' title='bbox 684 2376 762 2418; x_wconf 91' lang='lat' dir='ltr'>nisi</span> <span class='ocrx_word' id='word_1_267' title='bbox 794 2376 937 2430; x_wconf 89' lang='lat' dir='ltr'>gracia</span> <span class='ocrx_word' id='word_1_268' title='bbox 969 2375 1157 2430; x_wconf 84' lang='lat' dir='ltr'>ipsorum</span> <span class='ocrx_word' id='word_1_269' title='bbox 1200 2372 1432 2427; x_wconf 86' lang='lat' dir='ltr'>fauoreque</span> <span class='ocrx_word' id='word_1_270' title='bbox 1466 2386 1571 2413; x_wconf 90' lang='lat' dir='ltr'>mer-</span> 
     </span>
     <span class='ocr_line' id='line_1_45' title="bbox 126 2430 1570 2481; baseline -0.003 -7"><span class='ocrx_word' id='word_1_271' title='bbox 126 2439 235 2476; x_wconf 83' lang='lat' dir='ltr'>cato,</span> <span class='ocrx_word' id='word_1_272' title='bbox 297 2433 415 2475; x_wconf 90' lang='lat' dir='ltr'>Nulli</span> <span class='ocrx_word' id='word_1_273' title='bbox 448 2434 761 2476; x_wconf 86' lang='lat' dir='ltr'>matrimonium</span> <span class='ocrx_word' id='word_1_274' title='bbox 805 2433 1080 2475; x_wconf 83' lang='lat' dir='ltr'>contrahendi</span> <span class='ocrx_word' id='word_1_275' title='bbox 1111 2432 1172 2473; x_wconf 88' lang='lat' dir='ltr'>fas</span> <span class='ocrx_word' id='word_1_276' title='bbox 1208 2436 1319 2481; x_wconf 89' lang='lat' dir='ltr'>erat,</span> <span class='ocrx_word' id='word_1_277' title='bbox 1361 2430 1395 2471; x_wconf 92' lang='lat' dir='ltr'>si</span> <span class='ocrx_word' id='word_1_278' title='bbox 1427 2444 1570 2472; x_wconf 88' lang='lat' dir='ltr'>eorum</span> 
     </span>
     <span class='ocr_line' id='line_1_46' title="bbox 126 2487 1569 2547; baseline -0.003 -15"><span class='ocrx_word' id='word_1_279' title='bbox 126 2505 208 2533; x_wconf 91' lang='lat' dir='ltr'>non</span> <span class='ocrx_word' id='word_1_280' title='bbox 243 2493 386 2546; x_wconf 89' lang='lat' dir='ltr'>precio</span> <span class='ocrx_word' id='word_1_281' title='bbox 418 2493 666 2547; x_wconf 88' lang='lat' dir='ltr'>preemisset</span> <span class='ocrx_word' id='word_1_282' title='bbox 696 2506 930 2534; x_wconf 89' lang='lat' dir='ltr'>assensum.</span> <span class='ocrx_word' id='word_1_283' title='bbox 971 2491 1176 2533; x_wconf 87' lang='lat' dir='ltr'>Preterea</span> <span class='ocrx_word' id='word_1_284' title='bbox 1206 2502 1287 2531; x_wconf 91' lang='lat' dir='ltr'>non</span> <span class='ocrx_word' id='word_1_285' title='bbox 1321 2487 1362 2528; x_wconf 90' lang='lat' dir='ltr'>in</span> <span class='ocrx_word' id='word_1_286' title='bbox 1384 2488 1569 2542; x_wconf 87' lang='lat' dir='ltr'>uirgines</span> 
     </span>
     <span class='ocr_line' id='line_1_47' title="bbox 127 2546 1570 2601; baseline -0.003 -11"><span class='ocrx_word' id='word_1_287' title='bbox 127 2549 265 2601; x_wconf 90' lang='lat' dir='ltr'>modo,</span> <span class='ocrx_word' id='word_1_288' title='bbox 301 2564 445 2591; x_wconf 87' lang='lat' dir='ltr'>uerum</span> <span class='ocrx_word' id='word_1_289' title='bbox 480 2550 610 2593; x_wconf 84' lang='lat' dir='ltr'>eciam</span> <span class='ocrx_word' id='word_1_290' title='bbox 644 2551 683 2592; x_wconf 90' lang='lat' dir='ltr'>in</span> <span class='ocrx_word' id='word_1_291' title='bbox 717 2554 998 2591; x_wconf 79' lang='lat' dir='ltr'>matronarum</span> <span class='ocrx_word' id='word_1_292' title='bbox 1047 2549 1209 2589; x_wconf 81' lang='lat' dir='ltr'>turbam</span> <span class='ocrx_word' id='word_1_293' title='bbox 1252 2546 1402 2601; x_wconf 85' lang='lat' dir='ltr'>passim</span> <span class='ocrx_word' id='word_1_294' title='bbox 1438 2546 1570 2586; x_wconf 83' lang='lat' dir='ltr'>disso-</span> 
     </span>
     <span class='ocr_line' id='line_1_48' title="bbox 121 2604 1564 2663; baseline -0.002 -15"><span class='ocrx_word' id='word_1_295' title='bbox 121 2607 326 2649; x_wconf 84' lang='lat' dir='ltr'>lutissime</span> <span class='ocrx_word' id='word_1_296' title='bbox 359 2608 539 2650; x_wconf 89' lang='lat' dir='ltr'>libidinis</span> <span class='ocrx_word' id='word_1_297' title='bbox 570 2624 647 2650; x_wconf 82' lang='lat' dir='ltr'>sue</span> <span class='ocrx_word' id='word_1_298' title='bbox 677 2609 841 2663; x_wconf 83' lang='lat' dir='ltr'>flagicia</span> <span class='ocrx_word' id='word_1_299' title='bbox 878 2610 1173 2663; x_wconf 77' lang='lat' dir='ltr'>porrexerunt.</span> <span class='ocrx_word' id='word_1_300' title='bbox 1234 2604 1411 2645; x_wconf 82' lang='lat' dir='ltr'>Mixtam</span> <span class='ocrx_word' id='word_1_301' title='bbox 1443 2609 1564 2659; x_wconf 81' lang='lat' dir='ltr'>petu-</span> 
     </span>
    </p>
   </div>
   <div class='ocr_carea' id='block_1_10' title="bbox 1632 1402 1729 1432">
    <p class='ocr_par' dir='ltr' id='par_1_11' title="bbox 1632 1402 1729 1432">
     <span class='ocr_line' id='line_1_49' title="bbox 1632 1402 1729 1432; baseline 0 -8"><span class='ocrx_word' id='word_1_302' title='bbox 1632 1408 1660 1432; x_wconf 77' lang='lat' dir='ltr'>p‚</span> <span class='ocrx_word' id='word_1_303' title='bbox 1681 1402 1729 1425; x_wconf 70' lang='lat' dir='ltr'>iss</span> 
     </span>
    </p>
   </div>
  </div>
 </body>
</html>
