1884 3126
122 1071 138 1097 5

63 1357 140 1389 ‘10

107 1651 140 1677 15

105 1940 141 1967 ‘20

108 2523 145 2550 30

547 640 815 696 SAXONIS
854 642 1246 697 GRAMMATICI

502 748 919 792 HISTORIE
971 750 1296 792 DANIOE

696 844 841 878 LIBER
876 844 1119 885 QVARTVS.

310 958 504 1032 Peracta
550 991 686 1032 uitrici
742 996 882 1046 strage
908 1024 917 1044 ‚
966 993 1188 1034 Amlethus
1210 1026 1220 1046 ,
1279 993 1441 1035 facinus
1496 1006 1617 1034 suum

170 1053 330 1095 incerto
372 1054 638 1110 popularium
681 1056 834 1097 iudicio
867 1056 1016 1098 offerre
1058 1058 1240 1109 ueritus,
1286 1058 1459 1099 latebris
1499 1062 1620 1098 uten-

172 1112 270 1154 dum
304 1113 576 1161 existimauit.
612 1114 771 1166 donec,
803 1128 1018 1170 *quorsum
1050 1116 1266 1157 incondite
1296 1116 1430 1171 plebis
1463 1115 1618 1169 uulgus

171 1177 453 1226 procurreret,
487 1171 714 1214 didicisset.
759 1172 896 1227 Igitur
919 1174 1084 1224 uicinia,
1116 1188 1197 1229 que
1230 1180 1358 1215 noctu
1380 1173 1618 1215 incendium

172 1229 387 1283 speculata
409 1229 558 1272 fuerat.
582 1244 705 1272 mane
729 1244 897 1272 causam
923 1234 1137 1287 conspecti
1159 1232 1266 1286 ignis
1289 1245 1411 1273 nosse
1433 1231 1619 1286 cupiens,

172 1287 401 1342 collapsam
442 1288 484 1328 in
526 1289 689 1331 cineres
731 1289 892 1343 regiam
924 1289 1235 1342 animaduertit,
1267 1290 1497 1344 ruinasque
1530 1290 1620 1330 eius

170 1345 310 1386 adhuc
327 1345 492 1401 tepidas
509 1351 787 1401 perscrutata,
813 1347 913 1388 nihil
930 1354 1071 1403 preter
1088 1348 1288 1389 informes
1307 1348 1620 1389 combustorum

172 1417 396 1458 corporum
438 1405 636 1460 reliquias
678 1406 876 1460 repperit.
939 1405 1059 1446 Adeo
1104 1411 1245 1447 autem
1276 1420 1410 1446 uorax
1454 1406 1620 1446 flamma

173 1462 312 1503 onmia
342 1462 581 1517 perederat,
605 1468 651 1504 ut
674 1477 728 1504 ne
758 1463 887 1505 index
911 1464 1078 1518 quidem
1101 1469 1301 1512 exstaret.
1325 1479 1374 1505 ex
1400 1477 1481 1518 quo
1504 1467 1619 1504 tante

171 1519 302 1561 cladis
335 1535 461 1562 causa
493 1523 626 1577 accipi
658 1528 812 1576 posset.
876 1521 1039 1577 Corpus
1072 1536 1238 1577 quoque
1270 1522 1480 1576 Fengonis
1513 1521 1620 1563 ferro

172 1578 413 1620 confossum
454 1579 563 1620 inter
592 1584 800 1621 cruentas
842 1580 1113 1635 spectabatur
1155 1581 1344 1621 exuuias.
1414 1579 1520 1620 Aliis
1561 1580 1620 1620 in-

171 1636 363 1691 dignacio
394 1641 558 1692 patens,
591 1638 682 1679 aliis
714 1652 869 1690 meror,
901 1638 1153 1693 quibusdam
1184 1638 1384 1693 gaudium
1410 1637 1620 1678 occultum

172 1696 412 1736 incesserat.
472 1695 532 1737 Hi
564 1696 682 1737 ducis
723 1697 1064 1737 lamentabantur
1096 1697 1322 1747 interitum,
1359 1697 1399 1737 hi
1441 1695 1618 1750 sopitam

172 1752 382 1808 parricide
421 1754 691 1809 tyrannidem
723 1755 1062 1809 gratulabantur.
1118 1753 1183 1796 Ita
1215 1755 1326 1808 regis
1358 1754 1470 1795 necis
1496 1766 1620 1794 euen-

171 1817 240 1852 tus
273 1811 449 1853 diuidua
480 1817 767 1867 spectatorum
802 1813 1020 1854 sentencia
1051 1813 1354 1868 excipiebatur.

313 1869 377 1911 Ea
398 1871 517 1924 uulgi
538 1870 843 1926 tranquillitate
863 1870 1089 1912 Amlethus
1121 1870 1488 1925 relinquendarum
1520 1868 1622 1909 late-

175 1927 343 1968 brarum
368 1927 563 1969 fiduciam
587 1928 782 1983 adeptus,
806 1929 1031 1973 accersitis,
1064 1929 1215 1984 quibus
1239 1929 1469 1969 arcciorem
1491 1926 1620 1981 patris

175 1987 419 2027 memoriam
450 1987 642 2028 inherere
685 1993 968 2041 cog-nouerat,
1012 1987 1258 2028 concionem
1299 1987 1426 2042 petit,
1457 1986 1497 2026 in
1540 1997 1622 2039 qua

176 2044 415 2085 oracionem
456 2044 698 2087 huiusmodi
729 2046 907 2088 habuit:
942 2044 1038 2086 Non
1071 2059 1148 2086 uos
1190 2050 1373 2091 moueat,
1412 2055 1621 2108 proceres,

175 2115 348 2157 presens
365 2102 614 2144 calamitatis
637 2102 780 2169 facies,
803 2104 947 2158 siquos
970 2103 1219 2144 miserabilis
1232 2101 1511 2144 Horwendilli
1533 2101 1621 2140 exi·

176 2165 243 2201 tus
262 2165 428 2213 mouet3
453 2175 537 2202 non
554 2176 645 2214 noe,
667 2162 850 2217 inquam,
868 2166 1049 2213 moueat,
1068 2161 1243 2216 quibus
1234 2175 1272 2201 m
1291 2174 1430 2226 regem
1445 2158 1589 2211 fides‚'
1580 2172 1621 2198 in

131 2232 141 2236 ”
176 2223 396 2273 pauentem
416 2219 551 2273 pictas
568 2225 740 2260 seruata
764 2224 839 2261 est.
886 2219 1113 2272 Pu-rioide,
1138 2231 1220 2260 non
1245 2219 1357 2271 regis
1379 2215 1620 2258 intueamini

177 2276 317 2317 funus.
360 2276 613 2318 Luctuosior
635 2277 841 2333 siquidem
864 2277 934 2318 illa
959 2276 1086 2318 facies
1105 2253 1211 2330 ⁷erat,
1245 2290 1337 2316 cum
1370 2275 1446 2330 ipsi
1478 2286 1620 2327 regem

176 2338 366 2375 nostrum
385 2334 437 2375 ab
469 2335 728 2390 iniquissimo
761 2335 983 2390 parricida
1014 2349 1066 2375 ne
1089 2334 1223 2375 dicam
1254 2334 1395 2382 fratre,
1426 2331 1622 2373 flebiliter

175 2392 411 2442 iugulatum
435 2392 611 2434 uidistis.
642 2393 729 2448 Ipsi
752 2394 914 2435 laceros
937 2392 1215 2434 Horwendilli
1233 2396 1361 2442 artus,
1378 2389 1453 2444 ipsi
1472 2401 1620 2443 corpus

179 2450 336 2491 crebris
367 2450 616 2492 uulneribus
656 2449 942 2507 absumlptum
984 2451 1120 2506 plenis
1163 2448 1444 2491 miseracionis
1489 2446 1620 2487 oculis

177 2509 415 2563 aspexistis.
463 2508 600 2556 Quem
624 2510 677 2550 ab
709 2509 972 2551 at1oeissimo
997 2509 1190 2549 carnifice
1213 2506 1358 2562 spiritu
1382 2505 1622 2560 spoliatum

180 2571 226 2607 ut
267 2567 404 2622 patria
447 2566 641 2609 libertate
682 2573 924 2619 exueretur,
966 2567 1060 2632 quis
1097 2556 1291 2607 dubitet?
1336 2563 1433 2605 Vna
1474 2575 1621 2603 manus

180 2625 220 2667 ei
261 2626 419 2679 fatum,
463 2629 505 2666 et
547 2626 670 2667 uobis
715 2626 966 2668 seruitutem
1006 2624 1159 2665 iniecit.
1231 2622 1335 2670 Quis
1366 2621 1494 2676 igitur
1535 2623 1622 2660 tam

248 2698 328 2727 Saxo
347 2699 580 2726 Grammaticus.
1462 2688 1483 2723 7

1670 673 1687 699 p
1716 666 1766 691 150

1656 2464 1682 2490 p.
1705 2457 1752 2483 151
