1884 3126
349 214 431 257 550
881 228 930 235 —
989 199 1127 245 XIIII
1187 225 1241 232 -

348 335 576 379 cauendum
606 335 758 381 monet,
789 329 947 385 nequid
977 330 1036 370 eis
1067 342 1119 370 ex
1151 332 1272 384 parte
1291 328 1513 369 Danorum
1543 327 1654 369 falso
1685 327 1778 383 pol-

347 395 531 444 liceatur,
562 391 846 442 incorruptam
874 387 1010 441 patrie
1040 386 1167 428 fidem
1197 386 1343 427 haberi
1382 387 1554 440 cupiens
1586 384 1773 439 messlmor-

347 465 452 506 que,
483 462 597 498 eam,
627 445 800 487 fortibus
840 444 940 485 uiris
980 443 1204 497 refertam,
1241 444 1390 495 armis,
1429 457 1512 485 non
1551 443 1779 485 mendaciis

347 508 457 549 bella
487 504 680 546 meditari
711 502 875 543 debere.
935 501 1015 543 Ille
1045 502 1227 556 primum
1259 501 1520 542 Pomeranos
1542 515 1778 556 aggressus,

299 582 315 609 5
345 579 404 618 se,
445 563 578 618 prisce
617 560 914 601 familiaritatis
945 559 1148 600 memoria
1179 573 1228 599 ac
1258 559 1390 600 tocius
1422 559 1569 614 populi
1600 558 1778 600 Sclauici

348 621 519 662 caritate
533 622 786 674 permotum,
799 615 1062 658 retundende
1076 630 1220 658 eorum
1232 616 1386 658 inercie
1405 630 1528 658 causa
1546 617 1778 670 aduenisse,

346 678 533 730 dicebat,
575 675 709 730 quod,
750 674 981 729 perniciosa
1020 674 1073 715 ab
1105 674 1164 716 eis
1207 674 1372 715 utilium
1401 674 1494 715 loco
1526 674 1646 727 duci,
1687 688 1780 729 per-

344 739 531 790 spectum
575 732 741 773 habeat.
817 731 1032 786 Siquidem
1074 732 1410 774 animaduertere
1453 745 1522 773 eos
1571 738 1778 787 oportere,

1827 393 1881 427 (31

344 806 466 847 quam
506 791 632 832 noxie
674 789 971 831 dominacionis
1006 789 1153 843 iugum
1192 789 1452 844 receperint,
1494 790 1688 845 quodque
1730 790 1779 831 iis
1809 790 1811 792 ’

276 866 312 893 10
343 849 543 904 obsequio
575 852 768 903 pareant,
800 847 871 902 qui
901 847 1014 901 ipsos
1043 848 1181 902 patria
1212 847 1384 889 tandem
1406 861 1562 889 exuere
1594 848 1777 903 cupiant.

344 907 508 962 Quippe
530 905 734 959 Saxones,
766 910 969 960 quantum
1000 919 1054 945 ex
1084 904 1269 959 ipsorum
1294 905 1446 946 finibus
1468 906 1777 960 occupauerint,

342 965 529 1019 protinus
560 963 674 1003 cultu
701 964 706 1014 Ι
734 967 859 1017 atque
890 962 1153 1003 habitacione
1174 963 1410 1018 complecti,
1440 976 1517 1004 nec
1547 963 1678 1018 preda
1707 969 1779 1004 aut

342 1022 475 1076 gloria
500 1025 730 1074 contentos,
762 1020 1002 1075 proferendi
1022 1021 1188 1075 imperii
1209 1020 1437 1076 cupiditate
1467 1021 1642 1062 uictorie
1664 1021 1779 1062 lucra

342 1080 535 1120 continua
555 1079 814 1133 possessione
838 1078 1019 1119 firmare.
1089 1078 1225 1126 Quam
1258 1079 1311 1120 ob
1333 1092 1421 1119 rem
1453 1092 1521 1120 eos
1551 1078 1779 1120 Nucletum

275 1155 310 1181 15
342 1138 444 1190 uita,
461 1134 809 1190 Pri<bi>sclauum
826 1136 961 1190 patria
978 1136 1190 1190 spoliasse,
1204 1135 1514 1190 Razaburgam,
1530 1136 1711 1191 Illogam
1728 1151 1777 1178 ac

344 1193 576 1249 Suerynam
607 1194 650 1234 in
680 1194 810 1235 tocius
833 1192 999 1235 Sclauie
1030 1194 1194 1234 ruinam
1223 1194 1337 1235 uallo
1359 1193 1552 1249 fossaque
1583 1195 1775 1236 cinxisse.

342 1251 487 1292 Dauos
518 1265 619 1292 uero
651 1251 815 1292 diuerso
846 1251 983 1293 studio
1014 1251 1125 1293 bella
1156 1265 1317 1306 gerere,
1349 1265 1426 1294 nec
1456 1252 1642 1293 hostium
1662 1252 1776 1299 fines,

341 1309 413 1350 sed
453 1314 597 1350 mutue
643 1309 757 1363 pacis
803 1310 1098 1350 commercium
1141 1309 1361 1360 affectare,
1408 1311 1625 1365 proprium
1669 1311 1778 1352 tueri

342 1381 467 1421 quam
510 1367 693 1407 alienum
738 1372 938 1422 appetere
988 1367 1234 1422 cupidiores.
1314 1366 1462 1422 Itaque
1513 1382 1777 1423 summopere

272 1441 309 1468 20
339 1438 408 1466 eos
439 1424 659 1466 elaborare
681 1424 849 1478 debere,
871 1426 933 1465 uti
953 1425 1171 1466 Saxonicis
1193 1425 1384 1480 presidiis
1416 1427 1596 1480 patriam
1625 1440 1778 1467 uacue-

341 1482 510 1532 faciant,
544 1483 739 1536 omnique
771 1482 1009 1524 Teutonum
1051 1482 1174 1538 plebe
1204 1497 1336 1537 regno
1368 1489 1536 1538 egesta,
1568 1484 1779 1526 amicicias

341 1553 435 1581 cum
475 1539 607 1580 Danis
648 1544 920 1594 componant,
977 1555 1079 1595 quos
1120 1540 1340 1582 Saxonum
1377 1540 1517 1583 hostes
1565 1555 1654 1583 esse
1695 1556 1778 1583 non

341 1597 584 1652 ambigant3
627 1598 688 1638 ita
726 1597 896 1639 demum
938 1612 1012 1653 eos
1055 1599 1307 1654 sempiterne
1338 1599 1546 1640 libertatis
1577 1599 1778 1641 beneficio

341 1656 523 1710 patriam
555 1660 790 1696 ornaturos.
852 1655 932 1697 His
962 1657 1133 1710 monitis
1163 1656 1358 1698 concitati
1378 1656 1603 1698 Pomerani
1632 1657 1723 1698 loca
1754 1671 1779 1698 a

272 1729 309 1756 ‘25
341 1712 577 1755 Saxonibus
608 1713 719 1754 intra
750 1713 961 1755 Sclauiam
991 1719 1163 1769 optenta
1192 1714 1454 1769 peruadunt3
1495 1714 1675 1769 Illogam
1713 1729 1778 1756 ca-

340 1771 474 1825 piunt,
506 1770 676 1826 reliquis
707 1785 850 1812 eorum
873 1772 1179 1813 municionibus
1210 1771 1478 1813 defensorum
1508 1773 1663 1813 uirtute
1694 1785 1778 1814 ser-

341 1828 475 1881 uatis;
504 1835 559 1879 et,
581 1843 634 1870 ne
655 1828 770 1870 ducis
791 1829 935 1884 inopes
957 1829 1213 1881 uiderentur,
1240 1829 1457 1871 Danorum
1478 1830 1588 1884 regis
1609 1830 1778 1871 titulum

341 1885 602 1940 profitentur.
663 1885 731 1927 Ita
762 1886 1040 1928 Guthscalcus
1071 1887 1249 1928 duarum
1280 1888 1476 1941 gencium
1507 1889 1618 1929 uires
1639 1887 1778 1929 Danie

340 1943 606 1985 imminentes
638 1944 743 1985 odiis
773 1945 1075 1999 sequestrauit,
1108 1946 1373 2000 patriamque
1417 1949 1627 1998 nostram,
1661 1945 1779 1986 undi-

272 2016 310 2043 30
341 2013 421 2055 que
458 2001 729 2042 finitimorum
770 2003 896 2043 armis
928 2003 1158 2053 obiectam,
1203 2003 1256 2043 ab
1289 2003 1559 2057 impendente
1591 2003 1776 2058 periculo

338 2058 408 2114 pio
452 2059 659 2100 mendacii
702 2064 935 2101 commento
976 2061 1175 2102 seruauit.
1251 2059 1379 2101 Cuius
1424 2060 1619 2102 facinoris
1664 2061 1778 2102 fama

340 2115 582 2158 Guthscalci
613 2117 794 2158 reditum
824 2123 1106 2172 precurrente,
1141 2131 1217 2159 rex
1246 2118 1541 2160 ammiracione
1570 2118 1776 2173 perfusus,

338 2179 560 2229 postquam
591 2188 644 2215 ex
675 2175 902 2228 Absalone‚
934 2189 1010 2230 per
1041 2189 1166 2230 quem
1195 2189 1261 2217 res
1292 2180 1401 2217 esset
1431 2181 1536 2226 acta,
1568 2176 1775 2230 cognouit,

337 2231 565 2287 impensius
582 2237 798 2274 auctorem
813 2232 1018 2274 laudauit.
1060 2232 1194 2287 Igitur
1213 2233 1434 2286 Henricus,
1451 2238 1498 2274 ut
1514 2233 1776 2289 repudiatam

270 2303 307 2332 35
338 2290 449 2344 regis
480 2289 713 2331 amiciciam
743 2295 1026 2345 recuperaret,
1056 2291 1146 2332 sine
1176 2304 1259 2345 qua
1288 2290 1459 2332 Sclauos
1490 2305 1635 2332 arcere
1664 2289 1775 2332 non*

339 2351 496 2402 posset,
518 2346 746 2389 Henricum
762 2348 1131 2402 Razaburgensem
1150 2354 1193 2390 et
1209 2349 1441 2390 antistitem
1457 2349 1773 2390 Lubecccnsem

339 2405 558 2460 legacione
588 2405 760 2458 onelrat,
792 2405 920 2447 filiam
951 2419 1069 2447 suam
1101 2406 1306 2447 minorem
1336 2406 1422 2447 filio
1460 2407 1548 2448 eius
1568 2406 1611 2447 in
1632 2406 1775 2447 matri-

340 2462 528 2504 monium
560 2462 754 2504 offerens.
805 2462 914 2504 Nam
946 2463 1080 2504 maior
1111 2468 1225 2516 natu,
1257 2478 1340 2519 que
1370 2464 1484 2518 prius
1510 2465 1548 2505 ei
1569 2463 1777 2519 desponsa

339 2519 491 2574 fuerat,
507 2520 654 2563 morbo
672 2520 896 2562 occiderat.
925 2520 931 2574 Ι
957 2521 1041 2563 Per
1058 2520 1227 2563 eosdem
1245 2521 1531 2564 confismande
1546 2520 1775 2563 oblacionis

271 2591 309 2618 40
338 2578 480 2632 gracia
510 2578 623 2634 apud
653 2576 1016 2632 Β1α11κ111>01180111
1047 2579 1309 2634 prouinciam
1347 2580 1627 2635 tempestiuus
1659 2578 1776 2620 ducis

1805 2358 1870 2387 Cla*

1828 2425 1857 2450 p.

1836 2539 1865 2566 p-
