1884 3126
0 909 30 936 10

0 1489 30 1515 20

0 2069 29 2096 30

0 2360 29 2386 35

0 2647 30 2676 50

607 270 655 275 —
720 244 856 286 XIIII
918 269 970 274 ——
1422 243 1505 284 505

68 390 191 431 quam
239 389 334 418 ceco
376 375 653 417 cstimacionis
695 374 875 428 augurio
910 374 1140 416 metiretur.
1203 372 1315 414 Huic
1357 371 1506 412 milicie

66 434 349 489 speculacioni
383 433 701 488 quatuordecim
735 432 884 473 diebus
912 433 1098 473 intentos
1132 431 1264 473 maior
1296 444 1506 472 commea-

67 497 185 533 tuum
231 506 328 546 pars
380 492 470 534 ocio
518 495 768 545 consumpta
814 490 1042 532 defecerat.
1124 489 1319 544 Egressis
1366 491 1505 544 portu,

66 550 288 605 tranquilla
329 554 419 591 toto
464 551 567 593 mari
609 548 830 603 nauigacio
863 547 1020 590 incidit.
1082 547 1165 589 Sed
1208 552 1254 588 ut
1287 547 1400 588 taciti
1430 546 1504 587 im-

63 608 305 663 prouisique
337 607 613 663 appellerent,
645 606 832 660 remigiis
863 619 953 647 eam
993 619 1117 660 quam
1160 606 1266 646 uelis
1297 605 1505 646 instruere

66 667 330 715 maluerunt,
362 666 576 707 Absalone
619 679 712 705 cum
755 669 921 718 septem
960 663 1140 705 nauibus
1171 663 1402 717 premisso.
1434 662 1504 717 qui

63 724 262 778 Rugyani
294 723 445 765 littoris
480 723 699 765 excussius
731 722 952 776 indagaret
984 735 1215 763 accessum.
1277 719 1506 776 Sillquidcm

62 780 206 823 Areon
224 781 439 837 oppidum,
456 785 628 822 uetusto
651 780 863 822 simulacri
885 779 1103 821 cuiusdam
1128 780 1243 820 cultu
1266 777 1507 834 inclytum,²‘²

63 840 220 894 ignaris
255 840 400 881 incolis
432 838 628 881 incendio
661 842 825 879 tentare
860 843 1119 893 cunctosque
1151 838 1239 878 eius
1275 836 1506 892 presidium

62 898 267 953 petituros
313 911 365 938 ex
408 897 638 952 improuiso
684 896 922 951 opprimere
965 899 1224 948 statuerunt3
1275 895 1507 935 munimen-

64 960 153 996 tum
205 955 378 1010 quidem
429 956 667 996 habitatore
730 968 914 995 uacuum
965 967 1241 1008 serarumque
1297 953 1506 994 duntaxat

64 1014 258 1054 claustris
282 1014 503 1063 firmatum,
526 1012 865 1054 existimantibus
887 1011 1107 1065 indigenis,
1139 1026 1289 1067 parum
1323 1012 1506 1052 humane

62 1072 195 1113 tutele
228 1085 422 1126 egenum,
456 1070 566 1126 quod
598 1070 804 1125 presentis
836 1070 1016 1111 numinis
1050 1069 1241 1112 excubiis
1276 1073 1387 1112 esset
1418 1069 1506 1109 ual-

62 1129 208 1171 latum.
271 1129 442 1170 Summa
485 1143 588 1170 uero
624 1132 840 1170 contracte
872 1128 1016 1169 classis
1049 1127 1194 1170 ordine
1236 1128 1401 1182 digesta
1433 1127 1506 1168 du-

62 1193 282 1228 centarum
305 1192 347 1228 et
369 1188 593 1241 sexaginta
617 1187 788 1228 nauium
811 1199 1032 1227 numerum
1055 1186 1273 1228 reddebat.
1314 1185 1504 1227 Absalon

64 1245 338 1300 exsequende
377 1245 685 1300 speculaciouis
727 1245 870 1300 gracia
916 1258 1009 1285 cum
1055 1258 1189 1300 prope
1236 1243 1408 1285 modum
1453 1243 1503 1283 ad

62 1303 246 1358 Rugiam
279 1303 555 1358 peruenisset,
593 1303 876 1344 indicantibus
908 1302 1047 1344 nautis
1077 1302 1314 1357 cognoscit,
1338 1302 1506 1357 *regiam

62 1375 215 1402 nauem
261 1361 399 1403 subito
440 1349 662 1415 femigium
704 1361 802 1402 uelo
835 1365 1047 1413 mutasse3
1089 1361 1374 1416 miratusque,
1407 1359 1506 1415 quid

62 1420 121 1460 ita
153 1424 294 1461 cetera
326 1420 470 1461 classis
500 1419 729 1470 incederet,
763 1433 844 1473 que
877 1418 1002 1474 paulo
1035 1423 1134 1459 ante
1165 1419 1288 1470 uelis,
1322 1432 1404 1473 quo
1439 1432 1506 1459 oc-

63 1477 219 1518 culcior
251 1477 471 1531 nauigacio
503 1480 734 1532 gereretur,
767 1476 1062 1518 abstinendum
1097 1476 1358 1529 condixerat,
1391 1480 1507 1531 post-

64 1549 191 1590 quam
225 1549 316 1576 cam
349 1549 373 1575 a
404 1540 564 1576 statuto
598 1535 808 1577 declinare
841 1534 1054 1589 cognouit,
1088 1539 1129 1575 et
1158 1535 1261 1590 ipse,
1294 1549 1379 1576 non
1410 1548 1506 1588 sup-

62 1593 304 1647 petentibus
335 1593 544 1648 propositi
575 1593 709 1645 sociis,
743 1606 816 1648 per
838 1606 1042 1634 summam
1066 1592 1191 1633 animi
1214 1593 1505 1634 confusionem

63 1651 238 1706 puppim
271 1652 442 1692 ultimus
475 1651 616 1704 uertit,
650 1664 893 1706 regemque,
917 1651 1182 1692 Monensium
1214 1651 1254 1691 in
1287 1656 1411 1706 portu
1445 1664 1506 1691 re-

63 1712 254 1763 ceptum,
296 1710 469 1750 mestior
511 1723 639 1763 quam
678 1709 880 1750 libencior
921 1722 1061 1751 comes
1092 1709 1256 1764 petiuit.
1328 1708 1508 1763 Quippe,

64 1766 161 1822 quia
212 1768 324 1820 cepti
376 1767 602 1808 comitibus
649 1767 948 1819 deficiebatur,
991 1767 1261 1822 indignatus,
1305 1767 1509 1822 optimam

63 1824 251 1878 gerendo
282 1825 341 1866 rei
373 1825 622 1866 facultatem
656 1825 814 1877 omitti,
856 1839 948 1866 cum
991 1829 1033 1867 et
1064 1825 1172 1866 aeris
1205 1824 1329 1866 fauor
1361 1830 1403 1866 et
1434 1825 1508 1865 mi-

62 1882 184 1923 litum
225 1882 441 1924 arridebat
482 1883 701 1933 alacritas,
743 1883 797 1924 ab
843 1883 1043 1924 inchoata
1089 1883 1367 1937 nauigacione
1409 1896 1508 1937 egre

62 1954 231 1995 proram
273 1942 444 1983 auertit.
507 1940 633 1982 Hunc
665 1940 842 1993 Petrus,
886 1941 1002 1982 Suno
1034 1946 1075 1982 et
1108 1939 1373 1992 Hesbernus,
1414 1955 1507 1982 cum

64 1997 216 2053 quibus
248 2013 325 2040 rex
357 1998 533 2040 consilia
564 2013 640 2040 sua
671 1999 926 2054 participare
959 1999 1136 2052 solebat,
1169 2002 1260 2041 rate
1293 2013 1508 2054 egressum

63 2056 338 2111 excipientes,
372 2062 457 2098 tam
490 2056 723 2099 deformem
766 2057 878 2111 regis
919 2057 973 2098 ab
1005 2057 1099 2098 utili
1138 2057 1374 2113 illustrique
1407 2070 1507 2098 con-

61 2114 153 2156 silio
195 2114 479 2156 defeccionem
521 2115 646 2155 anxie
687 2115 983 2169 querebantur.
1056 2115 1174 2163 Quos
1213 2115 1386 2156 tandem
1418 2129 1506 2167 rex,

63 2171 232 2213 obuiam
278 2172 356 2214 sibi
398 2173 545 2214 uenire
587 2173 749 2225 iussos,
791 2173 862 2214 ubi
894 2174 1034 2214 tristes
1067 2173 1388 2226 animaduertit,
1420 2188 1506 2214 am·

62 2230 231 2282 mirans,
264 2244 338 2271 cur
370 2245 420 2272 eo
450 2228 577 2272 *uultu
619 2234 780 2284 essent,
822 2231 959 2272 uisum
986 2232 1078 2284 sibi,
1110 2232 1269 2286 inquit,
1302 2245 1354 2272 nc
1386 2230 1505 2272 tarda

64 2291 107 2329 et
137 2287 434 2343 intempestiua
466 2289 690 2343 nauigacio
722 2289 1006 2343 proferretur,
1040 2303 1207 2331 cursum
1242 2290 1330 2331 eius
1363 2289 1415 2330 ad
1447 2289 1507 2330 in-

62 2345 198 2386 sulam
232 2346 360 2387 fuisse
382 2345 652 2398 flectendum,
685 2360 809 2388 mane
834 2352 984 2387 cuneta
1011 2347 1016 2398 1
1045 2347 1307 2389 commodius
1331 2361 1508 2388 exsecu-

63 2407 171 2445 turo.
226 2403 392 2460 Quippe
423 2403 513 2445 dies
545 2403 696 2457 labori,
728 2408 876 2446 noctes
898 2405 1028 2460 quieti
1050 2405 1276 2446 familiares
1310 2405 1505 2446 existere.

64 2460 254 2516 Cumque
288 2461 449 2502 nullum
479 2461 532 2502 ab
555 2461 699 2503 amicis
722 2476 969 2517 responsum
994 2462 1177 2512 daretur,
1210 2462 1506 2504 taciturnitatis

62 2520 360 2560 ammiracione
381 2522 610 2574 permotus,
642 2519 831 2574 proferre
865 2534 950 2573 eos,
973 2534 1055 2575 que
1081 2520 1282 2572 senciant,
1314 2521 1504 2575 imperat.

62 2576 142 2629 Illi,
174 2590 255 2631 que
285 2577 467 2619 inuicem
490 2577 779 2630 eontulissent,
802 2577 1060 2620 Absalonem
1084 2592 1322 2633 proponere
1344 2578 1505 2620 iubent.

61 2634 169 2676 Tum
189 2635 272 2689 ille,
306 2633 416 2684 Quid
442 2635 534 2677 miri
564 2639 643 2689 est,
665 2634 814 2691 inquit,
846 2650 1001 2693 segnes
1023 2636 1207 2681 hesitare
1233 2650 1374 2695 uoces,
1401 2651 1505 2696 quas

1561 724 1652 758 (284)

1527 839 1679 869 CXthb

1562 2361 1589 2386 p.
1610 2352 1659 2380 743
