1884 3126
181 874 216 901 10

171 1142 217 1190 v15

179 1452 216 1480 20

179 1739 217 1767 25

181 2027 218 2055 30

183 2316 219 2344 35

183 2605 220 2633 40

246 211 302 254 36
851 211 1098 255 —I—

250 335 454 381 subruere
496 337 618 381 nefas
660 351 745 381 non
788 342 875 393 est,
918 353 999 395 que
1036 340 1207 396 proprio
1237 339 1279 382 in
1310 338 1474 381 ruinam
1504 337 1691 395 pondere

249 410 477 452 suppressa
508 395 714 452 deuergit.
760 396 979 440 Sufficient
1008 411 1154 441 socero
1177 401 1241 440 tot
1262 401 1499 452 temporum
1530 397 1689 450 fascesg

250 454 392 497 senilis
422 453 500 496 tibi
529 458 718 510 potestas
751 454 962 510 obueniat,
995 470 1078 511 que
1100 457 1200 499 site
1231 455 1431 497 frustrata
1460 454 1603 505 fuerit,
1634 453 1692 495 al-

249 513 331 555 teri
353 511 487 554 cedet.
529 511 688 568 Lapsui
710 512 896 554 uicinum
918 517 994 564 est,
1026 513 1222 569 quicquid
1244 513 1361 555 senio
1394 516 1571 555 constat.
1616 511 1692 554 Sat

250 569 309 611 illi
339 584 540 625 regnasse
572 570 647 622 sit3
680 570 755 612 tibi
788 570 1045 626 quandoque
1075 585 1245 627 preesse
1276 569 1517 613 conueniat.
1576 569 1690 612 Malo

248 631 448 684 preterea
490 628 627 669 uirum
667 642 869 683 regnare,
910 642 1035 684 quam
1066 634 1243 685 patrem.
1303 628 1419 670 Malo
1451 627 1561 682 regis
1594 640 1692 669 con-

247 686 365 739 iunX,
398 698 522 741 quam
554 690 654 727 nata
683 687 859 728 censeri.
919 686 1069 738 Melius
1102 691 1165 729 est
1194 685 1425 743 principem
1460 686 1574 727 intus
1605 699 1691 726 am·

248 743 388 800 plecti,
411 757 536 799 quam
558 744 744 785 exterius
767 745 972 795 uenerari,
1004 745 1225 800 gloriosius
1246 744 1407 787 nubere
1428 744 1532 798 regi,
1566 756 1691 799 quam

248 802 433 857 obsequi.
493 801 593 856 Ipse
639 815 808 857 quoque
847 802 923 843 tibi
962 806 1197 858 sceptrum,
1230 816 1355 858 quam
1386 815 1532 844 socero
1564 800 1691 842 malle

249 859 420 901 debeas.
460 858 712 900 Proximum
743 860 820 902 sibi
853 874 1064 916 quemque
1096 865 1246 903 natura
1277 859 1508 903 constituit.
1540 857 1692 900 Aderit

250 921 374 973 cepto
404 916 598 971 facultas,
620 916 654 958 si
675 916 787 958 facto
808 918 1006 960 uoluntas
1037 919 1278 961 accesserit.
1320 917 1438 960 Nihil
1469 921 1546 971 est,
1578 915 1691 972 quod

248 989 333 1016 non
355 974 526 1028 ingenio
551 975 688 1017 cedat.
730 974 1055 1017 Instaurandum
1089 976 1260 1031 epulum
1292 979 1368 1029 est,
1400 973 1691 1017 exornandum

250 1032 518 1085 conuiuium,
560 1032 810 1087 prouidendi
834 1038 1021 1088 paratus,
1061 1033 1304 1076 inuitandus
1344 1046 1475 1075 socer.
1535 1031 1692 1074 Fraudi

255 1091 367 1131 uiam
398 1089 660 1132 familiaritas
692 1091 888 1132 simulata
926 1091 1141 1146 prestabit.
1203 1091 1332 1133 Nullo
1372 1091 1522 1132 melius
1565 1103 1691 1146 quam

248 1147 463 1190 affinitatis
495 1148 665 1190 nomine
695 1148 844 1190 insidie
875 1153 1088 1204 teguntur.
1131 1148 1258 1191 Adde
1290 1148 1403 1205 quod
1437 1147 1693 1191 temulencia

247 1210 488 1261 promptum
536 1205 626 1247 cedi
672 1206 752 1248 iter
797 1207 970 1262 aperiet.
1033 1207 1227 1262 Cumque
1259 1221 1336 1248 rex
1376 1206 1522 1262 capitis
1562 1204 1692 1247 cultui

248 1265 435 1305 intentus
455 1262 610 1305 fabulis
631 1268 830 1319 mentem,
854 1265 985 1307 barbe
1007 1271 1179 1307 manum
1195 1264 1394 1317 intulerit,
1426 1263 1691 1320 pilorumque

247 1318 580 1377 perplexiolnem
625 1322 767 1363 crinali
811 1322 925 1377 spico
967 1337 1042 1365 seu
1086 1324 1266 1379 pectinis
1306 1322 1563 1365 enodacione
1610 1321 1692 1362 dis·
1733 1348 1737 1352 -

249 1380 447 1434 creuerit,
479 1379 679 1435 applicari
711 1380 867 1422 ferrum
902 1380 1131 1423 uisceribus
1163 1381 1335 1423 senciat.
1396 1379 1536 1422 Minor
1567 1392 1691 1421 occu-

247 1437 356 1493 patis
401 1437 510 1479 solet
559 1439 725 1479 cautela
770 1438 967 1494 perquiri.
1027 1438 1217 1482 Dextera
1261 1443 1336 1481 tua
1378 1442 1443 1480 tot
1486 1438 1692 1480 scelerum

248 1494 408 1537 uindex
453 1495 639 1538 accedat.
702 1495 826 1538 Pium
874 1501 936 1539 est
983 1496 1177 1540 ultricem
1227 1497 1476 1539 miserorum
1521 1509 1691 1537 manum

249 1552 493 1594 extendere.

386 1609 560 1652 Talibus
589 1609 807 1653 insistente
823 1611 1009 1665 Vluilda,
1041 1612 1107 1654 uir
1123 1612 1394 1668 suggestione
1426 1611 1565 1653 uictus
1596 1610 1692 1652 insi-

249 1667 328 1710 diis
372 1682 543 1724 operam
584 1668 818 1723 pollicetur.
879 1670 1050 1712 Interea
1089 1670 1316 1725 Hadingus
1356 1669 1502 1725 generi
1549 1668 1691 1710 dolum

249 1740 400 1768 cauere
433 1726 594 1768 somnio
627 1727 826 1781 monitus,
859 1727 993 1782 petito
1026 1728 1238 1780 conuiuio,
1271 1727 1384 1783 quod
1415 1727 1452 1769 ei
1478 1727 1564 1769 filia
1591 1726 1692 1768 cari-

248 1784 344 1826 tatis
376 1783 651 1826 simulacione
681 1790 920 1839 parauerat,
953 1791 1211 1828 armatorum
1243 1799 1328 1828 non
1359 1785 1487 1839 longe
1510 1783 1692 1840 presidia

249 1842 408 1895 statuit,
432 1842 583 1896 quibus
606 1841 832 1884 aduersum
855 1843 1041 1898 insidias,
1064 1858 1159 1886 cum
1175 1858 1243 1886 res
1262 1844 1464 1899 exigeret,
1486 1846 1690 1884 uteretur.

250 1899 344 1949 Quo
364 1899 504 1941 cibum
536 1900 742 1955 capiente,
775 1902 948 1944 satelles
969 1902 1011 1943 in
1033 1901 1192 1943 fraudis
1214 1902 1492 1943 ministerium
1513 1900 1692 1952 adcitus,

250 1957 459 1999 occultato
489 1957 567 1999 sub
600 1962 719 2000 ueste
750 1957 876 2013 ferro,
909 1964 1195 2015 opportunum
1226 1959 1373 2001 sceleri
1404 1962 1569 2014 tempus
1591 1958 1693 1998 taci-

248 2020 316 2057 tus
348 2015 616 2070 expectabat.
657 2015 751 2064 Quo
784 2031 859 2058 rex
892 2017 1202 2070 animaduerso,
1234 2017 1450 2059 collocatis
1480 2017 1521 2058 in
1555 2015 1691 2057 uicino

249 2073 452 2115 militibus
481 2074 650 2127 signum
681 2074 786 2116 lituo
819 2074 949 2118 dedit.
994 2075 1159 2124 Quibus
1191 2075 1388 2117 continuo
1412 2088 1536 2130 opem
1557 2073 1692 2114 feren-

249 2131 379 2182 tibus,
410 2129 553 2172 dolum
583 2131 626 2172 in
657 2136 873 2174 auctorem
904 2133 1084 2176 retorsit.

261 2197 264 2200 ·
388 2188 559 2230 Interea
598 2203 675 2231 rex
706 2189 922 2233 Sueonum
965 2189 1221 2246 Hundingus
1264 2204 1461 2232 occasum
1503 2187 1692 2242 Hadingi

249 2246 355 2288 falso
378 2249 598 2301 acceptum
619 2248 774 2289 nuncio
806 2247 966 2290 inferiis
998 2252 1269 2303 excepturus,
1301 2247 1572 2304 optimatibus
1596 2259 1693 2286 con-

250 2304 410 2358 tractis,
443 2304 595 2346 eximie
625 2306 871 2361 capacitatis
894 2305 1051 2348 dolium
1076 2306 1230 2348 cereali
1250 2305 1413 2361 liquore
1437 2304 1692 2360 completum

252 2361 497 2404 deliciarum
539 2362 633 2404 loco
679 2362 863 2405 medium
912 2362 1155 2417 conuiui[i]s
1197 2365 1354 2419 apponi
1394 2363 1604 2419 precepit,
1651 2365 1693 2403 et

251 2419 408 2475 nequid
431 2419 686 2461 celebritatis
709 2420 886 2473 deesset,
907 2422 999 2477 ipse
1018 2423 1199 2464 ministri
1229 2422 1422 2476 partibus
1453 2420 1693 2475 assumptis,

250 2477 493 2532 pincernam
536 2491 664 2533 agere
708 2482 929 2521 cunctatus
970 2477 1145 2535 nonlest.
1207 2478 1396 2535 Cumque
1433 2475 1693 2533 exe*quendi

253 2534 381 2576 officii
410 2535 553 2590 gracia
582 2536 741 2591 regiam
772 2536 1071 2592 perlustraret,
1105 2537 1263 2579 offenso
1295 2535 1429 2592 gradu
1460 2537 1501 2578 in
1534 2535 1691 2577 dolium

250 2591 472 2648 collapsus,
505 2593 995 2637 interclusum.humore
1030 2595 1224 2651 spiritum
1256 2593 1449 2647 reddidit,
1490 2592 1690 2649 deditque

1713 2482 1741 2507 p.
1761 2474 1796 2499 60

1720 2509 1767 2538 xb
