1884 3126
307 184 332 224 2
912 195 1140 227 PREFAGIO.

307 313 533 368 cognitoris
563 311 745 369 presidio
776 312 1074 367 frustraturus3
1108 311 1223 355 cuius
1244 311 1547 354 fertilissimum
1569 311 1744 354 sciencie

305 375 452 426 pectus
484 386 532 413 ac
561 371 868 413 uenerabilium
891 371 1173 413 doctrinarum
1195 370 1460 412 abundancia
1482 370 1744 423 instructum,

303 429 435 470 ueluti
477 429 687 484 quoddam
726 429 943 470 celestium
984 444 1111 485 opum
1151 429 1379 470 sacrarium
1418 427 1744 470 existimandum

306 491 382 538 est,
430 485 575 540 Tu[m]
598 486 782 528 Galliam
803 486 1055 543 Italiamque
1081 487 1086 540 l
1116 501 1210 528 cum
1233 486 1452 528 Britannia
1473 484 1742 540 percipiende
1778 493 1807 518 P·

252 550 268 577 5
301 544 518 586 literarum
551 544 778 600 discipline,
811 545 1127 600 colligendeque
1158 558 1302 586 earum
1335 544 1454 599 copie
1486 543 1629 597 gracia
1650 556 1744 598 per-

302 606 531 653 scrutatus,
572 606 665 657 post
706 602 910 644 diutinam
941 602 1329 658 peregrinacionem
1359 600 1742 657 splendidissimum

302 664 476 701 externe
529 660 668 701 schole
719 660 909 714 regimen
965 659 1303 716 apprehendisti,
1360 664 1608 713 tantumque
1655 658 1742 699 eius

302 718 493 759 columen
530 718 723 771 euasisti,
766 722 813 759 ut
851 718 994 773 pocius
1026 718 1265 772 magisterio
1303 720 1597 759 ornamentum
1628 715 1742 767 dare,

302 789 428 830 quam
460 775 512 816 ab
535 776 623 830 ipso
645 776 830 830 recipere
852 776 1066 818 uidereris.
1103 775 1216 816 Hinc
1247 775 1298 817 ob
1324 775 1550 829 insignium
1576 773 1743 815 culmen

235 838 270 866 10
300 832 532 888 meritaque
562 833 767 874 uirtutum
794 834 935 887 regius
967 833 1204 888 epistolaris
1226 833 1413 886 effectus,
1446 831 1627 873 officium
1658 845 1742 872 me-

301 890 528 932 diocritatis
559 891 769 932 liminibus
803 895 1043 932 contentum
1065 890 1191 932 tantis
1211 891 1415 933 industrie
1440 889 1638 945 operibus
1670 903 1742 930 ex-

300 949 466 1000 ornasti,
499 953 546 990 ut
578 948 690 990 idem
716 953 809 1003 post
831 949 1002 989 modum
1031 948 1284 1003 amplissime
1307 948 1523 1003 dignitatis
1543 947 1656 1000 uiris,
1688 947 1741 987 ad
1801 996 1814 1008 .

300 1020 419 1059 eum,
466 1020 590 1061 quem
635 1007 768 1060 geris,
814 1006 1014 1047 honorem
1054 1006 1302 1058 translatus,
1347 1005 1535 1047 beneficii
1574 1004 1742 1045 nomine

301 1064 585 1119 expetendum
628 1061 911 1118 reilinqueres.
985 1063 1271 1112 Quamobrem
1315 1064 1510 1105 Scaniam
1554 1061 1739 1115 tripudio
1778 1069 1843 1103 μῦ

234 1127 267 1154 15
301 1121 522 1163 dissultare
554 1126 814 1176 compertum
846 1126 930 1173 est,
975 1121 1088 1175 quod
1119 1121 1359 1176 pontificem
1388 1121 1531 1176 pocius
1561 1134 1586 1160 a
1616 1119 1740 1160 finiti-

299 1180 376 1220 mis
408 1183 600 1221 mutuata
641 1180 713 1231 sit,
757 1194 882 1234 quam
924 1193 978 1220 ex
1017 1179 1225 1233 indigenis
1256 1179 1430 1233 legerit3
1474 1178 1629 1233 quippe
1661 1191 1741 1231 que

298 1237 568 1278 laudabiliter
610 1237 818 1278 delectum
859 1237 967 1291 egit,
1010 1236 1308 1278 iocunditatem
1347 1250 1401 1278 ex
1431 1235 1634 1290 suffragio
1666 1249 1740 1276 suo

299 1295 465 1336 meruit.
527 1294 676 1349 Itaque
709 1308 803 1336 cum
833 1308 1001 1349 genere,
1032 1294 1186 1348 literis,
1219 1294 1471 1349 ingenioque
1502 1293 1660 1345 niteas,
1692 1306 1741 1333 ac

298 1352 467 1406 plebem
508 1352 813 1394 fecundissimis
855 1352 1045 1393 doctrine
1077 1351 1296 1407 stipendiis
1326 1366 1470 1406 regas,
1508 1351 1741 1392 maximum

230 1414 267 1441 20
298 1410 373 1451 tibi
405 1410 546 1464 gregis
578 1424 763 1451 amorem
796 1410 1041 1462 conciliasti,
1073 1409 1339 1464 susceptique
1361 1408 1580 1450 ministerii
1601 1411 1742 1463 partes

298 1467 480 1519 gloriose
513 1468 775 1509 execucionis
806 1467 958 1509 fiducia
989 1467 1042 1508 ad
1074 1467 1209 1508 laudis
1246 1467 1461 1508 cumulum
1491 1466 1736 1521 perduxisti.

297 1524 352 1565 Et
403 1540 457 1566 ne
505 1540 644 1567 rerum
688 1525 922 1566 dominium
966 1526 1228 1580 possessione
1274 1539 1478 1580 usurpare
1522 1523 1738 1576 uidereris,

299 1583 603 1638 amplissimum
634 1583 933 1638 patrimonium
973 1584 1101 1624 'sacris
1143 1582 1288 1623 edibus
1318 1582 1512 1637 religiose
1557 1581 1739 1622 liberali-

299 1641 394 1681 tatis
441 1645 693 1682 testamento
740 1641 912 1695 legasti3
958 1641 1196 1695 obsitasque
1243 1641 1350 1681 curis
1397 1653 1496 1695 opes
1541 1639 1739 1680 decenter

227 1704 264 1731 ‘25
294 1698 496 1752 abiicere,
548 1713 674 1754 quam
724 1712 869 1740 earum
920 1699 1122 1740 auiditate
1172 1702 1213 1739 et
1263 1697 1447 1752 pondere
1490 1695 1729 1752 *implicari
1751 1691 1858 1759 {2¹⁰1er

295 1756 493 1798 maluisti.
575 1757 639 1798 Tu
680 1757 781 1798 item
833 1756 1051 1798 mirificum
1104 1755 1430 1797 reuerendorum
1483 1755 1726 1808 dogmatum

296 1827 398 1868 opus
431 1815 691 1869 complexus,
723 1815 982 1869 priuatisque
1014 1814 1122 1855 curis
1157 1813 1325 1869 publice
1355 1813 1569 1867 religionis
1601 1812 1739 1852 officia

295 1876 555 1926 anteponere
586 1872 747 1926 auidus,
781 1872 1085 1927 pertinencium
1117 1871 1170 1913 ad
1202 1885 1296 1912 eam
1317 1885 1457 1912 rerum
1480 1870 1737 1911 solucionem

296 1929 527 1971 abnuentes
559 1931 807 1971 salutarium
838 1930 1105 1972 consiliorum
1139 1929 1330 1970 doctrina
1351 1928 1503 1970 debitis
1524 1941 1736 1969 sacrorum

227 1994 265 2020 30
295 1987 502 2042 obsequiis
534 1988 735 2042 adegisti,
779 1991 1050 2042 ueteremque
1082 1987 1322 2028 diuinarum
1353 1986 1495 2028 edium
1526 1982 1736 2039 iniuriam]
1775 1993 1840 2025 12.ss

295 2045 488 2098 religioso
529 2046 633 2086 lucri
665 2046 678 2098 ΙΙ
711 2045 913 2087 beneficio
956 2045 1198 2100 rependisti.
1258 2044 1463 2102 Preterea
1507 2038 1865 2105 lasciuiorissfifgbffi)

294 2102 381 2143 uite
423 2102 629 2144 studiosos
670 2104 1081 2158 intemperancieque
1119 2103 1214 2158 plus
1255 2116 1361 2157 equo
1404 2101 1563 2143 uiribus
1600 2099 1736 2141 indul-

294 2164 455 2214 gentes,
489 2161 763 2202 saluberrime
795 2161 1104 2202 exhortacionis
1135 2160 1478 2215 perseuerancia,
1520 2173 1570 2200 ac
1600 2157 1736 2212 splen-

295 2217 520 2260 didissimis
577 2218 833 2273 frugalitatis
893 2218 1100 2273 exemplis
1150 2218 1204 2259 ad
1254 2218 1535 2259 honestiorem
1586 2215 1737 2256 mentis

228 2282 264 2309 35
294 2274 486 2317 habitum
517 2276 570 2317 ab
602 2277 745 2318 enerui
766 2276 1028 2318 mollitudine
1059 2279 1290 2324 reuocatos,
1322 2275 1498 2316 dictisne
1530 2288 1583 2315 an
1615 2273 1736 2314 factis

295 2334 429 2388 magis
471 2334 741 2387 instruxeris,
790 2334 965 2376 dubium
1002 2334 1220 2389 reliquisti.
1282 2333 1375 2387 Ita,
1420 2332 1530 2387 quod
1570 2335 1735 2372 tuorum

295 2391 400 2432 nulli
429 2391 771 2446 predecessorum
801 2392 990 2434 obtinere
1020 2392 1226 2433 tributum
1258 2394 1346 2444 est,
1382 2390 1479 2432 solis
1509 2388 1736 2444 prudencie

294 2449 460 2491 monitis
492 2450 740 2504 impetrasti.

430 2507 520 2549 Nec
549 2508 740 2563 ignotum
779 2508 899 2562 uolo,
942 2506 1165 2549 Danorum
1204 2506 1462 2562 antiquiores
1504 2504 1736 2559 conspicuis

223 2571 262 2599 40
291 2563 549 2607 fortitudinis
580 2566 774 2621 operibus
805 2565 939 2620 editis,
970 2565 1102 2620 glorie
1133 2565 1395 2606 emulacione
1425 2562 1618 2614 suffusos,
1649 2561 1737 2602 Ro-
