1884 3126
765 234 1036 277 —X—
1543 236 1619 279 351

174 363 365 406 strennui
396 362 576 405 uindicis
610 376 736 418 quam
762 362 908 417 ignaui
927 361 1123 418 discipuli
1145 366 1287 417 partes
1311 376 1440 417 agere
1463 363 1625 414 maluit,

173 421 376 464 audacter
409 436 539 478 quam
570 420 777 462 industrie
809 421 950 462 animo
983 421 1045 462 uti
1077 421 1216 462 sacius
1249 428 1490 462 autumans.
1547 419 1626 462 [ta-

173 494 253 536 que
300 483 449 522 nature
492 480 627 534 magis
675 493 803 535 quam
849 479 1112 534 preceptoris
1163 479 1334 520 monitis
1386 479 1625 533 obsecutus,

174 544 299 591 parta
331 538 504 580 tandem
534 538 722 589 ulcione,
760 536 921 578 Kanuti
955 537 1253 579 commilicium
1285 537 1505 592 expetiuit.
1560 537 1625 578 Ita

125 607 141 633 5
173 596 451 638 adolescentis
484 610 614 650 mens,
646 596 687 636 in
720 596 811 651 ipso
845 594 1037 637 doctrine
1069 595 1211 637 limine
1246 596 1404 637 seuicie
1446 596 1626 638 stimulis

173 656 419 709 intercepta,
453 654 644 696 studiose
686 653 865 696 racionis
898 654 1116 695 elementis
1157 653 1395 707 ingenitum
1428 655 1625 709 sanguini

174 728 250 755 suo
284 713 469 767 rigorem
503 726 750 768 expugnare
782 726 867 754 non
900 712 1050 767 potuit.

312 771 481 813 Eodem
526 775 722 826 tempore
764 770 877 826 apud
925 770 1104 812 Daniam
1152 782 1369 812 sacrorum
1418 771 1625 813 antistites

172 830 263 871 aliis
296 829 366 870 alii
398 830 653 871 successisse
685 828 923 870 traduntur.
985 827 1094 870 Nam
1129 828 1379 871 Gerbiando
1422 829 1625 871 substitu-

105 896 139 924 10
169 889 253 929 itur
286 888 460 941 Auaco;
506 886 782 953 Othynkarus
814 887 954 928 iunior
986 887 1185 943 Ripensis
1217 887 1412 954 pontifex
1444 892 1622 930 creatur.

172 945 374 987 Ceterum
395 942 620 1001 Kanultus,
651 945 731 987 tria
753 949 1064 1001 prememorata
1091 959 1222 999 regna
1244 945 1464 997 circuiens,
1497 947 1622 987 clien-

170 1005 298 1046 telam
343 1016 486 1057 suam,
519 1018 596 1045 sex
634 1003 797 1044 milium
837 1018 1064 1045 numerum
1096 1003 1364 1058 explentem,
1397 1005 1624 1058 sexaginta

170 1062 353 1117 nauigiis
387 1062 545 1104 culcius
577 1062 790 1117 apparatis
825 1076 1058 1117 eorumque
1100 1062 1290 1117 quolibet
1323 1067 1525 1103 centenos
1559 1078 1623 1104 ar-

170 1125 307 1162 matos
358 1121 550 1176 capiente
601 1118 842 1162 distinxit.'
894 1120 1115 1173 Eandem,
1166 1124 1303 1163 estate
1346 1134 1423 1175 pro
1467 1121 1623 1163 tuendo

103 1187 138 1214 15
167 1178 344 1234 imperio
380 1179 682 1232 excubantem,
725 1178 876 1234 hyeme
920 1179 1207 1221 contuberniis
1241 1178 1464 1220 discretam
1507 1179 1623 1220 alere

170 1237 400 1279 consueuit.
464 1237 682 1279 Mensibus
714 1236 924 1292 stipendia
955 1237 1240 1278 nouabantur.
1302 1237 1343 1278 A
1387 1251 1471 1292 quo
1506 1236 1621 1279 Vluo

170 1300 373 1350 tempore,
409 1309 491 1350 quo
524 1309 666 1336 rerum
687 1301 833 1337 auctor
864 1295 1087 1337 nobiscum
1116 1295 1477 1337 immortalitatem
1501 1310 1623 1337 suam

169 1354 318 1409 partiri
350 1353 501 1406 uoluit,
534 1367 674 1395 annuo
707 1352 908 1395 feriarum
941 1354 1117 1395 circuitu
1149 1355 1347 1408 repetito,
1380 1353 1492 1408 apud
1515 1354 1623 1396 Ros-

171 1411 344 1452 kildiam
369 1412 664 1454 conuiuialiter
686 1412 928 1464 accersitus,
960 1416 1187 1468 postquam
1209 1411 1458 1454 industriam
1487 1417 1622 1453 temu-

100 1483 138 1510 20
168 1470 305 1511 lencia
331 1470 503 1520 uicerat⁷
524 1483 662 1512 merse
682 1483 819 1524 nuper
840 1470 993 1512 milicie
1018 1469 1180 1511 cladem
1203 1470 1420 1512 nocturnis
1446 1469 1622 1512 laudum

169 1541 341 1569 suarum
373 1528 567 1569 cantibus
601 1528 858 1571 celebrabat.
905 1528 946 1570 A
978 1542 1061 1584 quo
1094 1542 1173 1571 rex
1207 1543 1379 1570 suorum
1412 1528 1489 1570 sibi
1513 1529 1622 1584 peri-

170 1586 265 1627 cula
296 1585 437 1642 palam
463 1586 713 1642 exprobrari
737 1587 751 1640 Η
774 1586 977 1639 iudicans,
999 1587 1265 1628 uehementis
1288 1587 1347 1629 ire
1370 1601 1620 1642 procursum

169 1644 396 1686 aduersum
429 1645 782 1687 contumeliosum
817 1645 905 1687 eius
939 1659 1107 1686 carmen
1132 1645 1368 1697 destrinxit,
1400 1645 1622 1700 indignum

169 1706 287 1744 ratus
325 1717 374 1745 eo
419 1702 602 1744 conuiua
643 1704 725 1756 uti,
768 1704 885 1745 cuius
926 1703 1058 1745 ductu
1102 1717 1147 1746 se
1188 1703 1423 1745 fortissimis
1468 1717 1622 1759 propu-

101 1773 138 1800 ‘25
168 1761 416 1816 gnatoribus
460 1761 687 1816 spoliatum
721 1767 996 1816 cognouerat.
1058 1761 1194 1816 Igitur
1221 1762 1335 1803 Vluo
1378 1763 1487 1803 inter
1529 1763 1621 1817 ipsa

171 1833 314 1861 mense
347 1833 467 1861 sacra
497 1820 548 1861 ab
582 1820 820 1862 astantibus
841 1820 1021 1862 interfici
1043 1820 1195 1873 iussus,
1228 1820 1442 1875 precipitis
1474 1820 1618 1875 lingue

171 1878 281 1918 iusta
328 1877 533 1943 supplicia
579 1878 795 1933 pependit.
872 1878 961 1931 Ita,
1007 1877 1104 1918 dum
1154 1877 1290 1919 aliena
1335 1879 1425 1920 fata
1471 1893 1620 1933 parum

171 1936 310 1978 sobrie
361 1936 571 1988 meminit,
618 1950 694 1977 sua
740 1937 909 1987 cecinit,
956 1936 1220 1992 siccatosque
1267 1937 1419 1991 cupide
1471 1937 1620 1979 calices

171 1991 339 2049 prolprii
371 1993 590 2060 sanguinis
622 1995 787 2050 liquore
819 1995 1062 2050 compleuit.
1113 1995 1265 2036 Merito
1301 1995 1411 2036 enin]
1446 2009 1498 2037 ex
1532 2001 1618 2037 tam

102 2063 140 2091 30
170 2052 380 2107 petulanti
421 2053 588 2105 ingenio
630 2053 958 2095 amaritudinem
997 2054 1146 2108 pocius
1189 2066 1316 2107 quam
1357 2053 1620 2109 uoluptatem

171 2111 390 2165 percipere
422 2109 593 2163 debuit,
638 2110 752 2166 quod
783 2111 917 2166 glorie
949 2111 1027 2153 sibi
1059 2111 1150 2153 loco
1190 2117 1447 2166 arrogasset,
1492 2112 1619 2153 ductu

171 2182 248 2209 suo
289 2168 500 2223 piecipuis
541 2169 651 2222 regis
698 2169 859 2211 uiribus
902 2170 1092 2210 ultimam
1134 2170 1357 2212 incessisse
1400 2171 1617 2213 iacturam.

173 2226 267 2274 Quo
310 2229 503 2280 peracto,
545 2225 744 2269 Kanutus
790 2227 950 2270 uiolate
982 2227 1305 2269 necessitudinis
1345 2228 1539 2269 iniuriam
1571 2242 1620 2269 ac

171 2284 325 2326 sororis
356 2283 608 2326 uiduitatem
640 2284 816 2326 duarum
850 2286 1165 2341 prouinciarum
1198 2286 1480 2328 attribucionc
1519 2300 1619 2342 pen-

104 2353 140 2379 35
171 2342 294 2395 sauit,
328 2356 432 2397 quas
466 2341 612 2383 eadem
647 2348 743 2397 post
775 2344 950 2384 modum
981 2348 1251 2386 sacrosancte
1287 2344 1505 2386 Trinitatis
1538 2345 1619 2397 edi,

171 2401 371 2455 precipua
411 2399 524 2455 apud
555 2400 823 2442 Roskildiam
855 2402 1136 2444 ueneracione
1181 2402 1315 2456 culte,
1358 2402 1617 2444 decimarum

171 2458 340 2499 nominc
374 2458 622 2513 paieiendas
654 2459 831 2500 curauit.

310 2516 487 2582 Iamque
507 2515 706 2571 frequens
729 2517 783 2558 ad
805 2516 1024 2558 Kanutum
1047 2517 1168 2568 miles
1192 2517 1444 2572 defluxerat,
1467 2519 1618 2560 animis

173 2587 297 2629 quam
329 2574 529 2629 impensis
562 2575 793 2616 onerosior.
854 2574 1078 2631 Plerisque
1112 2577 1221 2618 enim
1254 2576 1433 2631 amplior
1465 2577 1618 2618 uirium

104 2644 141 2674 40
171 2644 296 2687 quam
329 2645 493 2674 morum
524 2633 714 2688 grauitas
745 2633 894 2683 inerat,
926 2633 1080 2689 quique
1124 2647 1168 2675 se
1201 2634 1466 2689 splendidius
1506 2634 1616 2678 bello

1677 1599 1770 1634 (197)

1673 2015 1700 2040 p.
1721 2007 1770 2034 525
