1884 3126
182 910 218 936 10

181 1200 217 1227 15

179 1487 216 1515 20

180 1775 216 1801 25

182 2063 219 2091 30

186 2353 221 2381 35

255 258 335 298 376
821 272 871 278 -—
934 249 1002 290 XI
1064 270 1119 275 -

255 386 469 436 correptus
501 378 703 429 exhibuit,
734 391 810 417 nec
832 377 922 431 ipsa
945 375 1115 431 quidem
1143 387 1353 429 generose
1384 372 1690 428 indignacionis

253 440 381 482 uerba
414 438 568 478 inuitus
599 435 771 476 audiuit.
832 433 1012 486 Deinde,
1044 433 1161 487 regia
1188 435 1307 472 ueste
1337 436 1342 480 1
1369 431 1579 486 deposita,
1615 431 1688 472 ob-

254 498 427 538 soletam
478 493 662 546 accepit,
714 505 1007 546 meroremque
1060 490 1328 531 deformitate
1379 489 1514 530 cultus
1565 503 1688 544 quam

252 552 474 609 splendore
518 550 821 590 contumaciam
866 548 1010 590 testari
1053 548 1211 588 maluit.
1273 545 1424 601 Neque
1468 547 1578 588 enim
1605 554 1689 587 tam

251 611 356 653 tristi
397 608 600 664 pontificis
639 607 852 648 sentencia
892 606 1133 661 perculsus,
1178 605 1330 659 regalis
1376 605 1691 659 magnificencie

252 668 410 709 cultum
442 672 609 719 gestare
640 665 847 716 sustinuit,
881 664 976 710 sed„
1010 663 1184 704 abiectis
1215 663 1330 717 regie
1363 663 1597 704 maiestatis
1628 663 1689 703 in-

251 724 451 779 signibus,
483 723 645 777 insigne
678 722 915 776 penitencie
947 722 1142 774 sagulum
1174 721 1363 775 sumpsit.
1416 720 1527 767 Quin
1560 720 1690 761 eciam

250 782 372 824 simul
395 794 487 821 cum
510 786 629 821 ueste
652 780 889 834 potenciam
915 779 1044 831 exuit,
1067 782 1193 833 atque
1211 793 1262 819 ex
1283 778 1489 832 sacrilego
1512 783 1691 833 tyranno

250 840 356 881 fidus
388 852 602 879 sacrorum
635 841 860 878 uenerator
884 837 1030 877 euasit.
1076 836 1291 891 Siquidem
1314 835 1481 877 nudatis
1514 835 1691 890 pedibus

249 897 300 939 ad
334 897 484 937 atrium
515 909 747 949 regressus,
781 894 821 935 in
854 894 942 934 eius
975 909 1021 936 se
1051 894 1166 935 aditu
1188 894 1429 949 prostrauit,
1453 902 1692 948 terramque

251 955 495 1009 suppliciter
518 953 744 1000 osculatus,
769 951 972 1004 dolorem,
1007 952 1075 1007 qui
1097 967 1150 993 ex
1184 952 1440 994 contumelia
1462 953 1690 994 acerrimus

249 1013 380 1066 infligi
402 1012 521 1065 solet,
555 1010 810 1052 uerecundia
843 1024 890 1051 ac
916 1010 1213 1052 moderacione
1237 1010 1496 1065 compressit.
1543 1009 1692 1066 Neque

253 1070 359 1112 enim
394 1070 591 1111 continuo
624 1068 791 1123 repulse
821 1068 1032 1108 uindicem
1064 1069 1162 1123 egit,
1196 1068 1268 1109 sed
1302 1067 1466 1122 pudore
1499 1082 1547 1109 ac
1578 1068 1692 1123 peni-

250 1128 386 1170 tencia
428 1127 594 1182 culpam
635 1127 796 1166 cruenti
842 1126 1003 1181 imperii
1048 1126 1237 1167 redemit.
1314 1125 1523 1167 Exulasse
1569 1126 1692 1167 huius

250 1186 434 1228 animum
478 1186 519 1225 in
565 1184 782 1239 nequicia,
828 1198 912 1225 non
959 1183 1176 1225 habitasse
1223 1183 1447 1235 credimus,
1479 1198 1602 1238 quem
1644 1190 1693 1225 ut

249 1245 383 1298 primo
435 1243 647 1283 temeritas
698 1248 988 1284 transuersum
1039 1242 1079 1283 in
1127 1241 1289 1283 facinus
1335 1242 1443 1296 egit,
1490 1243 1548 1283 ita
1594 1247 1692 1297 post

250 1301 421 1342 modum
465 1300 690 1355 equissima
732 1299 1040 1341 moderacionis
1081 1300 1305 1354 temperies
1337 1300 1459 1342 rexit.
1522 1300 1691 1348 Quanta

252 1361 358 1401 enim
392 1357 716 1399 mansuetudine
738 1362 887 1412 pectus
921 1358 1010 1398 eius
1038 1357 1286 1399 instructum
1317 1357 1445 1399 fuisse
1477 1363 1688 1413 putemus,

253 1418 323 1472 qui
354 1416 595 1472 pontificem
626 1416 766 1470 palam
799 1416 1076 1457 seuerissimis
1099 1415 1328 1457 sacerdocii
1351 1415 1510 1457 uiribus
1543 1416 1691 1457 aduer-

248 1489 337 1516 sum
378 1487 422 1514 se
462 1488 585 1515 usum
622 1487 706 1515 non
747 1474 883 1514 solum
923 1474 1173 1528 impunitate
1214 1474 1415 1527 donaret,
1452 1474 1526 1515 sed
1559 1474 1688 1516 eciam

250 1532 484 1573 humillima
523 1531 646 1572 uenie
686 1531 894 1586 peticione
936 1532 1129 1573 uenerari
1172 1532 1393 1583 sustinuit,
1425 1532 1692 1587 graciamque

249 1594 334 1630 tam
365 1588 538 1645 pudoris
573 1590 803 1644 patrocinio
837 1604 962 1644 quam
995 1590 1233 1644 penitencie
1273 1590 1475 1631 beneficio
1507 1590 1689 1632 meruit?

249 1647 408 1688 Diuina
429 1646 637 1702 siquidem
662 1648 879 1702 obsequio,
911 1662 996 1691 non
1019 1648 1179 1688 uiribus
1200 1647 1476 1702 propicianda
1496 1654 1690 1692 nouerat.

249 1705 432 1760 ideoque
463 1705 730 1746 atrocitatem
761 1705 930 1747 sceleris
962 1705 1204 1747 uerecunda
1246 1706 1421 1747 meroris
1462 1706 1691 1747 acerbitate

250 1762 469 1818 pensabat.
518 1762 630 1811 Quin
664 1763 795 1804 eciam
818 1764 997 1818 paruulo
1029 1763 1203 1818 pudoris
1225 1764 1485 1805 irritamento
1518 1777 1691 1819 magno-

248 1834 348 1876 pere
381 1820 595 1873 confusus,
628 1821 854 1862 excitatam
897 1822 1123 1876 ignominia
1155 1821 1354 1863 uirtutem
1387 1822 1530 1863 rubori
1560 1822 1691 1876 impe-

249 1892 343 1921 rare
374 1878 524 1933 coegit,
559 1883 848 1934 quantumque
880 1880 1089 1921 uiolencie
1130 1879 1322 1933 religioni
1361 1879 1586 1921 crudeliter
1616 1880 1690 1920 im-

249 1935 438 1992 perando
458 1937 703 1990 incusserat,
734 1941 900 1978 tantum
922 1937 1215 1979 ueneracionis
1240 1938 1516 1979 uehementer
1539 1934 1692 1991 animoli

251 1998 449 2036 contusus
490 1994 663 2035 exoluit.
733 1994 815 2036 Sed
858 1994 959 2036 dum
1000 1995 1141 2037 taliter
1181 2009 1226 2036 se
1267 1995 1398 2049 gerit,
1444 1996 1690 2036 inusitatam

250 2051 522 2094 sacerdotalis
554 2052 699 2092 auxilii
731 2052 1002 2094 clemenciam
1036 2057 1240 2107 expertus
1283 2057 1360 2094 est.
1421 2053 1590 2095 Interea
1620 2067 1690 2094 an-

250 2109 395 2163 tistes,
440 2109 740 2151 inchoamento
786 2110 994 2166 psallendi
1037 2110 1150 2151 facto
1197 2110 1416 2165 primaque
1461 2119 1690 2153 concentus

251 2171 372 2223 parte
402 2167 539 2218 edita⁷
571 2182 665 2209 cum
696 2167 832 2209 Grece
864 2169 1103 2223 precacioni
1134 2168 1353 2210 solennem
1391 2169 1470 2212 rite
1506 2169 1689 2211 Gloriam

252 2226 500 2267 subnectere
543 2225 776 2278 debuisset,
816 2239 870 2267 ex
915 2225 1211 2282 stipatoribus,
1257 2227 1488 2282 supplicem
1532 2226 1689 2269 foribus

251 2297 400 2339 regem
442 2282 614 2335 adesse,
658 2285 887 2338 cognoscit.
947 2284 1104 2339 Igitur,
1136 2289 1300 2326 cessato
1333 2290 1460 2326 cantu
1491 2285 1690 2340 cleroque

254 2341 463 2383 conticere
504 2341 642 2392 iusso,
684 2342 796 2383 fores
826 2345 1045 2396 repetens,
1085 2355 1179 2383 cum
1209 2356 1378 2396 regem,
1418 2342 1517 2397 quid
1557 2343 1616 2383 ita
1646 2357 1690 2385 se

252 2404 433 2453 gereret,
464 2403 739 2454 percontatus
760 2399 921 2451 fuisset,
952 2403 1081 2454 atque
1103 2400 1186 2450 ille,
1220 2400 1399 2442 criminis
1423 2400 1689 2443 confessione

251 2457 375 2509 facta,
405 2459 408 2505 Ι
436 2456 630 2511 religioni
661 2471 756 2499 sese
779 2456 1095 2499 satisfacturum
1117 2458 1383 2512 promittenS,
1414 2458 1688 2500 sacerdotalis

252 2514 427 2556 subsidii
458 2515 628 2556 ueniam
649 2513 917 2571 postulasset,
950 2515 1161 2568 continuo,
1196 2516 1475 2557 execracione
1500 2517 1688 2568 remissa,

252 2572 463 2614 iacentem
484 2573 721 2628 amplexus,
752 2572 949 2614 abstersis
970 2572 1195 2628 lachrymis
1221 2573 1509 2628 depositisque
1531 2573 1689 2616 doloris

185 2642 223 2670 40
252 2622 509 2685 insignibus,
549 2636 591 2673 et
621 2630 780 2674 cultum
810 2633 854 2681 et
884 2630 1071 2672 animum
1111 2630 1276 2687 regium
1306 2645 1524 2674 resumere
1555 2632 1691 2687 iussit,

1756 2003 1844 2037 (211)

1742 2468 1841 2500 p.564
