1884 3126
292 883 328 911 10

290 1168 324 1195 15

287 1455 324 1482 20

286 1746 324 1773 25

285 2033 323 2060 30

287 2319 323 2346 35

368 233 449 275 610
897 249 944 254 —
1008 220 1142 263 XIIII
1205 245 1255 251 —

367 354 655 411 exequendum
697 351 852 391 lentam
900 348 1020 388 nimis
1063 347 1376 402 inhabilemque
1422 340 1707 388 reddiderat.'
1750 346 1793 388 Is

366 415 656 458 Guemmerus,
680 408 805 448 nimia
823 405 1068 446 Sclauorum
1088 405 1371 446 familiaritate
1388 409 1625 458 corruthS,
1651 410 1793 445 nostre

365 469 503 524 gentis
535 465 706 507 consilia
746 464 925 504 latenter
967 462 1026 503 eis
1059 462 1238 515 prodere
1279 466 1572 503 consueuerat.
1632 460 1793 503 Eodem

364 538 531 581 quoque
582 527 769 576 tempore
822 519 1158 560 Sialandensium
1210 519 1386 561 classem
1434 532 1609 574 corpore
1660 518 1792 573 magis

363 595 485 637 quam
517 580 655 620 animo
687 581 856 619 secutus
888 576 1037 618 fuerat.
1096 576 1164 617 Ad
1197 577 1312 617 cuius
1334 580 1512 631 penates
1536 576 1689 626 Sclaui,
1710 577 1793 617 iam

362 642 487 694 portu
529 635 759 677 Swaldensi
800 633 984 688 petende
1016 633 1197 675 Falstrie
1228 635 1445 689 proposito
1490 634 1669 688 egressi,
1700 647 1792 689 pre—

361 696 544 746 mittunt,
578 693 647 747 qui
678 693 815 747 ipsum
849 705 975 746 super
995 691 1212 732 Danorum
1244 692 1428 746 negociis
1460 692 1667 732 secrecius
1698 705 1793 747 per-

362 755 595 792 contentur.
640 749 759 790 Tunc
781 762 882 790 uero
907 748 1199 802 Guemmerus,
1232 750 1283 790 ab
1310 749 1523 790 Absalone
1552 749 1595 790 in
1617 749 1793 790 classem

361 813 551 858 uocatus,
583 808 716 862 patrie
748 806 947 847 excubias
969 807 1122 861 specie,
1154 820 1198 847 re
1231 820 1332 848 uera
1352 806 1522 848 insidias
1549 806 1791 848 exhibebat.

361 866 455 913 Qua
502 865 553 906 de
594 879 637 905 re
682 864 823 905 nuncii
862 877 935 917 per
977 865 1065 904 eius
1108 864 1362 905 domesticos
1395 865 1600 905 cerciores
1641 864 1792 917 effecti,

358 927 521 964 mature
561 922 665 973 suis,
713 936 792 977 que
837 926 1109 976 acceperant,
1142 921 1340 964 indicant.
1401 921 1464 970 Ea
1504 937 1570 963 res
1602 922 1791 963 Sclauice

359 980 502 1021 classis
526 985 695 1034 ceptum
717 980 1068 1034 propositumque
1090 978 1292 1020 frustrata
1326 984 1402 1022 est.
1463 979 1615 1035 Itaque
1643 979 1792 1020 ceteris

356 1037 481 1078 rebus
514 1037 688 1089 omissis,
721 1036 772 1077 ad
804 1037 961 1089 sinum,
995 1050 1119 1091 quem
1150 1037 1324 1078 uiridem
1358 1043 1533 1088 uocant,
1574 1037 1790 1092 appellere

358 1095 545 1136 contenti
568 1093 697 1136 fuere.
760 1094 809 1144 In
832 1094 948 1135 cuius
979 1094 1120 1135 littore
1145 1108 1313 1135 crucem
1344 1095 1540 1149 religiosa
1572 1095 1624 1136 ab
1646 1094 1791 1136 incolis

357 1165 458 1193 cura
502 1155 786 1193 constructam
828 1151 1024 1192 excidere
1069 1152 1208 1193 adorsi
1253 1158 1374 1205 sunt,
1419 1153 1573 1207 insigni
1616 1150 1792 1206 stipitisll

356 1210 479 1251 ruina
510 1210 712 1251 maiorem
743 1210 932 1264 pyratice
963 1209 1138 1264 gloriam
1165 1210 1362 1252 habituri.
1426 1209 1555 1252 Cuius
1588 1210 1788 1263 sacrilege

357 1267 605 1308 temeritatis
637 1267 841 1322 supplicia
873 1273 969 1322 post
1002 1267 1173 1308 modum
1203 1268 1446 1322 turpissima
1475 1268 1576 1322 fuga
1608 1268 1789 1309 tristissi-

356 1328 511 1379 moque
542 1325 761 1378 naufragio
804 1324 1108 1379 pependerunt.
1170 1325 1482 1367 Falstrensibus
1520 1339 1688 1381 quoque.
1719 1325 1790 1366 he-

357 1386 497 1423 sterno
541 1397 653 1424 mero
694 1383 843 1423 sauciis
876 1383 1245 1437 superuenissent,
1279 1383 1318 1424 ni
1352 1383 1612 1426 Sialandicus
1644 1397 1790 1438 specu-

354 1439 471 1492 lator,
504 1440 612 1481 inter
643 1454 780 1481 remos
814 1453 914 1494 egre
947 1440 1167 1495 delapsus,
1209 1441 1333 1482 ebriis
1375 1454 1567 1482 somnum
1609 1442 1791 1482 clamore

354 1495 761 1552 de<m>p[res]sisset.
844 1498 927 1539 Per
972 1512 1095 1553 quem
1139 1498 1329 1539 Absalon
1381 1500 1550 1553 cognito
1602 1499 1783 1540 hostium

356 1569 554 1607 occursu,
602 1559 727 1596 noctu
771 1555 1002 1609 Inguarum
1050 1561 1091 1597 et
1135 1556 1344 1607 Olauurn,
1391 1557 1569 1610 probate
1614 1556 1789 1598 solercie

354 1613 490 1666 uiros,
533 1613 696 1654 leuibus
740 1613 919 1667 nauigiis
965 1628 1018 1655 ex
1058 1613 1194 1654 insula
1226 1614 1350 1655 Boka
1391 1614 1443 1655 ad
1486 1614 1790 1670 speculandum

358 1684 505 1711 eorum
537 1671 754 1712 consilium
789 1671 942 1725 dirigit.
992 1671 1155 1719 Quibus
1177 1671 1389 1727 profectis,
1423 1672 1651 1714 eorundem
1683 1671 1790 1713 redi-

355 1732 444 1769 tum
488 1729 717 1782 prestolare
762 1742 843 1769 non
887 1743 1059 1783 passus,
1105 1729 1347 1771 abscessum
1394 1731 1590 1785 prosequi
1629 1730 1789 1782 statuit,

354 1786 662 1840 precurrendos
701 1787 848 1840 pocius
881 1800 1007 1841 quam
1036 1787 1260 1828 imitandos
1290 1787 1546 1840 existimans,
1579 1802 1630 1829 ne
1663 1787 1791 1842 longa

355 1844 496 1884 nuncii
519 1841 830 1898 exffpectaeione
853 1850 1001 1885 cuncta
1023 1844 1184 1886 tardius
1208 1850 1502 1900 exequeretur.
1542 1845 1791 1886 Meminerat

355 1901 571 1956 siquidem,
594 1902 720 1943 moris
745 1916 835 1943 esse
858 1901 1019 1943 Sclauis
1052 1903 1285 1944 exercitum
1307 1902 1493 1945 ducturis
1516 1904 1790 1944 antelucanos

355 1972 497 1999 amare
530 1973 768 2013 procursus,
801 1959 1014 2014 rebusque
1042 1960 1234 2002 celeriter
1265 1960 1480 2013 confectis,
1512 1960 1673 2002 festinis
1705 1965 1792 2002 stu-

355 2015 454 2056 dere
486 2017 760 2070 regressibus.
807 2016 923 2064 Quos
955 2032 1006 2058 ne
1030 2018 1190 2059 tardius
1223 2019 1539 2073 aggrederetur,
1572 2019 1791 2072 remigium

354 2073 558 2114 maturius
590 2075 768 2128 instruit,
803 2088 886 2115 una
918 2076 1193 2130 speculatoris
1216 2090 1263 2117 ac
1286 2076 1404 2117 ducis
1434 2082 1574 2131 partes
1606 2081 1789 2117 acturus.

356 2130 491 2178 Quem
517 2130 655 2172 Sclaui
678 2131 864 2173 diluculo
890 2133 1133 2187 conspicati,
1157 2133 1404 2174 aduentanti
1423 2140 1597 2176 cunctas
1619 2134 1790 2174 nauium

354 2203 526 2230 suarum
557 2203 719 2243 puppes
744 2196 977 2244 opponunt,
1009 2191 1142 2245 proris
1162 2191 1214 2231 in
1246 2192 1377 2232 altum
1408 2192 1580 2244 auersis,
1612 2190 1788 2247 perinde

355 2260 402 2286 ac
447 2245 568 2301 fuge,
616 2260 699 2287 non
743 2248 874 2302 prelio
923 2249 1166 2290 consulturi.
1227 2249 1285 2290 At
1333 2249 1404 2290 ubi
1451 2248 1791 2290 sialandensium

355 2304 523 2358 signum
556 2305 718 2357 enituit,
750 2304 993 2347 uehementi
1037 2320 1245 2348 remorum
1279 2311 1435 2348 conatu
1475 2320 1617 2361 parem
1650 2307 1790 2359 fugam

355 2360 593 2414 intendunt,
625 2376 803 2417 corpore
838 2364 962 2415 uiros,
996 2363 1133 2404 animo
1165 2363 1343 2405 feminas
1376 2364 1641 2406 exhibentes.
1703 2363 1792 2405 Nec

357 2417 481 2473 egre*
511 2419 704 2461 Absalon
737 2419 1000 2474 fugientibus
1033 2421 1209 2474 institit3
1252 2435 1276 2462 a
1317 2436 1491 2476 quorum
1525 2422 1791 2463 insecucione
1829 2429 1880 2457 Ch

360 2481 505 2517 coorta
545 2477 685 2518 subito
728 2481 979 2533 tempestate
1024 2478 1284 2533 prohibitus,
1325 2479 1547 2521 Falstriam
1578 2479 1789 2534 repetiuit.

359 2533 498 2574 Tanta
529 2539 673 2576 autem
704 2536 913 2576 undarum
947 2537 1126 2578 colluuio
1157 2536 1257 2588 fuit,
1290 2542 1335 2578 ut
1368 2538 1537 2578 nauium
1572 2537 1717 2592 queuis
1748 2536 1788 2576 in

289 2604 325 2632 4ο
356 2591 858 2648 αΙίεῑῐῐι.ἰὲιοΐειΥοίιιΥ,χῐιθο
890 2593 1092 2636 collisioni
1122 2594 1207 2635 leui
1239 2608 1366 2649 opera
1397 2595 1582 2637 succurri
1612 2597 1788 2650 poterat,

778 2655 783 2668 i

1841 1217 1884 1251 (3‘
