1884 3126
281 901 312 928 10

277 1194 310 1220 15

273 1481 309 1508 20

271 2062 310 2089 30

271 2350 307 2377 35

271 2642 307 2670 40

348 245 429 286 176
933 242 1251 284 ——V--·

346 383 518 425 quoque
565 373 876 425 consequenter
922 370 1122 424 adortus,
1166 371 1383 414 Biornone
1428 376 1633 428 excepto,
1678 371 1789 414 ferro

346 427 619 482 consumpsit.
682 428 818 476 Quem
864 428 1108 484 impensiori
1140 430 1365 471 curacione
1396 444 1418 471 e
1450 430 1696 472 uulneribus
1727 444 1790 472 re-

346 490 549 540 creatum,
570 486 647 527 sub
670 499 789 529 sacre
813 486 1113 529 obtestacionis
1135 488 1322 542 pignore,
1357 488 1564 542 collegam
1594 487 1763 540 adciuit,
1780 485 1791 542 l}

346 557 558 598 operaque
592 544 680 585 eius
714 545 786 595 uti,
820 558 945 601 quam
979 545 1113 587 exicio
1157 545 1327 600 gloriari
1357 546 1495 587 sacius
1526 546 1662 587 duxit.
1721 546 1791 586 In-

345 601 518 655 dignum
551 615 718 657 quoque
749 602 987 654 asserebat,
1027 607 1145 645 tante
1188 603 1448 645 fortitudinis
1478 604 1625 645 florem
1658 602 1790 658 prima

344 660 569 714 pubertate
611 660 859 715 decerptum
890 661 1193 716 intempestiua
1223 662 1344 703 nimis
1378 660 1498 703 clade
1530 662 1732 703 consumi.

482 717 594 759 Dani
634 731 763 769 uero,
803 719 1051 760 Fridleuum
1092 719 1396 761 aduentantem
1439 719 1626 774 experti,
1669 719 1788 760 cuius

343 776 595 830 iampridem
618 776 780 817 obitum
802 776 911 818 falso
943 776 1181 819 didicerant
1211 778 1378 831 nuncio,
1411 777 1559 829 missis,
1591 776 1662 832 qui
1693 790 1790 818 eum

345 837 624 886 accerserent,
658 834 921 877 Hiarnonem
951 849 1084 889 regno
1117 835 1270 878 cedere
1302 835 1473 888 iubent,
1507 836 1620 890 quod
1651 834 1787 890 ipsum

341 891 532 946 precario
556 906 604 933 ac
626 892 914 946 perfunctorie
936 907 1083 947 gerere
1107 892 1340 935 uideretur.
1380 893 1461 941 Qui
1483 896 1602 935 tanto
1626 892 1787 934 honore

343 949 516 1004 defungi
548 964 631 991 non
663 964 836 1005 passus,
868 951 1058 1006 spiritum
1090 965 1165 1006 pro
1199 951 1331 1006 gloria
1363 964 1556 1005 erogare,
1590 964 1715 1007 quam
1747 951 1787 992 in

344 1007 567 1049 obscuram
598 1009 715 1062 uulgi
747 1013 901 1050 sortem
925 1008 1156 1050 concedere
1186 1010 1444 1064 preoptauit.
1487 1008 1788 1056 Quamobrem,

342 1079 395 1106 ne
426 1066 550 1120 regiis
583 1065 813 1108 honoribus
859 1070 1015 1108 exutus
1048 1067 1269 1121 pristinum
1300 1066 1469 1108 fortune
1499 1066 1693 1107 habitum
1725 1081 1788 1107 re-

344 1124 484 1178 cipere
517 1129 752 1177 cogeretur,
784 1130 1025 1178 presentem
1057 1125 1181 1166 armis
1212 1125 1322 1166 tueri
1354 1125 1579 1166 constituit.
1636 1123 1787 1179 Itaque

341 1181 516 1222 diuidua
547 1182 665 1235 regio
707 1183 919 1238 preruptis
964 1183 1319 1224 cousternacionis
1351 1182 1535 1224 motibus
1566 1182 1786 1236 agebatur.

343 1239 425 1280 Alii
458 1239 663 1292 siquidem
695 1240 747 1281 ab
784 1240 1012 1282 Hiarnonis
1044 1241 1234 1295 partibus
1266 1241 1454 1293 stabant,
1495 1240 1564 1281 alii
1596 1239 1787 1281 Fridleui

341 1297 474 1338 titulis
497 1297 551 1338 ob
576 1298 749 1352 egregia
771 1298 1001 1340 Frothonis
1024 1299 1174 1340 merita
1206 1298 1421 1354 astipulati
1454 1302 1562 1350 sunt,
1595 1297 1787 1339 herebat-

343 1369 424 1409 que
457 1355 574 1409 uulgi
607 1355 765 1397 discors
797 1356 1060 1410 suffragium,
1091 1356 1154 1397 his
1186 1357 1449 1411 presencium
1472 1356 1675 1407 habitum,
1707 1355 1787 1396 illis

342 1414 640 1468 preteritorum
663 1415 909 1456 memoriam
933 1414 1248 1456 uenerantibus.
1285 1413 1629 1470 Preponderauit
1644 1417 1784 1454 tamen

340 1471 627 1512 Frothoniane
649 1471 958 1514 recordacionis
979 1473 1167 1523 intuitus,
1185 1473 1359 1527 eiusque
1377 1473 1566 1514 suauitas
1584 1471 1786 1512 maiorem

342 1527 542 1570 Fridlcuo
570 1529 728 1571 fauoris
758 1534 919 1585 partem
953 1531 1203 1572 conciliauit.
1245 1530 1445 1586 Plerique
1480 1529 1603 1582 enim,
1636 1528 1785 1584 quibus

342 1587 471 1628 alcior
501 1600 647 1628 sensus
680 1588 892 1639 exstabat,
924 1589 1077 1630 rustice
1108 1587 1367 1630 condicionis
1398 1588 1623 1640 hominem,
1657 1601 1787 1642 quan-

342 1658 465 1700 quam
488 1645 541 1685 ad
563 1646 827 1700 insperatum
858 1647 1196 1688 rerum'culmen
1228 1651 1371 1702 preter
1401 1645 1567 1700 generis
1598 1645 1663 1685 ius
1693 1644 1784 1686 solo

341 1703 508 1744 fortune
550 1703 755 1745 beneficio
787 1705 1072 1759 peruenisset,
1104 1719 1238 1759 regno
1271 1702 1611 1745 submonendum
1644 1716 1784 1744 cense-

274 1771 306 1797 Ψ
341 1760 466 1813 bant,
507 1775 562 1803 ne
601 1775 750 1802 uerum
793 1762 965 1803 honoris
1011 1762 1212 1804 heredem
1257 1762 1517 1803 adulterinus
1562 1774 1785 1815 possessor

342 1819 529 1860 elideret.
590 1819 815 1862 Fridleuus
857 1834 959 1862 uero
1001 1820 1223 1862 Danorum
1269 1821 1433 1875 legatos
1474 1818 1613 1861 redire
1653 1819 1785 1871 iubet,

341 1876 604 1918 Hiarnonem
627 1882 703 1918 aut
723 1892 901 1933 regnum
925 1878 1137 1933 deponere
1168 1882 1243 1919 aut
1277 1879 1366 1919 acie
1388 1891 1530 1919 secum
1556 1876 1783 1930 confligere

339 1938 580 1989 rogaturos.
641 1934 700 1976 At
746 1936 910 1977 Hiarno
950 1936 1054 1978 lucis
1094 1935 1342 1978 auiditatem
1383 1936 1535 1977 honori
1574 1933 1785 1975 anteferre

340 1993 604 2048 salutemque
644 1993 778 2047 glorie
818 1993 1038 2050 dispendio
1086 2007 1262 2050 querere
1292 1998 1430 2035 morte
1460 1992 1619 2034 tristius
1651 1996 1782 2044 ratus,

341 2050 440 2091 dum
473 2051 583 2092 bello
618 2050 865 2093 Fridleuum
898 2053 1076 2107 excipit,
1113 2052 1156 2093 in
1186 2052 1340 2093 Iutiam
1375 2051 1552 2092 obtritus
1584 2047 1782 2104 auflfugitg

340 2109 628 2163 uictoremque
650 2108 788 2151 denuo
821 2113 1018 2163 reparata
1048 2123 1176 2151 manu
1207 2123 1447 2164 aggressus,
1478 2108 1641 2150 haustis
1673 2107 1783 2148 ferro

341 2166 479 2217 sociis,
499 2165 643 2220 fugam
665 2168 825 2222 absque
849 2169 1002 2209 comite
1025 2167 1185 2219 habuit,
1207 2181 1330 2222 quam
1352 2167 1499 2219 insula,
1526 2165 1784 2206 uocabulum

341 2238 397 2265 ex
429 2223 517 2266 eius
549 2227 871 2280 nuncupacione
902 2225 1063 2279 sortita,
1095 2229 1288 2268 testatur.
1348 2225 1485 2280 Igitur
1515 2223 1783 2264 humiliorem

341 2282 481 2323 animo
513 2281 730 2324 fortunam
763 2286 984 2338 expertus,
1017 2297 1112 2324 cum
1143 2297 1188 2325 se
1220 2283 1387 2336 gemina
1417 2287 1557 2336 strage
1590 2280 1783 2322 omnibus

339 2353 471 2396 prope
511 2340 686 2382 modum
726 2341 857 2396 copiis
899 2345 1075 2383 exutum
1118 2340 1306 2393 uideret,
1346 2341 1524 2382 traiecto
1565 2338 1607 2380 in
1638 2338 1782 2379 dolum

340 2398 502 2450 studio,
549 2398 774 2440 obscurato
816 2399 899 2440 oris
940 2399 1087 2440 habitu
1127 2398 1372 2440 Fridleuum
1418 2396 1601 2448 accedit,
1645 2397 1780 2450 ipsum

341 2456 512 2511 quesitis
543 2470 619 2510 per
649 2456 977 2499 familiaritatem
1008 2456 1169 2498 insidiis
1200 2460 1440 2498 necaturus.
1483 2457 1521 2497 A
1551 2468 1634 2509 quo
1666 2454 1781 2495 *sus-

340 2517 509 2569 ceptuS,
549 2513 795 2569 aliquandiu
840 2515 1008 2556 seruicii
1040 2514 1314 2556 simulacione
1344 2513 1610 2569 propositum
1642 2512 1779 2553 occul-

341 2572 484 2613 tabat„
517 2571 730 2626 Siquidem
763 2572 1029 2628 decoquendi
1060 2572 1157 2613 salis
1191 2572 1381 2628 opificem
1412 2570 1640 2627 professus,
1672 2571 1780 2611 inter

338 2629 584 2671 sordidioris
615 2630 834 2671 ministerii
866 2629 1284 2684 famulos-ignobilia
1317 2628 1606 2685 exequebatur
1628 2627 1779 2669 officia.

1861 557 1884 591 (ε

1835 2463 1884 2491 LI'
