<?xml version="1.0" encoding="UTF-8"?>
<!DOCTYPE html PUBLIC "-//W3C//DTD XHTML 1.0 Transitional//EN"
    "http://www.w3.org/TR/xhtml1/DTD/xhtml1-transitional.dtd">
<html xmlns="http://www.w3.org/1999/xhtml" xml:lang="en" lang="en">
 <head>
  <title>
</title>
<meta http-equiv="Content-Type" content="text/html;charset=utf-8" />
  <meta name='ocr-system' content='tesseract 3.04.00' />
  <meta name='ocr-capabilities' content='ocr_page ocr_carea ocr_par ocr_line ocrx_word'/>
</head>
<body>
  <div class='ocr_page' id='page_1' title='image "./saxonisgrammatic00saxouoft_0645.png"; bbox 0 0 1884 3126; ppageno 0'>
   <div class='ocr_carea' id='block_1_1' title="bbox 41 607 58 634">
    <p class='ocr_par' dir='ltr' id='par_1_1' title="bbox 41 607 58 634">
     <span class='ocr_line' id='line_1_1' title="bbox 41 607 58 634; baseline 0 0"><span class='ocrx_word' id='word_1_1' title='bbox 41 607 58 634; x_wconf 89' lang='lat'><strong>5</strong></span> 
     </span>
    </p>
   </div>
   <div class='ocr_carea' id='block_1_2' title="bbox 24 898 61 926">
    <p class='ocr_par' dir='ltr' id='par_1_2' title="bbox 24 898 61 926">
     <span class='ocr_line' id='line_1_2' title="bbox 24 898 61 926; baseline 0 0"><span class='ocrx_word' id='word_1_2' title='bbox 24 898 61 926; x_wconf 90' lang='grc'>10</span> 
     </span>
    </p>
   </div>
   <div class='ocr_carea' id='block_1_3' title="bbox 24 1190 61 1217">
    <p class='ocr_par' dir='ltr' id='par_1_3' title="bbox 24 1190 61 1217">
     <span class='ocr_line' id='line_1_3' title="bbox 24 1190 61 1217; baseline 0 0"><span class='ocrx_word' id='word_1_3' title='bbox 24 1190 61 1217; x_wconf 88' lang='lat'>15</span> 
     </span>
    </p>
   </div>
   <div class='ocr_carea' id='block_1_4' title="bbox 631 232 1533 276">
    <p class='ocr_par' dir='ltr' id='par_1_4' title="bbox 631 232 1533 276">
     <span class='ocr_line' id='line_1_4' title="bbox 631 232 1533 276; baseline -0.002 0"><span class='ocrx_word' id='word_1_4' title='bbox 631 254 681 263; x_wconf 89' lang='lat'>--</span> <span class='ocrx_word' id='word_1_5' title='bbox 742 232 883 276; x_wconf 89' lang='lat' dir='ltr'>XIIII</span> <span class='ocrx_word' id='word_1_6' title='bbox 941 255 996 262; x_wconf 91' lang='lat'>—-</span> <span class='ocrx_word' id='word_1_7' title='bbox 1452 232 1533 275; x_wconf 88' lang='lat'>551</span> 
     </span>
    </p>
   </div>
   <div class='ocr_carea' id='block_1_5' title="bbox 89 361 1538 1350">
    <p class='ocr_par' dir='ltr' id='par_1_5' title="bbox 89 361 1538 1350">
     <span class='ocr_line' id='line_1_5' title="bbox 92 361 1534 419; baseline 0 -16"><span class='ocrx_word' id='word_1_8' title='bbox 92 361 225 404; x_wconf 88' lang='lat' dir='ltr'>dotali</span> <span class='ocrx_word' id='word_1_9' title='bbox 257 362 377 417; x_wconf 88' lang='lat' dir='ltr'>copia</span> <span class='ocrx_word' id='word_1_10' title='bbox 398 377 480 404; x_wconf 92' lang='lat' dir='ltr'>non</span> <span class='ocrx_word' id='word_1_11' title='bbox 505 367 771 418; x_wconf 77' lang='lat' dir='ltr'>suppetente,</span> <span class='ocrx_word' id='word_1_12' title='bbox 804 367 846 405; x_wconf 89' lang='lat' dir='ltr'>et</span> <span class='ocrx_word' id='word_1_13' title='bbox 869 363 920 405; x_wconf 90' lang='lat' dir='ltr'>ad</span> <span class='ocrx_word' id='word_1_14' title='bbox 947 364 1213 419; x_wconf 86' lang='lat' dir='ltr'>priuatorum</span> <span class='ocrx_word' id='word_1_15' title='bbox 1242 362 1534 419; x_wconf 85' lang='lat' dir='ltr'>cognicionem</span> 
     </span>
     <span class='ocr_line' id='line_1_6' title="bbox 93 420 1535 478; baseline 0.001 -17"><span class='ocrx_word' id='word_1_16' title='bbox 93 420 317 461; x_wconf 88' lang='lat' dir='ltr'>commissa</span> <span class='ocrx_word' id='word_1_17' title='bbox 348 420 504 462; x_wconf 83' lang='lat' dir='ltr'>referra</span> <span class='ocrx_word' id='word_1_18' title='bbox 535 421 673 463; x_wconf 89' lang='lat' dir='ltr'>licere.</span> <span class='ocrx_word' id='word_1_19' title='bbox 736 422 892 475; x_wconf 79' lang='lat' dir='ltr'>Magno</span> <span class='ocrx_word' id='word_1_20' title='bbox 926 436 1119 478; x_wconf 90' lang='lat' dir='ltr'>quoque,</span> <span class='ocrx_word' id='word_1_21' title='bbox 1153 436 1276 478; x_wconf 91' lang='lat' dir='ltr'>quem</span> <span class='ocrx_word' id='word_1_22' title='bbox 1319 420 1535 463; x_wconf 86' lang='lat' dir='ltr'>Haraldus</span> 
     </span>
     <span class='ocr_line' id='line_1_7' title="bbox 92 478 1533 535; baseline 0 -15"><span class='ocrx_word' id='word_1_23' title='bbox 92 478 399 535; x_wconf 84' lang='lat' dir='ltr'>Hyberniensis</span> <span class='ocrx_word' id='word_1_24' title='bbox 443 483 605 535; x_wconf 85' lang='lat' dir='ltr'>patrem</span> <span class='ocrx_word' id='word_1_25' title='bbox 647 479 907 534; x_wconf 86' lang='lat' dir='ltr'>adsciuerat,</span> <span class='ocrx_word' id='word_1_26' title='bbox 951 495 995 522; x_wconf 88' lang='lat' dir='ltr'>se</span> <span class='ocrx_word' id='word_1_27' title='bbox 1027 481 1217 535; x_wconf 83' lang='lat' dir='ltr'>genitum</span> <span class='ocrx_word' id='word_1_28' title='bbox 1258 479 1533 521; x_wconf 88' lang='lat' dir='ltr'>memorabat.</span> 
     </span>
     <span class='ocr_line' id='line_1_8' title="bbox 92 537 1534 593; baseline 0.001 -16"><span class='ocrx_word' id='word_1_29' title='bbox 92 537 131 577; x_wconf 83' lang='lat' dir='ltr'>A</span> <span class='ocrx_word' id='word_1_30' title='bbox 174 538 291 578; x_wconf 90' lang='lat' dir='ltr'>cuius</span> <span class='ocrx_word' id='word_1_31' title='bbox 337 538 661 591; x_wconf 83' lang='lat' dir='ltr'>generosissimo</span> <span class='ocrx_word' id='word_1_32' title='bbox 709 538 857 593; x_wconf 89' lang='lat' dir='ltr'>spiritu</span> <span class='ocrx_word' id='word_1_33' title='bbox 897 539 1029 580; x_wconf 84' lang='lat' dir='ltr'>eciam</span> <span class='ocrx_word' id='word_1_34' title='bbox 1069 540 1178 580; x_wconf 85' lang='lat' dir='ltr'>inter</span> <span class='ocrx_word' id='word_1_35' title='bbox 1221 538 1411 579; x_wconf 90' lang='lat' dir='ltr'>adhibita</span> <span class='ocrx_word' id='word_1_36' title='bbox 1454 537 1534 578; x_wconf 89' lang='lat' dir='ltr'>sibi</span> 
     </span>
     <span class='ocr_line' id='line_1_9' title="bbox 89 594 1537 652; baseline 0.001 -17"><span class='ocrx_word' id='word_1_37' title='bbox 89 595 294 650; x_wconf 86' lang='lat' dir='ltr'>supplicia</span> <span class='ocrx_word' id='word_1_38' title='bbox 354 610 435 638; x_wconf 93' lang='lat' dir='ltr'>non</span> <span class='ocrx_word' id='word_1_39' title='bbox 496 594 727 650; x_wconf 79' lang='lat' dir='ltr'>de&lt;s&gt;eiuit.</span> <span class='ocrx_word' id='word_1_40' title='bbox 818 595 962 638; x_wconf 84' lang='lat' dir='ltr'>Primo</span> <span class='ocrx_word' id='word_1_41' title='bbox 1019 597 1228 652; x_wconf 86' lang='lat' dir='ltr'>siquidem</span> <span class='ocrx_word' id='word_1_42' title='bbox 1287 595 1537 638; x_wconf 85' lang='lat' dir='ltr'>uerberibus</span> 
     </span>
     <span class='ocr_line' id='line_1_10' title="bbox 92 653 1536 702; baseline 0.001 -8"><span class='ocrx_word' id='word_1_43' title='bbox 92 653 271 695; x_wconf 86' lang='lat' dir='ltr'>affectus</span> <span class='ocrx_word' id='word_1_44' title='bbox 315 667 364 694; x_wconf 87' lang='lat' dir='ltr'>ac</span> <span class='ocrx_word' id='word_1_45' title='bbox 405 653 556 695; x_wconf 89' lang='lat' dir='ltr'>deinde</span> <span class='ocrx_word' id='word_1_46' title='bbox 598 654 847 696; x_wconf 75' lang='lat' dir='ltr'>malleorum</span> <span class='ocrx_word' id='word_1_47' title='bbox 887 654 1039 697; x_wconf 86' lang='lat' dir='ltr'>ictibus</span> <span class='ocrx_word' id='word_1_48' title='bbox 1084 654 1279 696; x_wconf 88' lang='lat' dir='ltr'>artuatim</span> <span class='ocrx_word' id='word_1_49' title='bbox 1321 659 1536 702; x_wconf 85' lang='lat' dir='ltr'>contusus,</span> 
     </span>
     <span class='ocr_line' id='line_1_11' title="bbox 92 711 1538 768; baseline 0.001 -17"><span class='ocrx_word' id='word_1_50' title='bbox 92 711 250 752; x_wconf 90' lang='lat' dir='ltr'>scilicet</span> <span class='ocrx_word' id='word_1_51' title='bbox 281 716 327 753; x_wconf 91' lang='lat' dir='ltr'>ut</span> <span class='ocrx_word' id='word_1_52' title='bbox 357 726 382 753; x_wconf 88' lang='lat' dir='ltr'>a</span> <span class='ocrx_word' id='word_1_53' title='bbox 414 712 574 754; x_wconf 89' lang='lat' dir='ltr'>cunctis</span> <span class='ocrx_word' id='word_1_54' title='bbox 615 714 802 767; x_wconf 85' lang='lat' dir='ltr'>corporis</span> <span class='ocrx_word' id='word_1_55' title='bbox 848 713 1036 767; x_wconf 87' lang='lat' dir='ltr'>partibus</span> <span class='ocrx_word' id='word_1_56' title='bbox 1077 726 1185 768; x_wconf 90' lang='lat' dir='ltr'>pene</span> <span class='ocrx_word' id='word_1_57' title='bbox 1227 720 1377 754; x_wconf 79' lang='lat' dir='ltr'>exacte</span> <span class='ocrx_word' id='word_1_58' title='bbox 1423 712 1538 753; x_wconf 92' lang='lat' dir='ltr'>uide-</span> 
     </span>
     <span class='ocr_line' id='line_1_12' title="bbox 91 771 1538 826; baseline 0 -16"><span class='ocrx_word' id='word_1_59' title='bbox 91 776 251 822; x_wconf 88' lang='lat' dir='ltr'>rentur,</span> <span class='ocrx_word' id='word_1_60' title='bbox 282 784 367 811; x_wconf 92' lang='lat' dir='ltr'>non</span> <span class='ocrx_word' id='word_1_61' title='bbox 398 771 613 825; x_wconf 77' lang='lat' dir='ltr'>gemitum,</span> <span class='ocrx_word' id='word_1_62' title='bbox 646 784 730 812; x_wconf 90' lang='lat' dir='ltr'>non</span> <span class='ocrx_word' id='word_1_63' title='bbox 754 771 982 825; x_wconf 84' lang='lat' dir='ltr'>suspirium</span> <span class='ocrx_word' id='word_1_64' title='bbox 1014 771 1159 823; x_wconf 89' lang='lat' dir='ltr'>edidit,</span> <span class='ocrx_word' id='word_1_65' title='bbox 1190 785 1271 813; x_wconf 92' lang='lat' dir='ltr'>non</span> <span class='ocrx_word' id='word_1_66' title='bbox 1304 771 1538 826; x_wconf 81' lang='lat' dir='ltr'>supplicem</span> 
     </span>
     <span class='ocr_line' id='line_1_13' title="bbox 91 825 1535 884; baseline -0.001 -15"><span class='ocrx_word' id='word_1_67' title='bbox 91 834 168 869; x_wconf 87' lang='lat' dir='ltr'>aut</span> <span class='ocrx_word' id='word_1_68' title='bbox 201 829 360 870; x_wconf 82' lang='lat' dir='ltr'>tristem</span> <span class='ocrx_word' id='word_1_69' title='bbox 393 843 540 870; x_wconf 89' lang='lat' dir='ltr'>uocem</span> <span class='ocrx_word' id='word_1_70' title='bbox 575 829 723 880; x_wconf 86' lang='lat' dir='ltr'>emisit,</span> <span class='ocrx_word' id='word_1_71' title='bbox 757 829 938 884; x_wconf 87' lang='lat' dir='ltr'>denique</span> <span class='ocrx_word' id='word_1_72' title='bbox 962 830 1121 870; x_wconf 91' lang='lat' dir='ltr'>nullum</span> <span class='ocrx_word' id='word_1_73' title='bbox 1144 829 1301 871; x_wconf 89' lang='lat' dir='ltr'>doloris</span> <span class='ocrx_word' id='word_1_74' title='bbox 1323 825 1535 883; x_wconf 67' lang='lat' dir='ltr'>indicium!</span> 
     </span>
     <span class='ocr_line' id='line_1_14' title="bbox 94 886 1538 942; baseline 0.001 -16"><span class='ocrx_word' id='word_1_75' title='bbox 94 886 280 942; x_wconf 76' lang='lat' dir='ltr'>prebuit,</span> <span class='ocrx_word' id='word_1_76' title='bbox 312 886 399 937; x_wconf 88' lang='lat' dir='ltr'>sed,</span> <span class='ocrx_word' id='word_1_77' title='bbox 423 888 543 942; x_wconf 84' lang='lat' dir='ltr'>quasi</span> <span class='ocrx_word' id='word_1_78' title='bbox 566 888 604 928; x_wconf 94' lang='lat' dir='ltr'>in</span> <span class='ocrx_word' id='word_1_79' title='bbox 631 887 737 940; x_wconf 89' lang='lat' dir='ltr'>ocio,</span> <span class='ocrx_word' id='word_1_80' title='bbox 770 888 1014 942; x_wconf 83' lang='lat' dir='ltr'>psalterium</span> <span class='ocrx_word' id='word_1_81' title='bbox 1037 889 1230 941; x_wconf 82' lang='lat' dir='ltr'>relegens</span> <span class='ocrx_word' id='word_1_82' title='bbox 1260 887 1372 929; x_wconf 88' lang='lat' dir='ltr'>inter</span> <span class='ocrx_word' id='word_1_83' title='bbox 1397 900 1538 928; x_wconf 85' lang='lat' dir='ltr'>sacras</span> 
     </span>
     <span class='ocr_line' id='line_1_15' title="bbox 91 945 1537 1002; baseline 0.001 -18"><span class='ocrx_word' id='word_1_84' title='bbox 91 958 239 999; x_wconf 79' lang='lat' dir='ltr'>preces</span> <span class='ocrx_word' id='word_1_85' title='bbox 290 950 330 985; x_wconf 91' lang='lat' dir='ltr'>et</span> <span class='ocrx_word' id='word_1_86' title='bbox 374 946 612 986; x_wconf 82' lang='lat' dir='ltr'>solennium</span> <span class='ocrx_word' id='word_1_87' title='bbox 661 945 889 987; x_wconf 89' lang='lat' dir='ltr'>uerborum</span> <span class='ocrx_word' id='word_1_88' title='bbox 937 946 1297 1002; x_wconf 89' lang='lat' dir='ltr'>nuncupacionem</span> <span class='ocrx_word' id='word_1_89' title='bbox 1345 945 1537 1000; x_wconf 90' lang='lat' dir='ltr'>spiritum</span> 
     </span>
     <span class='ocr_line' id='line_1_16' title="bbox 91 1002 1536 1059; baseline 0 -15"><span class='ocrx_word' id='word_1_90' title='bbox 91 1003 250 1057; x_wconf 87' lang='lat' dir='ltr'>posuit.</span> <span class='ocrx_word' id='word_1_91' title='bbox 311 1003 472 1045; x_wconf 85' lang='lat' dir='ltr'>Felices</span> <span class='ocrx_word' id='word_1_92' title='bbox 503 1003 696 1059; x_wconf 90' lang='lat' dir='ltr'>profecto</span> <span class='ocrx_word' id='word_1_93' title='bbox 729 1004 948 1058; x_wconf 87' lang='lat' dir='ltr'>religionis</span> <span class='ocrx_word' id='word_1_94' title='bbox 972 1004 1130 1045; x_wconf 79' lang='lat' dir='ltr'>alumni</span> <span class='ocrx_word' id='word_1_95' title='bbox 1151 1004 1302 1055; x_wconf 87' lang='lat' dir='ltr'>forent,</span> <span class='ocrx_word' id='word_1_96' title='bbox 1335 1003 1366 1045; x_wconf 92' lang='lat' dir='ltr'>si</span> <span class='ocrx_word' id='word_1_97' title='bbox 1399 1002 1536 1044; x_wconf 89' lang='lat' dir='ltr'>cuncti</span> 
     </span>
     <span class='ocr_line' id='line_1_17' title="bbox 93 1061 1536 1118; baseline 0 -16"><span class='ocrx_word' id='word_1_98' title='bbox 93 1074 144 1102; x_wconf 90' lang='lat' dir='ltr'>eo</span> <span class='ocrx_word' id='word_1_99' title='bbox 178 1061 316 1103; x_wconf 89' lang='lat' dir='ltr'>animo</span> <span class='ocrx_word' id='word_1_100' title='bbox 357 1066 534 1103; x_wconf 91' lang='lat' dir='ltr'>mortem</span> <span class='ocrx_word' id='word_1_101' title='bbox 568 1063 945 1118; x_wconf 83' lang='lat' dir='ltr'>amplecterentur,</span> <span class='ocrx_word' id='word_1_102' title='bbox 992 1076 1074 1118; x_wconf 89' lang='lat' dir='ltr'>quo</span> <span class='ocrx_word' id='word_1_103' title='bbox 1121 1076 1213 1104; x_wconf 87' lang='lat' dir='ltr'>eam</span> <span class='ocrx_word' id='word_1_104' title='bbox 1256 1062 1320 1102; x_wconf 90' lang='lat' dir='ltr'>uir</span> <span class='ocrx_word' id='word_1_105' title='bbox 1361 1061 1536 1102; x_wconf 83' lang='lat' dir='ltr'>bellicus</span> 
     </span>
     <span class='ocr_line' id='line_1_18' title="bbox 92 1119 1536 1175; baseline 0 -16"><span class='ocrx_word' id='word_1_106' title='bbox 92 1119 359 1173; x_wconf 82' lang='lat' dir='ltr'>amplexatus</span> <span class='ocrx_word' id='word_1_107' title='bbox 392 1124 467 1161; x_wconf 76' lang='lat' dir='ltr'>est.</span> <span class='ocrx_word' id='word_1_108' title='bbox 529 1120 674 1162; x_wconf 87' lang='lat' dir='ltr'>Fuerit</span> <span class='ocrx_word' id='word_1_109' title='bbox 718 1120 789 1162; x_wconf 89' lang='lat' dir='ltr'>ille</span> <span class='ocrx_word' id='word_1_110' title='bbox 820 1120 1060 1173; x_wconf 89' lang='lat' dir='ltr'>insidiosus,</span> <span class='ocrx_word' id='word_1_111' title='bbox 1091 1134 1243 1175; x_wconf 85' lang='lat' dir='ltr'>pacem</span> <span class='ocrx_word' id='word_1_112' title='bbox 1274 1120 1410 1174; x_wconf 90' lang='lat' dir='ltr'>patrie</span> <span class='ocrx_word' id='word_1_113' title='bbox 1445 1133 1536 1160; x_wconf 85' lang='lat' dir='ltr'>cor-</span> 
     </span>
     <span class='ocr_line' id='line_1_19' title="bbox 91 1177 1535 1233; baseline 0.001 -16"><span class='ocrx_word' id='word_1_114' title='bbox 91 1177 264 1231; x_wconf 73' lang='lat' dir='ltr'>ruperit,</span> <span class='ocrx_word' id='word_1_115' title='bbox 298 1178 540 1233; x_wconf 88' lang='lat' dir='ltr'>bellumque</span> <span class='ocrx_word' id='word_1_116' title='bbox 574 1179 735 1220; x_wconf 91' lang='lat' dir='ltr'>ciuibus</span> <span class='ocrx_word' id='word_1_117' title='bbox 758 1179 970 1230; x_wconf 75' lang='lat' dir='ltr'>intulerit3</span> <span class='ocrx_word' id='word_1_118' title='bbox 1002 1178 1239 1220; x_wconf 87' lang='lat' dir='ltr'>fortitudini</span> <span class='ocrx_word' id='word_1_119' title='bbox 1272 1183 1412 1218; x_wconf 85' lang='lat' dir='ltr'>tamen</span> <span class='ocrx_word' id='word_1_120' title='bbox 1446 1177 1535 1219; x_wconf 88' lang='lat' dir='ltr'>eius</span> 
     </span>
     <span class='ocr_line' id='line_1_20' title="bbox 91 1235 1536 1290; baseline 0.001 -15"><span class='ocrx_word' id='word_1_121' title='bbox 91 1235 321 1290; x_wconf 88' lang='lat' dir='ltr'>impunitas</span> <span class='ocrx_word' id='word_1_122' title='bbox 353 1236 406 1278; x_wconf 88' lang='lat' dir='ltr'>ab</span> <span class='ocrx_word' id='word_1_123' title='bbox 438 1237 631 1278; x_wconf 85' lang='lat' dir='ltr'>hostibus</span> <span class='ocrx_word' id='word_1_124' title='bbox 663 1236 860 1278; x_wconf 81' lang='lat' dir='ltr'>donanda</span> <span class='ocrx_word' id='word_1_125' title='bbox 892 1237 1044 1278; x_wconf 85' lang='lat' dir='ltr'>fuerat.</span> <span class='ocrx_word' id='word_1_126' title='bbox 1108 1236 1190 1278; x_wconf 81' lang='lat' dir='ltr'>Sed</span> <span class='ocrx_word' id='word_1_127' title='bbox 1225 1236 1413 1280; x_wconf 87' lang='lat' dir='ltr'>homines</span> <span class='ocrx_word' id='word_1_128' title='bbox 1445 1236 1536 1277; x_wconf 90' lang='lat' dir='ltr'>uin-</span> 
     </span>
     <span class='ocr_line' id='line_1_21' title="bbox 93 1292 1536 1350; baseline 0.001 -17"><span class='ocrx_word' id='word_1_129' title='bbox 93 1292 204 1334; x_wconf 89' lang='lat' dir='ltr'>dicte</span> <span class='ocrx_word' id='word_1_130' title='bbox 237 1294 375 1348; x_wconf 87' lang='lat' dir='ltr'>cupidi</span> <span class='ocrx_word' id='word_1_131' title='bbox 409 1294 501 1350; x_wconf 91' lang='lat' dir='ltr'>plus</span> <span class='ocrx_word' id='word_1_132' title='bbox 535 1309 633 1336; x_wconf 84' lang='lat' dir='ltr'>suas</span> <span class='ocrx_word' id='word_1_133' title='bbox 666 1295 810 1336; x_wconf 88' lang='lat' dir='ltr'>ulcisci</span> <span class='ocrx_word' id='word_1_134' title='bbox 841 1295 1079 1347; x_wconf 76' lang='lat' dir='ltr'>molestias,</span> <span class='ocrx_word' id='word_1_135' title='bbox 1122 1309 1249 1350; x_wconf 89' lang='lat' dir='ltr'>quam</span> <span class='ocrx_word' id='word_1_136' title='bbox 1282 1295 1418 1335; x_wconf 87' lang='lat' dir='ltr'>aliene</span> <span class='ocrx_word' id='word_1_137' title='bbox 1452 1294 1536 1334; x_wconf 85' lang='lat' dir='ltr'>uir-</span> 
     </span>
    </p>
   </div>
   <div class='ocr_carea' id='block_1_6' title="bbox 42 1351 1537 1407">
    <p class='ocr_par' dir='ltr' id='par_1_6' title="bbox 42 1351 1537 1407">
     <span class='ocr_line' id='line_1_22' title="bbox 42 1351 1537 1407; baseline 0.001 -16"><span class='ocrx_word' id='word_1_138' title='bbox 42 1405 44 1407; x_wconf 24' lang='lat'>·</span> <span class='ocrx_word' id='word_1_139' title='bbox 92 1351 195 1393; x_wconf 88' lang='lat' dir='ltr'>tutis</span> <span class='ocrx_word' id='word_1_140' title='bbox 227 1352 407 1407; x_wconf 84' lang='lat' dir='ltr'>insignia</span> <span class='ocrx_word' id='word_1_141' title='bbox 438 1353 633 1395; x_wconf 86' lang='lat' dir='ltr'>uenerari</span> <span class='ocrx_word' id='word_1_142' title='bbox 665 1354 957 1396; x_wconf 85' lang='lat' dir='ltr'>meminerant.</span> <span class='ocrx_word' id='word_1_143' title='bbox 1004 1352 1096 1395; x_wconf 87' lang='lat' dir='ltr'>Nec</span> <span class='ocrx_word' id='word_1_144' title='bbox 1118 1354 1158 1394; x_wconf 86' lang='lat' dir='ltr'>in</span> <span class='ocrx_word' id='word_1_145' title='bbox 1182 1353 1330 1393; x_wconf 91' lang='lat' dir='ltr'>uiuum</span> <span class='ocrx_word' id='word_1_146' title='bbox 1360 1351 1537 1393; x_wconf 87' lang='lat' dir='ltr'>seuiisse</span> 
     </span>
    </p>
   </div>
   <div class='ocr_carea' id='block_1_7' title="bbox 23 1480 60 1507">
    <p class='ocr_par' dir='ltr' id='par_1_7' title="bbox 23 1480 60 1507">
     <span class='ocr_line' id='line_1_23' title="bbox 23 1480 60 1507; baseline -0.027 0"><span class='ocrx_word' id='word_1_147' title='bbox 23 1480 60 1507; x_wconf 81' lang='lat'>20</span> 
     </span>
    </p>
   </div>
   <div class='ocr_carea' id='block_1_8' title="bbox 21 1772 59 1799">
    <p class='ocr_par' dir='ltr' id='par_1_8' title="bbox 21 1772 59 1799">
     <span class='ocr_line' id='line_1_24' title="bbox 21 1772 59 1799; baseline 0.026 -1"><span class='ocrx_word' id='word_1_148' title='bbox 21 1772 59 1799; x_wconf 81' lang='lat'>25</span> 
     </span>
    </p>
   </div>
   <div class='ocr_carea' id='block_1_9' title="bbox 22 2062 59 2090">
    <p class='ocr_par' dir='ltr' id='par_1_9' title="bbox 22 2062 59 2090">
     <span class='ocr_line' id='line_1_25' title="bbox 22 2062 59 2090; baseline 0 0"><span class='ocrx_word' id='word_1_149' title='bbox 22 2062 59 2090; x_wconf 84' lang='lat'>30</span> 
     </span>
    </p>
   </div>
   <div class='ocr_carea' id='block_1_10' title="bbox 9 2351 59 2379">
    <p class='ocr_par' dir='ltr' id='par_1_10' title="bbox 9 2351 59 2379">
     <span class='ocr_line' id='line_1_26' title="bbox 9 2351 59 2379; baseline 0 0"><span class='ocrx_word' id='word_1_150' title='bbox 9 2351 59 2379; x_wconf 32' lang='lat'>*35</span> 
     </span>
    </p>
   </div>
   <div class='ocr_carea' id='block_1_11' title="bbox 23 2641 60 2668">
    <p class='ocr_par' dir='ltr' id='par_1_11' title="bbox 23 2641 60 2668">
     <span class='ocr_line' id='line_1_27' title="bbox 23 2641 60 2668; baseline 0 0"><span class='ocrx_word' id='word_1_151' title='bbox 23 2641 60 2668; x_wconf 83' lang='lat'>40</span> 
     </span>
    </p>
   </div>
   <div class='ocr_carea' id='block_1_12' title="bbox 90 1411 1535 2690">
    <p class='ocr_par' dir='ltr' id='par_1_12' title="bbox 90 1411 1535 2690">
     <span class='ocr_line' id='line_1_28' title="bbox 93 1411 1535 1467; baseline 0 -17"><span class='ocrx_word' id='word_1_152' title='bbox 93 1411 291 1462; x_wconf 88' lang='lat' dir='ltr'>contenti,</span> <span class='ocrx_word' id='word_1_153' title='bbox 323 1415 524 1467; x_wconf 81' lang='lat' dir='ltr'>tanquam</span> <span class='ocrx_word' id='word_1_154' title='bbox 548 1425 696 1466; x_wconf 87' lang='lat' dir='ltr'>parum</span> <span class='ocrx_word' id='word_1_155' title='bbox 722 1412 809 1453; x_wconf 82' lang='lat' dir='ltr'>eius</span> <span class='ocrx_word' id='word_1_156' title='bbox 833 1412 968 1452; x_wconf 82' lang='lat' dir='ltr'>exicio</span> <span class='ocrx_word' id='word_1_157' title='bbox 993 1412 1153 1462; x_wconf 87' lang='lat' dir='ltr'>saciati,</span> <span class='ocrx_word' id='word_1_158' title='bbox 1178 1425 1278 1452; x_wconf 86' lang='lat' dir='ltr'>mox</span> <span class='ocrx_word' id='word_1_159' title='bbox 1302 1411 1535 1451; x_wconf 79' lang='lat' dir='ltr'>extinctum</span> 
     </span>
     <span class='ocr_line' id='line_1_29' title="bbox 90 1468 1533 1524; baseline 0 -16"><span class='ocrx_word' id='word_1_160' title='bbox 90 1468 283 1523; x_wconf 91' lang='lat' dir='ltr'>patibulo</span> <span class='ocrx_word' id='word_1_161' title='bbox 317 1471 596 1522; x_wconf 81' lang='lat' dir='ltr'>suffixerunt,</span> <span class='ocrx_word' id='word_1_162' title='bbox 642 1470 792 1523; x_wconf 84' lang='lat' dir='ltr'>eadem</span> <span class='ocrx_word' id='word_1_163' title='bbox 826 1470 1078 1512; x_wconf 87' lang='lat' dir='ltr'>crudelitate</span> <span class='ocrx_word' id='word_1_164' title='bbox 1110 1469 1244 1511; x_wconf 86' lang='lat' dir='ltr'>fatum</span> <span class='ocrx_word' id='word_1_165' title='bbox 1275 1473 1533 1524; x_wconf 85' lang='lat' dir='ltr'>prementes,</span> 
     </span>
     <span class='ocr_line' id='line_1_30' title="bbox 92 1527 1534 1583; baseline 0.001 -17"><span class='ocrx_word' id='word_1_166' title='bbox 92 1539 174 1580; x_wconf 91' lang='lat' dir='ltr'>qua</span> <span class='ocrx_word' id='word_1_167' title='bbox 207 1528 399 1582; x_wconf 84' lang='lat' dir='ltr'>spiritum</span> <span class='ocrx_word' id='word_1_168' title='bbox 432 1533 656 1581; x_wconf 86' lang='lat' dir='ltr'>torserant,</span> <span class='ocrx_word' id='word_1_169' title='bbox 689 1528 876 1583; x_wconf 89' lang='lat' dir='ltr'>nihilque</span> <span class='ocrx_word' id='word_1_170' title='bbox 907 1542 932 1569; x_wconf 88' lang='lat' dir='ltr'>a</span> <span class='ocrx_word' id='word_1_171' title='bbox 962 1544 1007 1570; x_wconf 74' lang='lat' dir='ltr'>so</span> <span class='ocrx_word' id='word_1_172' title='bbox 1050 1532 1189 1569; x_wconf 87' lang='lat' dir='ltr'>actum</span> <span class='ocrx_word' id='word_1_173' title='bbox 1230 1527 1534 1579; x_wconf 82' lang='lat' dir='ltr'>existimantes,</span> 
     </span>
     <span class='ocr_line' id='line_1_31' title="bbox 92 1585 1534 1630; baseline 0.001 -6"><span class='ocrx_word' id='word_1_174' title='bbox 92 1585 127 1625; x_wconf 88' lang='lat' dir='ltr'>si</span> <span class='ocrx_word' id='word_1_175' title='bbox 158 1585 359 1626; x_wconf 88' lang='lat' dir='ltr'>seuiciam</span> <span class='ocrx_word' id='word_1_176' title='bbox 391 1597 508 1630; x_wconf 79' lang='lat' dir='ltr'>suam·</span> <span class='ocrx_word' id='word_1_177' title='bbox 542 1587 691 1628; x_wconf 91' lang='lat' dir='ltr'>saltem</span> <span class='ocrx_word' id='word_1_178' title='bbox 725 1587 968 1628; x_wconf 88' lang='lat' dir='ltr'>abumbris</span> <span class='ocrx_word' id='word_1_179' title='bbox 1001 1592 1042 1628; x_wconf 91' lang='lat' dir='ltr'>et</span> <span class='ocrx_word' id='word_1_180' title='bbox 1066 1585 1278 1627; x_wconf 85' lang='lat' dir='ltr'>cineribus</span> <span class='ocrx_word' id='word_1_181' title='bbox 1310 1585 1534 1626; x_wconf 87' lang='lat' dir='ltr'>continuis-</span> 
     </span>
     <span class='ocr_line' id='line_1_32' title="bbox 91 1642 1535 1701; baseline -0.001 -18"><span class='ocrx_word' id='word_1_182' title='bbox 91 1647 199 1684; x_wconf 88' lang='lat' dir='ltr'>sent.</span> <span class='ocrx_word' id='word_1_183' title='bbox 260 1642 318 1683; x_wconf 80' lang='lat' dir='ltr'>At</span> <span class='ocrx_word' id='word_1_184' title='bbox 351 1643 529 1699; x_wconf 85' lang='lat' dir='ltr'>Magnus</span> <span class='ocrx_word' id='word_1_185' title='bbox 561 1644 711 1686; x_wconf 88' lang='lat' dir='ltr'>eodem</span> <span class='ocrx_word' id='word_1_186' title='bbox 742 1645 891 1701; x_wconf 83' lang='lat' dir='ltr'>prelio,</span> <span class='ocrx_word' id='word_1_187' title='bbox 924 1644 1035 1699; x_wconf 92' lang='lat' dir='ltr'>quod</span> <span class='ocrx_word' id='word_1_188' title='bbox 1069 1659 1092 1685; x_wconf 88' lang='lat' dir='ltr'>a</span> <span class='ocrx_word' id='word_1_189' title='bbox 1123 1643 1302 1685; x_wconf 80' lang='lat' dir='ltr'>Siuardo</span> <span class='ocrx_word' id='word_1_190' title='bbox 1335 1643 1413 1684; x_wconf 90' lang='lat' dir='ltr'>sub</span> <span class='ocrx_word' id='word_1_191' title='bbox 1446 1642 1535 1683; x_wconf 90' lang='lat' dir='ltr'>eius</span> 
     </span>
     <span class='ocr_line' id='line_1_33' title="bbox 92 1700 1535 1758; baseline -0.001 -17"><span class='ocrx_word' id='word_1_192' title='bbox 92 1701 288 1754; x_wconf 86' lang='lat' dir='ltr'>auspiciis</span> <span class='ocrx_word' id='word_1_193' title='bbox 335 1707 505 1755; x_wconf 86' lang='lat' dir='ltr'>gestum</span> <span class='ocrx_word' id='word_1_194' title='bbox 550 1702 714 1754; x_wconf 83' lang='lat' dir='ltr'>fuerat,</span> <span class='ocrx_word' id='word_1_195' title='bbox 763 1703 1024 1758; x_wconf 84' lang='lat' dir='ltr'>periclitatus</span> <span class='ocrx_word' id='word_1_196' title='bbox 1076 1707 1153 1743; x_wconf 91' lang='lat' dir='ltr'>est.</span> <span class='ocrx_word' id='word_1_197' title='bbox 1231 1701 1368 1749; x_wconf 82' lang='lat' dir='ltr'>Quem</span> <span class='ocrx_word' id='word_1_198' title='bbox 1420 1700 1535 1755; x_wconf 87' lang='lat' dir='ltr'>prius</span> 
     </span>
     <span class='ocr_line' id='line_1_34' title="bbox 92 1758 1533 1816; baseline -0.001 -17"><span class='ocrx_word' id='word_1_199' title='bbox 92 1758 237 1807; x_wconf 88' lang='lat' dir='ltr'>oculis,</span> <span class='ocrx_word' id='word_1_200' title='bbox 270 1759 423 1801; x_wconf 87' lang='lat' dir='ltr'>deinde</span> <span class='ocrx_word' id='word_1_201' title='bbox 444 1761 532 1801; x_wconf 86' lang='lat' dir='ltr'>uita</span> <span class='ocrx_word' id='word_1_202' title='bbox 555 1761 779 1816; x_wconf 87' lang='lat' dir='ltr'>priuatum.</span> <span class='ocrx_word' id='word_1_203' title='bbox 805 1761 866 1802; x_wconf 88' lang='lat' dir='ltr'>bis</span> <span class='ocrx_word' id='word_1_204' title='bbox 888 1761 981 1803; x_wconf 90' lang='lat' dir='ltr'>luce</span> <span class='ocrx_word' id='word_1_205' title='bbox 1004 1760 1247 1802; x_wconf 87' lang='lat' dir='ltr'>defunctum</span> <span class='ocrx_word' id='word_1_206' title='bbox 1275 1758 1533 1800; x_wconf 86' lang='lat' dir='ltr'>crediderim.</span> 
     </span>
     <span class='ocr_line' id='line_1_35' title="bbox 91 1816 1533 1873; baseline 0 -16"><span class='ocrx_word' id='word_1_207' title='bbox 91 1817 196 1858; x_wconf 88' lang='lat' dir='ltr'>Post</span> <span class='ocrx_word' id='word_1_208' title='bbox 227 1817 304 1858; x_wconf 87' lang='lat' dir='ltr'>hec</span> <span class='ocrx_word' id='word_1_209' title='bbox 333 1832 498 1860; x_wconf 84' lang='lat' dir='ltr'>summa</span> <span class='ocrx_word' id='word_1_210' title='bbox 530 1833 659 1873; x_wconf 89' lang='lat' dir='ltr'>penes</span> <span class='ocrx_word' id='word_1_211' title='bbox 691 1819 868 1860; x_wconf 86' lang='lat' dir='ltr'>Haraldi</span> <span class='ocrx_word' id='word_1_212' title='bbox 902 1820 1009 1860; x_wconf 90' lang='lat' dir='ltr'>filios</span> <span class='ocrx_word' id='word_1_213' title='bbox 1042 1818 1134 1861; x_wconf 87' lang='lat' dir='ltr'>fuit.</span> <span class='ocrx_word' id='word_1_214' title='bbox 1183 1817 1217 1858; x_wconf 82' lang='lat' dir='ltr'>E</span> <span class='ocrx_word' id='word_1_215' title='bbox 1250 1816 1402 1872; x_wconf 91' lang='lat' dir='ltr'>quibus</span> <span class='ocrx_word' id='word_1_216' title='bbox 1426 1816 1533 1870; x_wconf 85' lang='lat' dir='ltr'>Ingo</span> 
     </span>
     <span class='ocr_line' id='line_1_36' title="bbox 92 1874 1535 1931; baseline -0.001 -15"><span class='ocrx_word' id='word_1_217' title='bbox 92 1874 303 1916; x_wconf 80' lang='lat' dir='ltr'>duntaxat</span> <span class='ocrx_word' id='word_1_218' title='bbox 343 1876 459 1917; x_wconf 86' lang='lat' dir='ltr'>iusto</span> <span class='ocrx_word' id='word_1_219' title='bbox 499 1878 769 1919; x_wconf 89' lang='lat' dir='ltr'>matrimonio</span> <span class='ocrx_word' id='word_1_220' title='bbox 803 1882 917 1919; x_wconf 91' lang='lat' dir='ltr'>ortus</span> <span class='ocrx_word' id='word_1_221' title='bbox 958 1876 1181 1928; x_wconf 83' lang='lat' dir='ltr'>fratribus,</span> <span class='ocrx_word' id='word_1_222' title='bbox 1214 1889 1393 1931; x_wconf 90' lang='lat' dir='ltr'>quorum</span> <span class='ocrx_word' id='word_1_223' title='bbox 1425 1875 1535 1915; x_wconf 86' lang='lat' dir='ltr'>alter</span> 
     </span>
     <span class='ocr_line' id='line_1_37' title="bbox 91 1932 1534 1991; baseline 0 -18"><span class='ocrx_word' id='word_1_224' title='bbox 91 1932 354 1987; x_wconf 83' lang='lat' dir='ltr'>Noruagica,</span> <span class='ocrx_word' id='word_1_225' title='bbox 397 1935 502 1976; x_wconf 89' lang='lat' dir='ltr'>alter</span> <span class='ocrx_word' id='word_1_226' title='bbox 535 1935 804 1976; x_wconf 89' lang='lat' dir='ltr'>Hibernicnsi</span> <span class='ocrx_word' id='word_1_227' title='bbox 836 1936 985 1991; x_wconf 88' lang='lat' dir='ltr'>pellice</span> <span class='ocrx_word' id='word_1_228' title='bbox 1029 1935 1166 1975; x_wconf 89' lang='lat' dir='ltr'>editus</span> <span class='ocrx_word' id='word_1_229' title='bbox 1197 1934 1358 1984; x_wconf 88' lang='lat' dir='ltr'>fuerat,</span> <span class='ocrx_word' id='word_1_230' title='bbox 1398 1936 1443 1973; x_wconf 94' lang='lat' dir='ltr'>ut</span> <span class='ocrx_word' id='word_1_231' title='bbox 1472 1932 1534 1973; x_wconf 94' lang='lat' dir='ltr'>in-</span> 
     </span>
     <span class='ocr_line' id='line_1_38' title="bbox 90 1990 1532 2049; baseline -0.001 -16"><span class='ocrx_word' id='word_1_232' title='bbox 90 1992 335 2045; x_wconf 84' lang='lat' dir='ltr'>genuitatis,</span> <span class='ocrx_word' id='word_1_233' title='bbox 367 1992 425 2032; x_wconf 89' lang='lat' dir='ltr'>ita</span> <span class='ocrx_word' id='word_1_234' title='bbox 457 2000 498 2034; x_wconf 90' lang='lat' dir='ltr'>et</span> <span class='ocrx_word' id='word_1_235' title='bbox 530 2003 699 2035; x_wconf 86' lang='lat' dir='ltr'>morum&#39;</span> <span class='ocrx_word' id='word_1_236' title='bbox 724 1994 982 2035; x_wconf 86' lang='lat' dir='ltr'>ornamentis</span> <span class='ocrx_word' id='word_1_237' title='bbox 1013 1993 1242 2049; x_wconf 83' lang='lat' dir='ltr'>prestabat.</span> <span class='ocrx_word' id='word_1_238' title='bbox 1290 1990 1394 2031; x_wconf 89' lang='lat' dir='ltr'>Erat</span> <span class='ocrx_word' id='word_1_239' title='bbox 1425 1990 1532 2032; x_wconf 90' lang='lat' dir='ltr'>enim</span> 
     </span>
     <span class='ocr_line' id='line_1_39' title="bbox 91 2049 1535 2101; baseline 0 -12"><span class='ocrx_word' id='word_1_240' title='bbox 91 2049 285 2090; x_wconf 89' lang='lat' dir='ltr'>omnibus</span> <span class='ocrx_word' id='word_1_241' title='bbox 324 2050 560 2092; x_wconf 86' lang='lat' dir='ltr'>honestatis</span> <span class='ocrx_word' id='word_1_242' title='bbox 600 2052 787 2094; x_wconf 89' lang='lat' dir='ltr'>numeris</span> <span class='ocrx_word' id='word_1_243' title='bbox 831 2052 1202 2101; x_wconf 81' lang='lat' dir='ltr'>instructissimus,</span> <span class='ocrx_word' id='word_1_244' title='bbox 1246 2063 1340 2091; x_wconf 93' lang='lat' dir='ltr'>cum</span> <span class='ocrx_word' id='word_1_245' title='bbox 1387 2062 1535 2091; x_wconf 88' lang='lat' dir='ltr'>eorum</span> 
     </span>
     <span class='ocr_line' id='line_1_40' title="bbox 91 2106 1533 2165; baseline 0 -18"><span class='ocrx_word' id='word_1_246' title='bbox 91 2107 198 2148; x_wconf 83' lang='lat' dir='ltr'>alter</span> <span class='ocrx_word' id='word_1_247' title='bbox 239 2108 423 2149; x_wconf 86' lang='lat' dir='ltr'>auaricie</span> <span class='ocrx_word' id='word_1_248' title='bbox 471 2110 646 2151; x_wconf 80' lang='lat' dir='ltr'>maculis</span> <span class='ocrx_word' id='word_1_249' title='bbox 689 2124 930 2165; x_wconf 88' lang='lat' dir='ltr'>respersus,</span> <span class='ocrx_word' id='word_1_250' title='bbox 975 2110 1080 2151; x_wconf 84' lang='lat' dir='ltr'>alter</span> <span class='ocrx_word' id='word_1_251' title='bbox 1126 2107 1292 2150; x_wconf 81' lang='lat' dir='ltr'>luxurie</span> <span class='ocrx_word' id='word_1_252' title='bbox 1338 2106 1533 2148; x_wconf 84' lang='lat' dir='ltr'>sordibus</span> 
     </span>
     <span class='ocr_line' id='line_1_41' title="bbox 92 2165 1533 2222; baseline 0.003 -16"><span class='ocrx_word' id='word_1_253' title='bbox 92 2165 254 2206; x_wconf 88' lang='lat' dir='ltr'>obsitus</span> <span class='ocrx_word' id='word_1_254' title='bbox 287 2166 527 2211; x_wconf 84' lang='lat' dir='ltr'>haberetur.</span> <span class='ocrx_word' id='word_1_255' title='bbox 590 2167 672 2209; x_wconf 82' lang='lat' dir='ltr'>Sed</span> <span class='ocrx_word' id='word_1_256' title='bbox 697 2168 877 2210; x_wconf 88' lang='lat' dir='ltr'>infancie</span> <span class='ocrx_word' id='word_1_257' title='bbox 901 2182 976 2210; x_wconf 92' lang='lat' dir='ltr'>sue</span> <span class='ocrx_word' id='word_1_258' title='bbox 1000 2173 1194 2222; x_wconf 84' lang='lat' dir='ltr'>tempore</span> <span class='ocrx_word' id='word_1_259' title='bbox 1224 2179 1300 2221; x_wconf 85' lang='lat' dir='ltr'>per</span> <span class='ocrx_word' id='word_1_260' title='bbox 1330 2165 1533 2206; x_wconf 70' lang='lat' dir='ltr'>incuriam</span> 
     </span>
     <span class='ocr_line' id='line_1_42' title="bbox 91 2223 1533 2281; baseline -0.001 -17"><span class='ocrx_word' id='word_1_261' title='bbox 91 2223 266 2264; x_wconf 87' lang='lat' dir='ltr'>nutricis</span> <span class='ocrx_word' id='word_1_262' title='bbox 300 2223 410 2266; x_wconf 91' lang='lat' dir='ltr'>forte</span> <span class='ocrx_word' id='word_1_263' title='bbox 443 2225 533 2266; x_wconf 89' lang='lat' dir='ltr'>sinu</span> <span class='ocrx_word' id='word_1_264' title='bbox 569 2225 776 2281; x_wconf 82' lang='lat' dir='ltr'>delapsus,</span> <span class='ocrx_word' id='word_1_265' title='bbox 806 2226 864 2267; x_wconf 87' lang='lat' dir='ltr'>ita</span> <span class='ocrx_word' id='word_1_266' title='bbox 885 2226 1015 2267; x_wconf 86' lang='lat' dir='ltr'>humo</span> <span class='ocrx_word' id='word_1_267' title='bbox 1038 2225 1222 2266; x_wconf 88' lang='lat' dir='ltr'>inflictus</span> <span class='ocrx_word' id='word_1_268' title='bbox 1245 2226 1321 2274; x_wconf 89' lang='lat' dir='ltr'>est,</span> <span class='ocrx_word' id='word_1_269' title='bbox 1353 2226 1410 2275; x_wconf 89' lang='lat' dir='ltr'>ut,</span> <span class='ocrx_word' id='word_1_270' title='bbox 1435 2235 1533 2263; x_wconf 91' lang='lat' dir='ltr'>con-</span> 
     </span>
     <span class='ocr_line' id='line_1_43' title="bbox 91 2279 1531 2339; baseline -0.001 -17"><span class='ocrx_word' id='word_1_271' title='bbox 91 2279 221 2323; x_wconf 86' lang='lat' dir='ltr'>fracto</span> <span class='ocrx_word' id='word_1_272' title='bbox 243 2281 384 2326; x_wconf 80' lang='lat' dir='ltr'>dorso.</span> <span class='ocrx_word' id='word_1_273' title='bbox 406 2283 628 2338; x_wconf 68' lang='lat' dir='ltr'>relilquum</span> <span class='ocrx_word' id='word_1_274' title='bbox 650 2285 738 2325; x_wconf 89' lang='lat' dir='ltr'>uite</span> <span class='ocrx_word' id='word_1_275' title='bbox 759 2288 926 2339; x_wconf 90' lang='lat' dir='ltr'>tempus</span> <span class='ocrx_word' id='word_1_276' title='bbox 948 2284 1075 2338; x_wconf 84' lang='lat' dir='ltr'>gibbo</span> <span class='ocrx_word' id='word_1_277' title='bbox 1108 2286 1305 2323; x_wconf 90' lang='lat' dir='ltr'>oneratus</span> <span class='ocrx_word' id='word_1_278' title='bbox 1329 2281 1531 2335; x_wconf 85' lang='lat' dir='ltr'>exigeret.</span> 
     </span>
     <span class='ocr_line' id='line_1_44' title="bbox 91 2337 1533 2394; baseline -0.001 -15"><span class='ocrx_word' id='word_1_279' title='bbox 91 2337 141 2380; x_wconf 90' lang='lat' dir='ltr'>In</span> <span class='ocrx_word' id='word_1_280' title='bbox 175 2353 259 2394; x_wconf 91' lang='lat' dir='ltr'>quo</span> <span class='ocrx_word' id='word_1_281' title='bbox 293 2339 464 2394; x_wconf 91' lang='lat' dir='ltr'>quidem</span> <span class='ocrx_word' id='word_1_282' title='bbox 500 2343 669 2383; x_wconf 88' lang='lat' dir='ltr'>homine</span> <span class='ocrx_word' id='word_1_283' title='bbox 702 2343 951 2384; x_wconf 83' lang='lat' dir='ltr'>excellentis</span> <span class='ocrx_word' id='word_1_284' title='bbox 983 2341 1111 2382; x_wconf 90' lang='lat' dir='ltr'>animi</span> <span class='ocrx_word' id='word_1_285' title='bbox 1144 2343 1411 2381; x_wconf 89' lang='lat' dir='ltr'>uenustatem</span> <span class='ocrx_word' id='word_1_286' title='bbox 1444 2351 1533 2379; x_wconf 89' lang='lat' dir='ltr'>cor-</span> 
     </span>
     <span class='ocr_line' id='line_1_45' title="bbox 91 2397 1533 2453; baseline -0.001 -15"><span class='ocrx_word' id='word_1_287' title='bbox 91 2398 205 2450; x_wconf 85' lang='lat' dir='ltr'>poris</span> <span class='ocrx_word' id='word_1_288' title='bbox 239 2397 507 2440; x_wconf 80' lang='lat' dir='ltr'>deformitate</span> <span class='ocrx_word' id='word_1_289' title='bbox 540 2399 677 2440; x_wconf 79' lang='lat' dir='ltr'>affecti</span> <span class='ocrx_word' id='word_1_290' title='bbox 719 2399 901 2441; x_wconf 88' lang='lat' dir='ltr'>ludibrio</span> <span class='ocrx_word' id='word_1_291' title='bbox 944 2400 1134 2442; x_wconf 83' lang='lat' dir='ltr'>sedatam</span> <span class='ocrx_word' id='word_1_292' title='bbox 1165 2402 1361 2453; x_wconf 85' lang='lat' dir='ltr'>putares,</span> <span class='ocrx_word' id='word_1_293' title='bbox 1393 2409 1533 2451; x_wconf 90' lang='lat' dir='ltr'>neque</span> 
     </span>
     <span class='ocr_line' id='line_1_46' title="bbox 91 2453 1535 2511; baseline 0 -17"><span class='ocrx_word' id='word_1_294' title='bbox 91 2453 328 2496; x_wconf 86' lang='lat' dir='ltr'>discernere</span> <span class='ocrx_word' id='word_1_295' title='bbox 360 2470 511 2511; x_wconf 89' lang='lat' dir='ltr'>queas,</span> <span class='ocrx_word' id='word_1_296' title='bbox 555 2458 688 2498; x_wconf 90' lang='lat' dir='ltr'>maius</span> <span class='ocrx_word' id='word_1_297' title='bbox 719 2457 887 2499; x_wconf 89' lang='lat' dir='ltr'>fortune</span> <span class='ocrx_word' id='word_1_298' title='bbox 919 2457 1168 2499; x_wconf 89' lang='lat' dir='ltr'>beneficium</span> <span class='ocrx_word' id='word_1_299' title='bbox 1206 2454 1437 2509; x_wconf 89' lang='lat' dir='ltr'>receperit,</span> <span class='ocrx_word' id='word_1_300' title='bbox 1482 2467 1535 2495; x_wconf 92' lang='lat' dir='ltr'>an</span> 
     </span>
     <span class='ocr_line' id='line_1_47' title="bbox 92 2511 1535 2570; baseline 0 -18"><span class='ocrx_word' id='word_1_301' title='bbox 92 2513 366 2567; x_wconf 86' lang='lat' dir='ltr'>opprobrium</span> <span class='ocrx_word' id='word_1_302' title='bbox 407 2515 596 2556; x_wconf 90' lang='lat' dir='ltr'>senserit.</span> <span class='ocrx_word' id='word_1_303' title='bbox 669 2514 857 2570; x_wconf 82' lang='lat' dir='ltr'>Contigit</span> <span class='ocrx_word' id='word_1_304' title='bbox 894 2521 1058 2565; x_wconf 85' lang='lat' dir='ltr'>autem,</span> <span class='ocrx_word' id='word_1_305' title='bbox 1104 2519 1151 2555; x_wconf 86' lang='lat' dir='ltr'>ut</span> <span class='ocrx_word' id='word_1_306' title='bbox 1197 2513 1286 2554; x_wconf 89' lang='lat' dir='ltr'>eius</span> <span class='ocrx_word' id='word_1_307' title='bbox 1332 2511 1535 2553; x_wconf 85' lang='lat' dir='ltr'>satellites</span> 
     </span>
     <span class='ocr_line' id='line_1_48' title="bbox 91 2569 1535 2628; baseline 0.001 -18"><span class='ocrx_word' id='word_1_308' title='bbox 91 2570 201 2622; x_wconf 87' lang='lat' dir='ltr'>apud</span> <span class='ocrx_word' id='word_1_309' title='bbox 248 2571 476 2625; x_wconf 89' lang='lat' dir='ltr'>Berginum</span> <span class='ocrx_word' id='word_1_310' title='bbox 521 2573 746 2627; x_wconf 89' lang='lat' dir='ltr'>oppidum,</span> <span class='ocrx_word' id='word_1_311' title='bbox 790 2574 928 2628; x_wconf 85' lang='lat' dir='ltr'>iurgio</span> <span class='ocrx_word' id='word_1_312' title='bbox 975 2587 1073 2614; x_wconf 90' lang='lat' dir='ltr'>cum</span> <span class='ocrx_word' id='word_1_313' title='bbox 1121 2570 1287 2612; x_wconf 79' lang='lat' dir='ltr'>Sinardi</span> <span class='ocrx_word' id='word_1_314' title='bbox 1333 2569 1535 2611; x_wconf 87' lang='lat' dir='ltr'>militibus</span> 
     </span>
     <span class='ocr_line' id='line_1_49' title="bbox 91 2626 1535 2690; baseline 0 -22"><span class='ocrx_word' id='word_1_315' title='bbox 91 2626 251 2683; x_wconf 82' lang='lat' dir='ltr'>habito,</span> <span class='ocrx_word' id='word_1_316' title='bbox 285 2629 385 2671; x_wconf 88' lang='lat' dir='ltr'>dum</span> <span class='ocrx_word' id='word_1_317' title='bbox 416 2629 517 2671; x_wconf 90' lang='lat' dir='ltr'>socii</span> <span class='ocrx_word' id='word_1_318' title='bbox 547 2631 601 2672; x_wconf 88' lang='lat' dir='ltr'>ab</span> <span class='ocrx_word' id='word_1_319' title='bbox 633 2631 691 2672; x_wconf 89' lang='lat' dir='ltr'>eis</span> <span class='ocrx_word' id='word_1_320' title='bbox 723 2631 849 2674; x_wconf 88' lang='lat' dir='ltr'>occisi</span> <span class='ocrx_word' id='word_1_321' title='bbox 887 2645 1020 2690; x_wconf 86' lang='lat' dir='ltr'>penas</span> <span class='ocrx_word' id='word_1_322' title='bbox 1050 2629 1282 2674; x_wconf 86' lang='lat' dir='ltr'>instancius</span> <span class='ocrx_word' id='word_1_323' title='bbox 1313 2631 1535 2685; x_wconf 85' lang='lat' dir='ltr'>expetunt,</span> 
     </span>
    </p>
   </div>
   <div class='ocr_carea' id='block_1_13' title="bbox 1595 891 1689 926">
    <p class='ocr_par' dir='ltr' id='par_1_13' title="bbox 1595 891 1689 926">
     <span class='ocr_line' id='line_1_50' title="bbox 1595 891 1689 926; baseline -0.011 -8"><span class='ocrx_word' id='word_1_324' title='bbox 1595 901 1620 926; x_wconf 85' lang='lat' dir='ltr'>p.</span> <span class='ocrx_word' id='word_1_325' title='bbox 1639 891 1689 918; x_wconf 73' lang='lat'>789</span> 
     </span>
    </p>
   </div>
   <div class='ocr_carea' id='block_1_14' title="bbox 1589 2282 1688 2315">
    <p class='ocr_par' dir='ltr' id='par_1_14' title="bbox 1589 2282 1688 2315">
     <span class='ocr_line' id='line_1_51' title="bbox 1589 2282 1688 2315; baseline 0 -6"><span class='ocrx_word' id='word_1_326' title='bbox 1589 2291 1615 2315; x_wconf 81' lang='grc' dir='ltr'>ρ.</span> <span class='ocrx_word' id='word_1_327' title='bbox 1637 2282 1688 2309; x_wconf 73' lang='grc' dir='ltr'>ἳ90</span> 
     </span>
    </p>
   </div>
  </div>
 </body>
</html>
