1884 3126
345 241 400 284 50
931 267 983 273 —-
1044 242 1091 286 II
1151 269 1205 276 —

346 367 477 411 Cuius
510 368 645 411 aciem
677 369 887 424 speculati
919 367 1075 425 Scotti,
1117 385 1211 413 cum
1247 370 1326 413 sibi
1364 369 1477 413 leuia
1510 374 1675 413 tantum
1703 371 1790 427 pila

345 431 586 482 suppetere,
620 425 768 469 Danos
792 441 896 470 uero
920 429 1196 483 prestanciori
1222 433 1434 470 armature
1465 443 1620 484 genere
1653 429 1789 471 cultos

345 486 651 540 conspicerent,
685 499 872 541 pugnam
903 485 1005 542 fuga
1035 487 1304 542 preueniunt.
1357 486 1475 535 Quos
1506 487 1667 530 Frotho
1699 487 1790 528 Bri-

323 544 512 601 tannice
547 542 761 585 effusionis
794 548 910 586 metu
941 544 1154 587 modicum
1184 546 1414 598 insecutus,
1449 545 1618 588 Vluilde
1653 545 1789 587 uirum

296 613 313 641 5
343 601 535 643 Scottum
580 614 674 642 cum
717 601 880 656 ingenti
923 603 1113 645 exercitu
1160 603 1333 645 obuium
1377 603 1555 658 recepit,
1601 617 1724 660 quem
1765 618 1787 645 e

345 658 636 701 remotissimis
677 659 837 701 Scottie
878 659 1031 702 finibus
1074 661 1218 702 auxilii
1251 661 1381 703 Danis
1426 660 1592 703 ferendi
1634 661 1787 717 cupido

345 717 620 773 perduxerat.
672 717 756 759 Per
786 718 899 759 hunc
921 718 1163 761 Scottorum
1195 719 1474 761 insectacione
1506 720 1664 774 relicta,
1699 734 1788 761 cui·-

346 789 436 816 sum
468 776 511 816 in
541 775 803 816 Britanniam
835 777 1052 819 reflectere
1082 777 1240 831 iussus,
1272 777 1472 833 predam,
1514 791 1639 833 quam
1670 777 1789 820 uafre

344 834 570 886 reiecerat,
602 834 754 876 acriter
785 835 1067 890 recuperauit.
1127 835 1264 891 Igitur
1307 849 1388 891 quo
1434 837 1608 891 equiore
1650 835 1788 877 animo

278 904 311 930 10
342 905 443 946 opes
485 891 698 944 deseruit,
738 892 819 933 hoc
858 892 1020 934 facilius
1061 893 1234 949 recepit.
1295 893 1486 935 Penituit
1516 898 1617 935 tunc
1650 894 1788 936 oneris

341 949 589 1002 Britannos,
629 949 634 1001 Ι
674 950 880 1004 sanguine
920 965 1051 1006 penas
1094 951 1278 994 auaricie
1322 951 1483 993 dantes.
1545 951 1691 1007 Piguit
1728 953 1788 993 in-
1816 966 1884 999 pst!

344 1008 516 1063 expleta
547 1007 742 1050 auiditati
783 1008 953 1050 brachia
983 1010 1239 1064 porrexisse.
1300 1009 1460 1051 Puduit
1497 1010 1632 1051 minus
1665 1010 1784 1065 regie

344 1065 709 1120 exhortacioni[s],
742 1080 869 1121 quam
899 1068 1067 1122 proprie
1098 1067 1321 1109 indulsisse
1353 1067 1585 1122 cupiditati.

483 1124 587 1165 Post
625 1124 703 1166 hec
741 1125 1063 1167 celeberrimum
1103 1125 1240 1167 insule
1286 1125 1486 1182 oppidum
1518 1125 1786 1167 Lundoniam

279 1194 310 1221 15
342 1182 461 1238 petit.
525 1182 655 1224 Cuius
687 1196 901 1224 murorum
933 1183 1131 1226 firmitate
1167 1183 1499 1239 expugnacionis
1541 1183 1786 1225 facultatem

342 1243 539 1295 negante,
562 1240 708 1282 mortis
731 1241 1006 1283 simulacione
1029 1241 1156 1294 facta,
1177 1242 1287 1283 uires
1309 1242 1364 1283 ab
1385 1241 1546 1283 astucia
1567 1246 1784 1283 mutuatus

342 1302 418 1341 est.
464 1297 681 1353 Siquidem
704 1297 921 1354 prefectus
943 1299 1166 1342 Lundonie
1189 1298 1495 1351 Dalemannus,
1519 1313 1612 1341 cum
1634 1299 1786 1341 falsum

342 1356 395 1398 de
428 1358 517 1398 eius
552 1357 671 1398 obitu
702 1358 904 1399 nuncium
936 1357 1195 1413 accepisset,
1236 1359 1415 1413 receptis
1446 1358 1487 1398 in
1522 1357 1784 1399 dedicionem

341 1414 495 1467 Danis,
536 1414 685 1456 ducem
729 1430 783 1457 ex
822 1415 1027 1470 indigenis
1069 1415 1206 1458 offert.
1268 1415 1405 1463 Quem
1448 1420 1495 1457 ut
1538 1429 1592 1457 ex
1629 1429 1783 1470 magno

270 1484 307 1511 ‘20
342 1487 495 1514 aceruo
517 1473 720 1527 legerent,
742 1473 942 1528 oppidum
963 1473 1118 1515 intrare
1140 1473 1341 1529 permisit.
1373 1473 1536 1522 Quibus
1561 1473 1783 1515 eleccionis

340 1530 606 1585 diligenciam
653 1531 970 1585 simulantibus,
1013 1532 1225 1574 nocturnis
1270 1531 1431 1573 insidiis
1473 1531 1783 1574 circumuentus

341 1589 605 1645 opprimitur.

477 1646 557 1688 His
577 1646 720 1701 gestis,
752 1660 895 1702 regem
926 1647 1170 1702 in'patriam
1192 1661 1432 1703 regressum
1458 1646 1586 1689 Scato
1614 1646 1782 1703 quidam

340 1704 534 1747 conuiuio
557 1706 728 1760 excipit,
761 1705 921 1747 bellicis
953 1706 1042 1746 eius
1063 1705 1279 1747 laboribus
1304 1705 1535 1760 uoluptatis
1563 1705 1781 1747 licenciam

270 1774 308 1802 25
338 1763 642 1819 permixturus.
704 1762 832 1817 Apud
868 1778 992 1818 quem
1024 1763 1181 1805 Frotho
1215 1763 1314 1804 dum
1346 1764 1462 1819 regio
1494 1776 1611 1804 more
1643 1763 1783 1804 stratis

338 1836 442 1862 auro
474 1820 767 1876 puluinaribus
800 1822 1035 1875 accubaret,
1068 1835 1145 1876 per
1177 1820 1456 1876 Hundingum
1489 1821 1699 1876 quendam
1728 1819 1781 1861 ad

339 1878 619 1921 dimicandum
651 1883 925 1934 prouocatus,
958 1893 1197 1934 quanquam
1225 1878 1570 1933 conuiu[i]alibus
1598 1884 1780 1921 mentem

337 1937 502 1991 gaudiis
534 1936 830 1992 impendisset,
873 1938 968 1992 plus
1001 1951 1144 1992 pugne
1175 1938 1491 1992 propinquitate
1524 1951 1649 1992 quam
1682 1950 1782 1992 epu-

337 1995 473 2036 larum
504 1995 723 2049 presencia
755 1995 1003 2048 delectatus,
1036 1994 1177 2036 duello
1202 2008 1360 2046 cenam,
1393 1995 1570 2037 uictoria
1597 1995 1782 2036 duellum

270 2065 307 2092 30
337 2053 535 2095 absoluit.
598 2052 647 2094 In
680 2067 761 2109 quo
795 2053 922 2095 dubie
953 2053 1100 2094 salutis
1142 2052 1318 2095 uulnere
1355 2057 1575 2108 suscepto,
1616 2066 1780 2094 rursum

339 2110 527 2166 Haquini
559 2110 715 2165 pugilis
747 2110 1046 2153 adhortacione
1077 2110 1339 2166 perstrictus,
1376 2111 1647 2167 prouocantis
1678 2124 1780 2152 nece

339 2169 547 2211 ulcionem
595 2169 754 2210 irritare
801 2169 952 2225 quietis
1001 2168 1157 2224 exegit.
1230 2169 1351 2211 Duos
1399 2184 1452 2211 ex
1503 2168 1779 2219 cubiculariis,

337 2227 477 2283 palam
508 2226 754 2268 insidiarum
785 2227 1014 2280 conuictos,
1046 2226 1288 2282 ingentibus
1311 2227 1425 2269 saxis
1456 2226 1605 2269 affixos
1626 2226 1778 2281 pelago

338 2284 493 2337 Obruit,
525 2284 814 2340 ponderosum
846 2284 972 2326 animi
1005 2285 1161 2326 crimen
1192 2298 1359 2327 annexa
1394 2284 1638 2340 corporibus
1670 2284 1779 2326 mole

270 2354 306 2382 35
336 2342 594 2384 mulctando.
645 2342 806 2384 Ferunt
837 2342 1006 2398 quidam
1028 2342 1245 2384 Vluildam
1279 2347 1380 2384 tunc
1412 2343 1448 2384 ei
1480 2341 1778 2384 *insecabilem
1811 2358 1871 2387 xv

336 2401 448 2443 ferro
488 2404 651 2442 uestem
694 2401 898 2451 donasse,
942 2415 1023 2456 qua
1066 2401 1400 2443 circumamictus
1440 2401 1557 2442 nullo
1595 2400 1777 2442 telorum

338 2459 529 2501 acumine
571 2457 801 2501 lederetur.
863 2458 955 2500 Nec
993 2458 1345 2514 pretereundum,
1387 2458 1647 2500 Frothonem
1682 2471 1778 2499 con-

337 2517 443 2559 tusis
503 2516 839 2572 commolitisque
897 2517 987 2558 auri
1044 2515 1318 2571 fragminibus
1374 2516 1489 2558 cibos
1528 2529 1775 2571 respergere

338 2574 520 2626 solitum,
563 2574 714 2630 quibus
754 2574 978 2616 aduersum
1019 2573 1243 2616 familiares
1286 2574 1574 2616 ueneficorum
1604 2573 1774 2615 insidias

268 2646 304 2673 40
336 2637 541 2675 uteretur.
603 2631 686 2673 Hic
718 2632 817 2674 dum
845 2633 851 2687 1
877 2632 1123 2688 Regnerum
1154 2632 1298 2674 Suetie
1328 2646 1498 2687 regem,
1542 2630 1648 2673 falso
1681 2645 1776 2687 pro·
1807 2646 1833 2672 p·
1853 2637 1884 2664 80
