1884 3126
106 892 141 922 10

107 1183 140 1211 15

102 1471 142 1500 20

105 1762 143 1789 25

106 2051 143 2080 30

48 2331 147 2366 '35

108 2642 146 2670 40

739 251 787 256 -
850 225 942 268 IIII
1004 252 1055 257 ——
1534 231 1614 272 115

171 366 275 408 pore
291 356 395 408 erat,
415 367 541 409 quam
559 357 606 395 ut
623 354 772 396 alienis
791 354 917 397 armis
940 355 1000 397 uti
1019 359 1175 411 posset.
1207 356 1275 398 Ad
1297 357 1500 412 ultimum,
1525 372 1618 399 cum

173 415 398 466 paternam
449 426 618 468 quoque
668 412 843 454 loricam
894 413 1083 455 uiolenta
1136 415 1321 470 corporis
1373 417 1618 458 astriccionc

172 469 446 523 dissoluerct,
485 470 772 517 Wermundus
805 485 897 515 eam
929 486 954 512 a
983 472 1081 513 leuo
1114 473 1243 514 latere
1274 473 1471 516 dissecari
1515 474 1619 515 fibu-

171 527 295 583 laque
328 529 471 570 sarciri
504 530 718 584 precepit,
751 534 927 585 partem,
960 543 1042 585 que
1074 530 1209 586 clypei
1240 532 1423 586 presidio
1458 532 1620 574 munia-

174 589 257 640 tur,
291 585 404 628 ferro
437 593 585 642 patere
618 587 739 643 parui
773 587 1033 629 existimans.
1095 588 1179 630 Sed
1212 597 1254 631 et
1285 590 1493 644 gladium,
1536 604 1617 646 quo

173 648 265 687 tuto
297 646 359 686 uti
390 646 538 700 possit,
570 660 734 687 summa
765 647 819 688 ab
852 659 900 688 eo
935 660 1035 688 cura
1069 645 1308 702 con<s>cisci
1340 649 1472 690 iussit.
1531 649 1618 690 Ob-

171 703 268 744 latis
292 703 591 758 compluribus,
614 704 714 745 Vffo
737 718 863 745 manu
888 705 1084 760 capulum
1109 706 1333 760 stringens,
1350 705 1620 761 frust<r>atim

172 760 360 816 singulos
409 761 611 817 agitando
645 763 915 816 comminuit,
958 777 1037 805 nec
1084 767 1173 804 crat
1206 764 1423 819 quisquam
1465 779 1516 806 ex
1562 766 1620 807 eis

173 820 278 861 tanti
324 820 471 874 rigoris
513 821 706 876 gladius,
764 835 888 877 quem
930 835 1011 863 non
1054 821 1106 863 ad
1154 822 1287 877 prime
1336 823 1622 864 concussionis

173 883 335 919 motum
371 879 517 920 crebra
548 880 737 935 parcium
770 880 980 921 fraccione
1017 880 1283 922 dissolueret.
1344 880 1447 922 Erat
1479 885 1620 923 autem

173 936 262 991 regi
294 936 482 978 inusitati
509 939 714 979 acuminis
746 937 925 993 gladius,
960 937 1098 992 Skrep
1132 937 1277 992 dictus,
1303 939 1373 993 qui
1406 939 1623 994 quodlibet

175 995 382 1036 obstaculi
404 1009 537 1050 genus
559 1011 644 1038 uno
667 996 855 1038 ferientis
877 997 963 1037 ictu
986 996 1169 1037 medium
1191 997 1455 1051 penetrando
1487 996 1623 1037 diffin-

175 1053 305 1106 deret,
352 1068 433 1096 nec
480 1054 587 1096 adeo
621 1055 846 1110 quiequam
892 1054 1122 1110 predurum
1169 1054 1292 1109 foret,
1339 1061 1385 1096 ut
1431 1055 1622 1096 adactam

175 1111 264 1152 eius
298 1113 429 1153 aciem
474 1113 676 1155 remorari
715 1113 937 1168 potuisset.
1001 1112 1137 1160 Quam
1183 1126 1235 1153 ne
1267 1114 1446 1168 posteris
1484 1112 1623 1155 fruen-

173 1169 272 1210 dum
294 1171 567 1226 relinqueret,
599 1186 674 1227 per
697 1180 904 1213 summam
926 1171 1063 1212 aliene
1088 1171 1401 1224 commoditatis
1423 1171 1622 1212 inuidiam

173 1228 214 1268 in
246 1228 458 1283 profunda
490 1228 770 1284 defodera<t>,
809 1229 1035 1272 utilitatem
1069 1228 1188 1279 ferri,
1233 1229 1344 1284 quod
1378 1230 1451 1270 filii
1493 1230 1624 1270 incre-

172 1286 324 1334 mentis
357 1287 580 1339 diffideret,
626 1289 776 1330 ceteris
809 1291 1057 1342 negaturus.
1131 1287 1426 1342 Interrogatus
1469 1293 1623 1338 autem,

173 1359 225 1385 an
258 1345 430 1399 dignum
453 1345 619 1388 Vffonis
652 1346 805 1387 robore
827 1346 983 1387 ferrum
1017 1345 1205 1397 haberet,
1237 1344 1394 1387 habere
1428 1359 1471 1386 sc
1506 1345 1625 1397 dixit,

172 1402 308 1457 quod,
351 1404 384 1445 si
425 1404 586 1459 pridem
629 1419 653 1445 a
696 1419 740 1445 se
783 1410 895 1446 terre
936 1403 1135 1445 traditum
1178 1404 1393 1456 recognito
1437 1403 1624 1445 locorum

173 1460 321 1502 habitu
352 1463 537 1518 reperire
567 1462 798 1518 potuisset,
842 1466 989 1518 aptum
1023 1461 1211 1516 corporis
1244 1461 1331 1502 cius
1363 1461 1522 1503 uiribus
1553 1475 1625 1502 ex-

175 1519 352 1562 hiberet.
397 1520 448 1562 In
482 1535 678 1577 campum
711 1520 862 1563 deinde
886 1519 1059 1576 perduci
1091 1533 1134 1561 se
1165 1519 1328 1572 iubens,
1361 1533 1467 1572 cum,
1499 1520 1630 1560 inter--

173 1578 332 1632 rogatis
373 1592 449 1634 per
477 1581 632 1621 omnia
675 1579 921 1626 comitibus,
965 1578 1219 1620 defessionis
1259 1578 1396 1618 locum
1440 1577 1622 1632 acceptis

174 1636 391 1690 signorum
424 1637 587 1679 indiciis
614 1639 901 1693 comperisset,
933 1641 1171 1679 extractum
1195 1650 1298 1676 cauo
1331 1636 1516 1690 gladium
1539 1636 1624 1677 filio

174 1694 363 1749 porrigit.
431 1696 568 1744 Quem
600 1696 699 1737 Vffo
731 1696 858 1737 nimia
891 1699 1105 1736 uetustate
1140 1694 1332 1748 fragilem
1365 1708 1625 1749 exesumque

175 1754 460 1808 conspiciens,
498 1752 701 1796 ferien*di
756 1753 997 1795 diffidencia
1053 1756 1343 1808 percontatur,
1404 1767 1455 1794 an
1511 1752 1620 1792 hunc

175 1824 343 1866 quoque
376 1812 562 1867 priorum
609 1811 805 1868 exemplo
837 1811 1019 1868 probare
1058 1811 1238 1864 debeat,
1279 1812 1394 1866 prius
1436 1811 1623 1851 habitum

175 1871 278 1922 eius,
310 1883 433 1925 quam
467 1885 552 1912 rem
575 1871 687 1912 ferro
720 1871 809 1925 geri
843 1874 1052 1925 oporteat,
1087 1868 1395 1924 explorandum
1431 1872 1623 1910 testatus.

173 1927 322 1969 Refert
357 1928 669 1981 Wermundus,
710 1930 743 1970 si
776 1942 951 1984 presens
983 1928 1137 1968 ferrum
1171 1927 1222 1968 ab
1254 1926 1344 1981 ipso
1378 1926 1622 1968 uentilando

175 1985 471 2042 collideretur,
503 2002 585 2030 non
610 1988 624 2041 ΙΙ
648 2001 887 2043 superesse,
921 1985 1029 2041 quod
1063 1985 1213 2026 uirium
1247 1986 1335 2026 eius
1368 1985 1526 2026 habitui
1559 1998 1620 2026 re-

173 2045 419 2101 sponderet.
460 2046 772 2088 Abstinendum
795 2046 937 2101 itaque
958 2044 1085 2095 sacto,
1120 2043 1235 2084 cuius
1263 2042 1303 2083 in
1333 2043 1461 2084 dubio
1487 2044 1622 2085 exitus

177 2107 359 2145 maneat.
1287 2128 1291 2132 -

316 2161 452 2213 Igitur
494 2176 550 2203 cx
591 2167 716 2218 pacto
750 2175 891 2217 pugne
932 2161 1051 2202 locus
1093 2160 1319 2215 expetitur.
1380 2158 1508 2199 Hune
1550 2159 1624 2198 flu-

178 2221 271 2262 uius
304 2217 499 2274 Eildorus
530 2220 588 2261 ita
624 2234 831 2276 aquarum
864 2219 1024 2261 ambitu
1059 2218 1202 2260 uallat,
1231 2221 1288 2267 ut,
1322 2229 1463 2257 earum
1501 2217 1625 2256 inter-

179 2279 297 2320 sticio
332 2281 610 2332 repugnante,
642 2278 799 2333 nauigii
844 2277 1055 2319 duntaxat
1096 2275 1234 2316 aditus
1266 2278 1422 2329 pateat.
1486 2274 1622 2322 Quem

178 2336 335 2378 Vffone
366 2336 455 2377 sine
487 2337 641 2378 comite
671 2340 867 2392 petente,
910 2334 1096 2377 Saxonie
1128 2334 1238 2388 regis
1278 2332 1408 2373 filium
1452 2331 1623 2386 insignis

165 2395 340 2436 ¹uiribus
372 2394 533 2435 athleta
556 2395 848 2450 consequitur,
882 2393 1037 2435 crebris
1060 2392 1257 2446 utrinque
1288 2389 1419 2431 turbis
1442 2390 1624 2430 alternos

179 2453 364 2508 riparum
398 2451 612 2494 anfractus
644 2451 863 2508 spectandi
899 2451 1103 2492 auiditate
1136 2448 1452 2503 complentibus.
1515 2446 1624 2488 Gun-

179 2513 257 2552 ctis
289 2511 416 2565 igitur
447 2509 545 2551 huic
566 2510 806 2566 spectaculo
832 2510 977 2551 oculos
1008 2506 1301 2557 inserentibus,
1334 2505 1624 2546 Wermundus

178 2569 218 2610 in
252 2573 444 2611 extrema
481 2571 622 2624 pontis
660 2572 782 2624 parte
827 2581 870 2609 se
905 2567 1099 2618 collocat,
1137 2566 1171 2606 si
1201 2565 1332 2605 filium
1370 2563 1481 2603 uinci
1525 2576 1621 2604 con-

175 2627 364 2682 tigisset,
414 2627 587 2668 flumine
637 2627 863 2682 periturus.
933 2624 1085 2667 Maluit
1130 2624 1238 2665 onim
1290 2621 1505 2675 sanguinis
1556 2621 1622 2662 sui

1440 2689 1483 2725 8Ίς

1660 1748 1802 1777 xxva

1693 1993 1761 2026 (65)

1679 2223 1706 2247 p.
1728 2212 1778 2239 173
