<?xml version="1.0" encoding="UTF-8"?>
<!DOCTYPE html PUBLIC "-//W3C//DTD XHTML 1.0 Transitional//EN"
    "http://www.w3.org/TR/xhtml1/DTD/xhtml1-transitional.dtd">
<html xmlns="http://www.w3.org/1999/xhtml" xml:lang="en" lang="en">
 <head>
  <title>
</title>
<meta http-equiv="Content-Type" content="text/html;charset=utf-8" />
  <meta name='ocr-system' content='tesseract 3.04.00' />
  <meta name='ocr-capabilities' content='ocr_page ocr_carea ocr_par ocr_line ocrx_word'/>
</head>
<body>
  <div class='ocr_page' id='page_1' title='image "./saxonisgrammatic00saxouoft_0496.png"; bbox 0 0 1884 3126; ppageno 0'>
   <div class='ocr_carea' id='block_1_1' title="bbox 232 898 263 924">
    <p class='ocr_par' dir='ltr' id='par_1_1' title="bbox 232 898 263 924">
     <span class='ocr_line' id='line_1_1' title="bbox 232 898 263 924; baseline 0 0"><span class='ocrx_word' id='word_1_1' title='bbox 232 898 263 924; x_wconf 85' lang='lat'>10</span> 
     </span>
    </p>
   </div>
   <div class='ocr_carea' id='block_1_2' title="bbox 231 1184 262 1210">
    <p class='ocr_par' dir='ltr' id='par_1_2' title="bbox 231 1184 262 1210">
     <span class='ocr_line' id='line_1_2' title="bbox 231 1184 262 1210; baseline 0 0"><span class='ocrx_word' id='word_1_2' title='bbox 231 1184 262 1210; x_wconf 86' lang='lat'>15</span> 
     </span>
    </p>
   </div>
   <div class='ocr_carea' id='block_1_3' title="bbox 222 1471 259 1498">
    <p class='ocr_par' dir='ltr' id='par_1_3' title="bbox 222 1471 259 1498">
     <span class='ocr_line' id='line_1_3' title="bbox 222 1471 259 1498; baseline -0.027 0"><span class='ocrx_word' id='word_1_3' title='bbox 222 1471 259 1498; x_wconf 82' lang='lat'>20</span> 
     </span>
    </p>
   </div>
   <div class='ocr_carea' id='block_1_4' title="bbox 223 1757 259 1784">
    <p class='ocr_par' dir='ltr' id='par_1_4' title="bbox 223 1757 259 1784">
     <span class='ocr_line' id='line_1_4' title="bbox 223 1757 259 1784; baseline -0.028 0"><span class='ocrx_word' id='word_1_4' title='bbox 223 1757 259 1784; x_wconf 87' lang='lat'>25</span> 
     </span>
    </p>
   </div>
   <div class='ocr_carea' id='block_1_5' title="bbox 223 2044 260 2071">
    <p class='ocr_par' dir='ltr' id='par_1_5' title="bbox 223 2044 260 2071">
     <span class='ocr_line' id='line_1_5' title="bbox 223 2044 260 2071; baseline 0 0"><span class='ocrx_word' id='word_1_5' title='bbox 223 2044 260 2071; x_wconf 89' lang='lat'>30</span> 
     </span>
    </p>
   </div>
   <div class='ocr_carea' id='block_1_6' title="bbox 223 2333 260 2359">
    <p class='ocr_par' dir='ltr' id='par_1_6' title="bbox 223 2333 260 2359">
     <span class='ocr_line' id='line_1_6' title="bbox 223 2333 260 2359; baseline 0 0"><span class='ocrx_word' id='word_1_6' title='bbox 223 2333 260 2359; x_wconf 86' lang='lat'>35</span> 
     </span>
    </p>
   </div>
   <div class='ocr_carea' id='block_1_7' title="bbox 300 234 1177 289">
    <p class='ocr_par' dir='ltr' id='par_1_7' title="bbox 300 234 1177 289">
     <span class='ocr_line' id='line_1_7' title="bbox 300 234 1177 289; baseline -0.013 0"><span class='ocrx_word' id='word_1_7' title='bbox 300 245 382 289; x_wconf 85' lang='lat'>402</span> <span class='ocrx_word' id='word_1_8' title='bbox 518 248 520 251; x_wconf 79' lang='grc'>’</span> <span class='ocrx_word' id='word_1_9' title='bbox 863 262 912 269; x_wconf 90' lang='lat'>-—</span> <span class='ocrx_word' id='word_1_10' title='bbox 973 234 1064 279; x_wconf 90' lang='lat' dir='ltr'>XII</span> <span class='ocrx_word' id='word_1_11' title='bbox 1123 259 1177 267; x_wconf 79' lang='lat'>—-</span> 
     </span>
    </p>
   </div>
   <div class='ocr_carea' id='block_1_8' title="bbox 290 361 1735 2608">
    <p class='ocr_par' dir='ltr' id='par_1_8' title="bbox 297 361 1735 590">
     <span class='ocr_line' id='line_1_8' title="bbox 298 361 1733 425; baseline -0.007 -12"><span class='ocrx_word' id='word_1_12' title='bbox 298 369 495 425; x_wconf 80' lang='lat' dir='ltr'>singulari</span> <span class='ocrx_word' id='word_1_13' title='bbox 516 364 816 408; x_wconf 87' lang='lat' dir='ltr'>moderacionis</span> <span class='ocrx_word' id='word_1_14' title='bbox 838 363 1043 404; x_wconf 90' lang='lat' dir='ltr'>beneficio</span> <span class='ocrx_word' id='word_1_15' title='bbox 1065 362 1303 417; x_wconf 81' lang='lat' dir='ltr'>posteritati</span> <span class='ocrx_word' id='word_1_16' title='bbox 1325 361 1532 413; x_wconf 83' lang='lat' dir='ltr'>insignem</span> <span class='ocrx_word' id='word_1_17' title='bbox 1555 361 1733 403; x_wconf 89' lang='lat' dir='ltr'>nominis</span> 
     </span>
     <span class='ocr_line' id='line_1_9' title="bbox 298 419 1733 470; baseline -0.007 -1"><span class='ocrx_word' id='word_1_18' title='bbox 298 429 361 469; x_wconf 89' lang='lat' dir='ltr'>sui</span> <span class='ocrx_word' id='word_1_19' title='bbox 400 425 641 467; x_wconf 86' lang='lat' dir='ltr'>memoriam</span> <span class='ocrx_word' id='word_1_20' title='bbox 688 421 1011 462; x_wconf 90' lang='lat' dir='ltr'>commendauit.</span> <span class='ocrx_word' id='word_1_21' title='bbox 1073 419 1213 461; x_wconf 83' lang='lat' dir='ltr'>Fuere</span> <span class='ocrx_word' id='word_1_22' title='bbox 1244 419 1367 460; x_wconf 84' lang='lat' dir='ltr'>Erico</span> <span class='ocrx_word' id='word_1_23' title='bbox 1400 419 1474 459; x_wconf 92' lang='lat' dir='ltr'>filii</span> <span class='ocrx_word' id='word_1_24' title='bbox 1506 419 1733 470; x_wconf 89' lang='lat' dir='ltr'>Haraldus‚</span> 
     </span>
     <span class='ocr_line' id='line_1_10' title="bbox 297 476 1735 533; baseline -0.006 -7"><span class='ocrx_word' id='word_1_25' title='bbox 297 485 492 527; x_wconf 88' lang='lat' dir='ltr'>Kanutus</span> <span class='ocrx_word' id='word_1_26' title='bbox 519 490 560 523; x_wconf 88' lang='lat' dir='ltr'>et</span> <span class='ocrx_word' id='word_1_27' title='bbox 582 479 752 531; x_wconf 85' lang='lat' dir='ltr'>Ericus;</span> <span class='ocrx_word' id='word_1_28' title='bbox 786 479 858 520; x_wconf 90' lang='lat' dir='ltr'>sed</span> <span class='ocrx_word' id='word_1_29' title='bbox 890 479 1047 533; x_wconf 88' lang='lat' dir='ltr'>primus</span> <span class='ocrx_word' id='word_1_30' title='bbox 1080 477 1321 526; x_wconf 86' lang='lat' dir='ltr'>concubina,</span> <span class='ocrx_word' id='word_1_31' title='bbox 1353 476 1561 518; x_wconf 87' lang='lat' dir='ltr'>secundus</span> <span class='ocrx_word' id='word_1_32' title='bbox 1594 477 1735 518; x_wconf 88' lang='lat' dir='ltr'>matri-</span> 
     </span>
     <span class='ocr_line' id='line_1_11' title="bbox 297 535 1262 590; baseline -0.009 -7"><span class='ocrx_word' id='word_1_33' title='bbox 297 542 451 590; x_wconf 88' lang='lat' dir='ltr'>monio,</span> <span class='ocrx_word' id='word_1_34' title='bbox 483 538 636 579; x_wconf 84' lang='lat' dir='ltr'>tercius</span> <span class='ocrx_word' id='word_1_35' title='bbox 669 536 876 577; x_wconf 87' lang='lat' dir='ltr'>adulterio</span> <span class='ocrx_word' id='word_1_36' title='bbox 910 540 1025 576; x_wconf 75' lang='lat' dir='ltr'>ortus</span> <span class='ocrx_word' id='word_1_37' title='bbox 1056 535 1262 589; x_wconf 84' lang='lat' dir='ltr'>proditur.</span> 
     </span>
    </p>

    <p class='ocr_par' dir='ltr' id='par_1_9' title="bbox 290 591 1735 1859">
     <span class='ocr_line' id='line_1_12' title="bbox 431 591 1733 647; baseline -0.003 -11"><span class='ocrx_word' id='word_1_38' title='bbox 431 595 519 636; x_wconf 88' lang='lat' dir='ltr'>Nec</span> <span class='ocrx_word' id='word_1_39' title='bbox 561 593 898 635; x_wconf 80' lang='lat' dir='ltr'>mansuetudinis</span> <span class='ocrx_word' id='word_1_40' title='bbox 945 593 1114 647; x_wconf 88' lang='lat' dir='ltr'>spiritus</span> <span class='ocrx_word' id='word_1_41' title='bbox 1162 592 1272 645; x_wconf 80' lang='lat' dir='ltr'>regis</span> <span class='ocrx_word' id='word_1_42' title='bbox 1311 591 1547 633; x_wconf 85' lang='lat' dir='ltr'>fortitudini</span> <span class='ocrx_word' id='word_1_43' title='bbox 1587 591 1733 645; x_wconf 90' lang='lat' dir='ltr'>defuit,</span> 
     </span>
     <span class='ocr_line' id='line_1_13' title="bbox 295 649 1732 710; baseline -0.005 -14"><span class='ocrx_word' id='word_1_44' title='bbox 295 655 365 710; x_wconf 91' lang='lat' dir='ltr'>qui</span> <span class='ocrx_word' id='word_1_45' title='bbox 408 660 453 694; x_wconf 90' lang='lat' dir='ltr'>ut</span> <span class='ocrx_word' id='word_1_46' title='bbox 495 651 754 693; x_wconf 87' lang='lat' dir='ltr'>crudelitatis</span> <span class='ocrx_word' id='word_1_47' title='bbox 797 650 976 702; x_wconf 88' lang='lat' dir='ltr'>alienus,</span> <span class='ocrx_word' id='word_1_48' title='bbox 1018 650 1075 689; x_wconf 90' lang='lat' dir='ltr'>ita</span> <span class='ocrx_word' id='word_1_49' title='bbox 1117 649 1308 690; x_wconf 89' lang='lat' dir='ltr'>socordia</span> <span class='ocrx_word' id='word_1_50' title='bbox 1350 662 1509 701; x_wconf 89' lang='lat' dir='ltr'>uacuus</span> <span class='ocrx_word' id='word_1_51' title='bbox 1549 649 1732 690; x_wconf 90' lang='lat' dir='ltr'>medium</span> 
     </span>
     <span class='ocr_line' id='line_1_14' title="bbox 294 707 1733 762; baseline -0.004 -9"><span class='ocrx_word' id='word_1_52' title='bbox 294 713 402 753; x_wconf 87' lang='lat' dir='ltr'>inter</span> <span class='ocrx_word' id='word_1_53' title='bbox 434 709 637 750; x_wconf 82' lang='lat' dir='ltr'>desidiam</span> <span class='ocrx_word' id='word_1_54' title='bbox 668 708 951 762; x_wconf 81' lang='lat' dir='ltr'>ferociamque</span> <span class='ocrx_word' id='word_1_55' title='bbox 986 711 1365 762; x_wconf 80' lang='lat' dir='ltr'>temperamentum</span> <span class='ocrx_word' id='word_1_56' title='bbox 1397 712 1576 749; x_wconf 86' lang='lat' dir='ltr'>teneret.</span> <span class='ocrx_word' id='word_1_57' title='bbox 1613 707 1733 748; x_wconf 84' lang='lat' dir='ltr'>Eius-</span> 
     </span>
     <span class='ocr_line' id='line_1_15' title="bbox 294 763 1733 823; baseline -0.003 -12"><span class='ocrx_word' id='word_1_58' title='bbox 294 770 389 811; x_wconf 87' lang='lat' dir='ltr'>dem</span> <span class='ocrx_word' id='word_1_59' title='bbox 421 781 587 823; x_wconf 89' lang='lat' dir='ltr'>quoque</span> <span class='ocrx_word' id='word_1_60' title='bbox 618 767 825 807; x_wconf 89' lang='lat' dir='ltr'>seueritas</span> <span class='ocrx_word' id='word_1_61' title='bbox 859 765 1154 818; x_wconf 85' lang='lat' dir='ltr'>benignissime</span> <span class='ocrx_word' id='word_1_62' title='bbox 1186 764 1463 819; x_wconf 86' lang='lat' dir='ltr'>popularibus</span> <span class='ocrx_word' id='word_1_63' title='bbox 1495 765 1627 806; x_wconf 85' lang='lat' dir='ltr'>affuit.</span> <span class='ocrx_word' id='word_1_64' title='bbox 1668 763 1733 806; x_wconf 84' lang='lat' dir='ltr'>Ne</span> 
     </span>
     <span class='ocr_line' id='line_1_16' title="bbox 295 822 1734 880; baseline -0.003 -13"><span class='ocrx_word' id='word_1_65' title='bbox 295 827 401 867; x_wconf 90' lang='lat' dir='ltr'>enim</span> <span class='ocrx_word' id='word_1_66' title='bbox 447 829 666 880; x_wconf 90' lang='lat' dir='ltr'>potentum</span> <span class='ocrx_word' id='word_1_67' title='bbox 714 824 896 863; x_wconf 86' lang='lat' dir='ltr'>auaricia</span> <span class='ocrx_word' id='word_1_68' title='bbox 945 823 1142 877; x_wconf 84' lang='lat' dir='ltr'>equitatis</span> <span class='ocrx_word' id='word_1_69' title='bbox 1189 823 1402 863; x_wconf 91' lang='lat' dir='ltr'>uinculum</span> <span class='ocrx_word' id='word_1_70' title='bbox 1446 822 1734 874; x_wconf 79' lang='lat' dir='ltr'>labefactaret,</span> 
     </span>
     <span class='ocr_line' id='line_1_17' title="bbox 293 880 1735 939; baseline -0.002 -15"><span class='ocrx_word' id='word_1_71' title='bbox 293 883 617 939; x_wconf 88' lang='lat' dir='ltr'>petulanciaque</span> <span class='ocrx_word' id='word_1_72' title='bbox 638 881 738 921; x_wconf 86' lang='lat' dir='ltr'>iuris</span> <span class='ocrx_word' id='word_1_73' title='bbox 761 880 1064 922; x_wconf 80' lang='lat' dir='ltr'>hebetudinem</span> <span class='ocrx_word' id='word_1_74' title='bbox 1087 885 1268 935; x_wconf 87' lang='lat' dir='ltr'>pareret,</span> <span class='ocrx_word' id='word_1_75' title='bbox 1298 880 1529 922; x_wconf 75' lang='lat' dir='ltr'>insolencie</span> <span class='ocrx_word' id='word_1_76' title='bbox 1552 880 1735 935; x_wconf 86' lang='lat' dir='ltr'>rigorem</span> 
     </span>
     <span class='ocr_line' id='line_1_18' title="bbox 295 937 1734 997; baseline -0.003 -14"><span class='ocrx_word' id='word_1_77' title='bbox 295 941 503 997; x_wconf 89' lang='lat' dir='ltr'>opposuit,</span> <span class='ocrx_word' id='word_1_78' title='bbox 536 944 589 992; x_wconf 87' lang='lat' dir='ltr'>et,</span> <span class='ocrx_word' id='word_1_79' title='bbox 623 953 706 994; x_wconf 91' lang='lat' dir='ltr'>quo</span> <span class='ocrx_word' id='word_1_80' title='bbox 739 938 833 992; x_wconf 89' lang='lat' dir='ltr'>plus</span> <span class='ocrx_word' id='word_1_81' title='bbox 865 952 889 978; x_wconf 88' lang='lat' dir='ltr'>a</span> <span class='ocrx_word' id='word_1_82' title='bbox 917 938 1126 991; x_wconf 89' lang='lat' dir='ltr'>peruersis</span> <span class='ocrx_word' id='word_1_83' title='bbox 1159 938 1252 979; x_wconf 91' lang='lat' dir='ltr'>loco</span> <span class='ocrx_word' id='word_1_84' title='bbox 1286 937 1456 989; x_wconf 83' lang='lat' dir='ltr'>destitit,</span> <span class='ocrx_word' id='word_1_85' title='bbox 1488 939 1569 980; x_wconf 92' lang='lat' dir='ltr'>hoc</span> <span class='ocrx_word' id='word_1_86' title='bbox 1601 938 1734 991; x_wconf 85' lang='lat' dir='ltr'>magis</span> 
     </span>
     <span class='ocr_line' id='line_1_19' title="bbox 292 995 1734 1054; baseline -0.002 -15"><span class='ocrx_word' id='word_1_87' title='bbox 292 1013 368 1054; x_wconf 89' lang='lat' dir='ltr'>per</span> <span class='ocrx_word' id='word_1_88' title='bbox 398 997 618 1052; x_wconf 90' lang='lat' dir='ltr'>imperium</span> <span class='ocrx_word' id='word_1_89' title='bbox 650 996 805 1037; x_wconf 85' lang='lat' dir='ltr'>nocuit.</span> <span class='ocrx_word' id='word_1_90' title='bbox 869 995 1050 1050; x_wconf 81' lang='lat' dir='ltr'>Quippe,</span> <span class='ocrx_word' id='word_1_91' title='bbox 1081 1009 1174 1036; x_wconf 90' lang='lat' dir='ltr'>cum</span> <span class='ocrx_word' id='word_1_92' title='bbox 1206 1009 1230 1035; x_wconf 90' lang='lat' dir='ltr'>a</span> <span class='ocrx_word' id='word_1_93' title='bbox 1261 996 1525 1050; x_wconf 88' lang='lat' dir='ltr'>popularium</span> <span class='ocrx_word' id='word_1_94' title='bbox 1563 1009 1734 1051; x_wconf 89' lang='lat' dir='ltr'>oppres-</span> 
     </span>
     <span class='ocr_line' id='line_1_20' title="bbox 293 1053 1734 1110; baseline -0.003 -13"><span class='ocrx_word' id='word_1_95' title='bbox 293 1056 459 1098; x_wconf 91' lang='lat' dir='ltr'>soribus</span> <span class='ocrx_word' id='word_1_96' title='bbox 499 1068 645 1110; x_wconf 88' lang='lat' dir='ltr'>parurn</span> <span class='ocrx_word' id='word_1_97' title='bbox 688 1067 761 1108; x_wconf 77' lang='lat' dir='ltr'>per</span> <span class='ocrx_word' id='word_1_98' title='bbox 802 1053 1040 1094; x_wconf 86' lang='lat' dir='ltr'>absenciam</span> <span class='ocrx_word' id='word_1_99' title='bbox 1088 1053 1332 1106; x_wconf 82' lang='lat' dir='ltr'>timeretur,</span> <span class='ocrx_word' id='word_1_100' title='bbox 1383 1054 1552 1094; x_wconf 89' lang='lat' dir='ltr'>eosdem</span> <span class='ocrx_word' id='word_1_101' title='bbox 1595 1053 1734 1094; x_wconf 91' lang='lat' dir='ltr'>subita</span> 
     </span>
     <span class='ocr_line' id='line_1_21' title="bbox 295 1110 1732 1165; baseline -0.001 -10"><span class='ocrx_word' id='word_1_102' title='bbox 295 1113 522 1155; x_wconf 88' lang='lat' dir='ltr'>satellitum</span> <span class='ocrx_word' id='word_1_103' title='bbox 545 1125 668 1152; x_wconf 85' lang='lat' dir='ltr'>manu</span> <span class='ocrx_word' id='word_1_104' title='bbox 693 1111 949 1165; x_wconf 87' lang='lat' dir='ltr'>interceptos</span> <span class='ocrx_word' id='word_1_105' title='bbox 973 1110 1201 1165; x_wconf 88' lang='lat' dir='ltr'>suspendio</span> <span class='ocrx_word' id='word_1_106' title='bbox 1226 1112 1536 1153; x_wconf 87' lang='lat' dir='ltr'>consumendos</span> <span class='ocrx_word' id='word_1_107' title='bbox 1555 1111 1732 1153; x_wconf 89' lang='lat' dir='ltr'>curauit.</span> 
     </span>
     <span class='ocr_line' id='line_1_22' title="bbox 294 1168 1732 1224; baseline -0.001 -13"><span class='ocrx_word' id='word_1_108' title='bbox 294 1171 387 1219; x_wconf 81' lang='lat' dir='ltr'>Quo</span> <span class='ocrx_word' id='word_1_109' title='bbox 421 1170 534 1211; x_wconf 88' lang='lat' dir='ltr'>facto</span> <span class='ocrx_word' id='word_1_110' title='bbox 568 1169 666 1224; x_wconf 90' lang='lat' dir='ltr'>quid</span> <span class='ocrx_word' id='word_1_111' title='bbox 699 1169 812 1209; x_wconf 87' lang='lat' dir='ltr'>aliud</span> <span class='ocrx_word' id='word_1_112' title='bbox 847 1181 971 1223; x_wconf 88' lang='lat' dir='ltr'>quam</span> <span class='ocrx_word' id='word_1_113' title='bbox 1012 1168 1162 1209; x_wconf 91' lang='lat' dir='ltr'>iniurie</span> <span class='ocrx_word' id='word_1_114' title='bbox 1202 1168 1370 1223; x_wconf 91' lang='lat' dir='ltr'>pondus</span> <span class='ocrx_word' id='word_1_115' title='bbox 1404 1170 1583 1211; x_wconf 85' lang='lat' dir='ltr'>arborea</span> <span class='ocrx_word' id='word_1_116' title='bbox 1613 1170 1732 1210; x_wconf 89' lang='lat' dir='ltr'>lance</span> 
     </span>
     <span class='ocr_line' id='line_1_23' title="bbox 292 1225 1732 1284; baseline -0.002 -14"><span class='ocrx_word' id='word_1_117' title='bbox 292 1228 515 1284; x_wconf 80' lang='lat' dir='ltr'>pensauit?</span> <span class='ocrx_word' id='word_1_118' title='bbox 577 1226 861 1273; x_wconf 72' lang='lat' dir='ltr'>Quamobrem</span> <span class='ocrx_word' id='word_1_119' title='bbox 895 1226 1123 1267; x_wconf 88' lang='lat' dir='ltr'>maioribus</span> <span class='ocrx_word' id='word_1_120' title='bbox 1153 1225 1471 1279; x_wconf 88' lang='lat' dir='ltr'>formidolosus,</span> <span class='ocrx_word' id='word_1_121' title='bbox 1503 1226 1732 1268; x_wconf 90' lang='lat' dir='ltr'>minoribus</span> 
     </span>
     <span class='ocr_line' id='line_1_24' title="bbox 291 1283 1732 1342; baseline -0.003 -15"><span class='ocrx_word' id='word_1_122' title='bbox 291 1299 492 1342; x_wconf 86' lang='lat' dir='ltr'>percarus</span> <span class='ocrx_word' id='word_1_123' title='bbox 526 1285 675 1337; x_wconf 83' lang='lat' dir='ltr'>euasit,</span> <span class='ocrx_word' id='word_1_124' title='bbox 710 1297 800 1324; x_wconf 85' lang='lat' dir='ltr'>cum</span> <span class='ocrx_word' id='word_1_125' title='bbox 835 1284 909 1324; x_wconf 87' lang='lat' dir='ltr'>hos</span> <span class='ocrx_word' id='word_1_126' title='bbox 940 1290 1117 1338; x_wconf 87' lang='lat' dir='ltr'>paterna</span> <span class='ocrx_word' id='word_1_127' title='bbox 1155 1283 1448 1338; x_wconf 85' lang='lat' dir='ltr'>indulgencia,</span> <span class='ocrx_word' id='word_1_128' title='bbox 1486 1285 1581 1326; x_wconf 90' lang='lat' dir='ltr'>illos</span> <span class='ocrx_word' id='word_1_129' title='bbox 1614 1285 1732 1337; x_wconf 85' lang='lat' dir='ltr'>regia</span> 
     </span>
     <span class='ocr_line' id='line_1_25' title="bbox 292 1341 1730 1396; baseline -0.003 -10"><span class='ocrx_word' id='word_1_130' title='bbox 292 1343 519 1386; x_wconf 81' lang='lat' dir='ltr'>seueritate</span> <span class='ocrx_word' id='word_1_131' title='bbox 550 1342 857 1396; x_wconf 85' lang='lat' dir='ltr'>insequeretur.</span> <span class='ocrx_word' id='word_1_132' title='bbox 918 1341 1049 1382; x_wconf 88' lang='lat' dir='ltr'>Filias</span> <span class='ocrx_word' id='word_1_133' title='bbox 1081 1355 1249 1396; x_wconf 91' lang='lat' dir='ltr'>quoque</span> <span class='ocrx_word' id='word_1_134' title='bbox 1281 1343 1515 1396; x_wconf 85' lang='lat' dir='ltr'>complures</span> <span class='ocrx_word' id='word_1_135' title='bbox 1549 1357 1603 1384; x_wconf 81' lang='lat' dir='ltr'>ex</span> <span class='ocrx_word' id='word_1_136' title='bbox 1634 1356 1730 1384; x_wconf 92' lang='lat' dir='ltr'>con-</span> 
     </span>
     <span class='ocr_line' id='line_1_26' title="bbox 293 1399 1730 1453; baseline -0.001 -11"><span class='ocrx_word' id='word_1_137' title='bbox 293 1401 491 1442; x_wconf 81' lang='lat' dir='ltr'>cubinatu</span> <span class='ocrx_word' id='word_1_138' title='bbox 515 1399 680 1452; x_wconf 79' lang='lat' dir='ltr'>habuit3</span> <span class='ocrx_word' id='word_1_139' title='bbox 713 1412 889 1453; x_wconf 89' lang='lat' dir='ltr'>quarum</span> <span class='ocrx_word' id='word_1_140' title='bbox 914 1413 1039 1439; x_wconf 89' lang='lat' dir='ltr'>unam</span> <span class='ocrx_word' id='word_1_141' title='bbox 1065 1399 1264 1453; x_wconf 86' lang='lat' dir='ltr'>Haquino</span> <span class='ocrx_word' id='word_1_142' title='bbox 1288 1399 1466 1451; x_wconf 92' lang='lat' dir='ltr'>cuidam,</span> <span class='ocrx_word' id='word_1_143' title='bbox 1488 1400 1730 1441; x_wconf 89' lang='lat' dir='ltr'>Beroniane</span> 
     </span>
     <span class='ocr_line' id='line_1_27' title="bbox 290 1456 1729 1513; baseline -0.001 -14"><span class='ocrx_word' id='word_1_144' title='bbox 290 1459 401 1499; x_wconf 90' lang='lat' dir='ltr'>necis</span> <span class='ocrx_word' id='word_1_145' title='bbox 447 1458 655 1499; x_wconf 90' lang='lat' dir='ltr'>ulcionem</span> <span class='ocrx_word' id='word_1_146' title='bbox 702 1457 918 1510; x_wconf 84' lang='lat' dir='ltr'>pollicitO,</span> <span class='ocrx_word' id='word_1_147' title='bbox 965 1457 1114 1511; x_wconf 89' lang='lat' dir='ltr'>premii</span> <span class='ocrx_word' id='word_1_148' title='bbox 1158 1456 1327 1498; x_wconf 91' lang='lat' dir='ltr'>nomine</span> <span class='ocrx_word' id='word_1_149' title='bbox 1374 1463 1551 1513; x_wconf 89' lang='lat' dir='ltr'>nuptum</span> <span class='ocrx_word' id='word_1_150' title='bbox 1599 1457 1729 1499; x_wconf 90' lang='lat' dir='ltr'>dedit.</span> 
     </span>
     <span class='ocr_line' id='line_1_28' title="bbox 291 1512 1729 1570; baseline 0 -14"><span class='ocrx_word' id='word_1_151' title='bbox 291 1516 440 1557; x_wconf 79' lang='lat' dir='ltr'>Frater</span> <span class='ocrx_word' id='word_1_152' title='bbox 456 1514 659 1569; x_wconf 89' lang='lat' dir='ltr'>siquidem</span> <span class='ocrx_word' id='word_1_153' title='bbox 679 1514 789 1555; x_wconf 87' lang='lat' dir='ltr'>Erici</span> <span class='ocrx_word' id='word_1_154' title='bbox 808 1514 931 1566; x_wconf 89' lang='lat' dir='ltr'>Bero,</span> <span class='ocrx_word' id='word_1_155' title='bbox 958 1512 1171 1570; x_wconf 66' lang='lat' dir='ltr'>Hollsatiis</span> <span class='ocrx_word' id='word_1_156' title='bbox 1190 1514 1513 1570; x_wconf 87' lang='lat' dir='ltr'>Dytmersisque</span> <span class='ocrx_word' id='word_1_157' title='bbox 1531 1515 1729 1567; x_wconf 90' lang='lat' dir='ltr'>subactis,</span> 
     </span>
     <span class='ocr_line' id='line_1_29' title="bbox 294 1571 1730 1626; baseline -0.001 -11"><span class='ocrx_word' id='word_1_158' title='bbox 294 1587 344 1616; x_wconf 91' lang='lat' dir='ltr'>eo</span> <span class='ocrx_word' id='word_1_159' title='bbox 366 1573 460 1626; x_wconf 88' lang='lat' dir='ltr'>loci,</span> <span class='ocrx_word' id='word_1_160' title='bbox 483 1572 554 1613; x_wconf 91' lang='lat' dir='ltr'>ubi</span> <span class='ocrx_word' id='word_1_161' title='bbox 573 1571 824 1613; x_wconf 89' lang='lat' dir='ltr'>Wermundi</span> <span class='ocrx_word' id='word_1_162' title='bbox 845 1572 975 1613; x_wconf 88' lang='lat' dir='ltr'>filium</span> <span class='ocrx_word' id='word_1_163' title='bbox 996 1571 1195 1613; x_wconf 85' lang='lat' dir='ltr'>Vffonem</span> <span class='ocrx_word' id='word_1_164' title='bbox 1217 1585 1311 1613; x_wconf 89' lang='lat' dir='ltr'>cum</span> <span class='ocrx_word' id='word_1_165' title='bbox 1334 1572 1498 1614; x_wconf 89' lang='lat' dir='ltr'>duobus</span> <span class='ocrx_word' id='word_1_166' title='bbox 1520 1572 1730 1614; x_wconf 82' lang='lat' dir='ltr'>Saxonice</span> 
     </span>
     <span class='ocr_line' id='line_1_30' title="bbox 291 1629 1729 1686; baseline 0 -15"><span class='ocrx_word' id='word_1_167' title='bbox 291 1631 428 1686; x_wconf 87' lang='lat' dir='ltr'>gentis</span> <span class='ocrx_word' id='word_1_168' title='bbox 452 1630 684 1671; x_wconf 82' lang='lat' dir='ltr'>lectissimis</span> <span class='ocrx_word' id='word_1_169' title='bbox 707 1644 877 1670; x_wconf 88' lang='lat' dir='ltr'>manum</span> <span class='ocrx_word' id='word_1_170' title='bbox 901 1629 1025 1670; x_wconf 89' lang='lat' dir='ltr'>duelli</span> <span class='ocrx_word' id='word_1_171' title='bbox 1049 1631 1219 1671; x_wconf 89' lang='lat' dir='ltr'>nomine</span> <span class='ocrx_word' id='word_1_172' title='bbox 1236 1632 1497 1673; x_wconf 87' lang='lat' dir='ltr'>conseruisse</span> <span class='ocrx_word' id='word_1_173' title='bbox 1516 1630 1729 1685; x_wconf 88' lang='lat' dir='ltr'>proditum</span> 
     </span>
     <span class='ocr_line' id='line_1_31' title="bbox 292 1687 1729 1741; baseline -0.001 -12"><span class='ocrx_word' id='word_1_174' title='bbox 292 1692 366 1741; x_wconf 91' lang='lat' dir='ltr'>est,</span> <span class='ocrx_word' id='word_1_175' title='bbox 401 1688 679 1729; x_wconf 88' lang='lat' dir='ltr'>municionem</span> <span class='ocrx_word' id='word_1_176' title='bbox 709 1687 934 1728; x_wconf 90' lang='lat' dir='ltr'>inhibende</span> <span class='ocrx_word' id='word_1_177' title='bbox 958 1687 1212 1730; x_wconf 87' lang='lat' dir='ltr'>defeccionis</span> <span class='ocrx_word' id='word_1_178' title='bbox 1244 1703 1372 1729; x_wconf 86' lang='lat' dir='ltr'>causa</span> <span class='ocrx_word' id='word_1_179' title='bbox 1404 1689 1588 1737; x_wconf 85' lang='lat' dir='ltr'>molitus,</span> <span class='ocrx_word' id='word_1_180' title='bbox 1620 1688 1729 1729; x_wconf 89' lang='lat' dir='ltr'>uallo</span> 
     </span>
     <span class='ocr_line' id='line_1_32' title="bbox 290 1745 1729 1801; baseline -0.001 -14"><span class='ocrx_word' id='word_1_181' title='bbox 290 1746 486 1801; x_wconf 89' lang='lat' dir='ltr'>fossaque</span> <span class='ocrx_word' id='word_1_182' title='bbox 516 1746 694 1787; x_wconf 87' lang='lat' dir='ltr'>insulam</span> <span class='ocrx_word' id='word_1_183' title='bbox 727 1745 868 1787; x_wconf 78' lang='lat' dir='ltr'>cinxit.</span> <span class='ocrx_word' id='word_1_184' title='bbox 931 1745 1059 1787; x_wconf 84' lang='lat' dir='ltr'>Cuius</span> <span class='ocrx_word' id='word_1_185' title='bbox 1091 1746 1426 1787; x_wconf 86' lang='lat' dir='ltr'>dominacionem</span> <span class='ocrx_word' id='word_1_186' title='bbox 1463 1747 1729 1801; x_wconf 82' lang='lat' dir='ltr'>popularium</span> 
     </span>
     <span class='ocr_line' id='line_1_33' title="bbox 292 1803 1730 1859; baseline -0.001 -14"><span class='ocrx_word' id='word_1_187' title='bbox 292 1803 461 1859; x_wconf 90' lang='lat' dir='ltr'>quidam</span> <span class='ocrx_word' id='word_1_188' title='bbox 488 1805 684 1859; x_wconf 90' lang='lat' dir='ltr'>priuatim</span> <span class='ocrx_word' id='word_1_189' title='bbox 706 1817 896 1858; x_wconf 82' lang='lat' dir='ltr'>perosus,</span> <span class='ocrx_word' id='word_1_190' title='bbox 919 1804 1212 1845; x_wconf 87' lang='lat' dir='ltr'>concionantis</span> <span class='ocrx_word' id='word_1_191' title='bbox 1233 1804 1342 1845; x_wconf 88' lang='lat' dir='ltr'>latus</span> <span class='ocrx_word' id='word_1_192' title='bbox 1367 1804 1488 1845; x_wconf 87' lang='lat' dir='ltr'>hasta</span> <span class='ocrx_word' id='word_1_193' title='bbox 1509 1804 1730 1845; x_wconf 82' lang='lat' dir='ltr'>transfixit.</span> 
     </span>
    </p>

    <p class='ocr_par' dir='ltr' id='par_1_10' title="bbox 290 1861 1729 2608">
     <span class='ocr_line' id='line_1_34' title="bbox 428 1861 1727 1917; baseline -0.001 -15"><span class='ocrx_word' id='word_1_194' title='bbox 428 1861 491 1902; x_wconf 85' lang='lat' dir='ltr'>Ea</span> <span class='ocrx_word' id='word_1_195' title='bbox 522 1865 773 1917; x_wconf 88' lang='lat' dir='ltr'>tempestate</span> <span class='ocrx_word' id='word_1_196' title='bbox 805 1861 1053 1902; x_wconf 84' lang='lat' dir='ltr'>Sclauorum</span> <span class='ocrx_word' id='word_1_197' title='bbox 1084 1861 1337 1916; x_wconf 85' lang='lat' dir='ltr'>insolencia,</span> <span class='ocrx_word' id='word_1_198' title='bbox 1370 1861 1440 1902; x_wconf 93' lang='lat' dir='ltr'>diu</span> <span class='ocrx_word' id='word_1_199' title='bbox 1474 1861 1636 1903; x_wconf 89' lang='lat' dir='ltr'>Danice</span> <span class='ocrx_word' id='word_1_200' title='bbox 1667 1862 1727 1902; x_wconf 92' lang='lat' dir='ltr'>rei</span> 
     </span>
     <span class='ocr_line' id='line_1_35' title="bbox 290 1917 1729 1974; baseline -0.001 -13"><span class='ocrx_word' id='word_1_201' title='bbox 290 1919 466 1961; x_wconf 87' lang='lat' dir='ltr'>miseriis</span> <span class='ocrx_word' id='word_1_202' title='bbox 506 1920 626 1970; x_wconf 82' lang='lat' dir='ltr'>alita,</span> <span class='ocrx_word' id='word_1_203' title='bbox 670 1917 847 1974; x_wconf 88' lang='lat' dir='ltr'>(quippe</span> <span class='ocrx_word' id='word_1_204' title='bbox 879 1920 1012 1973; x_wconf 84' lang='lat' dir='ltr'>magis</span> <span class='ocrx_word' id='word_1_205' title='bbox 1042 1919 1142 1960; x_wconf 85' lang='lat' dir='ltr'>ociis</span> <span class='ocrx_word' id='word_1_206' title='bbox 1176 1918 1299 1960; x_wconf 85' lang='lat' dir='ltr'>Olaui</span> <span class='ocrx_word' id='word_1_207' title='bbox 1342 1925 1561 1974; x_wconf 87' lang='lat' dir='ltr'>prouecta,</span> <span class='ocrx_word' id='word_1_208' title='bbox 1603 1932 1729 1974; x_wconf 89' lang='lat' dir='ltr'>quam</span> 
     </span>
     <span class='ocr_line' id='line_1_36' title="bbox 291 1976 1729 2032; baseline -0.001 -14"><span class='ocrx_word' id='word_1_209' title='bbox 291 1977 387 2018; x_wconf 89' lang='lat' dir='ltr'>ullis</span> <span class='ocrx_word' id='word_1_210' title='bbox 419 1976 507 2018; x_wconf 89' lang='lat' dir='ltr'>eius</span> <span class='ocrx_word' id='word_1_211' title='bbox 538 1979 725 2031; x_wconf 83' lang='lat' dir='ltr'>negociis</span> <span class='ocrx_word' id='word_1_212' title='bbox 756 1981 898 2018; x_wconf 78' lang='lat' dir='ltr'>retusa</span> <span class='ocrx_word' id='word_1_213' title='bbox 930 1978 1102 2030; x_wconf 80' lang='lat' dir='ltr'>fuerat,)</span> <span class='ocrx_word' id='word_1_214' title='bbox 1124 1978 1300 2032; x_wconf 86' lang='lat' dir='ltr'>piratica</span> <span class='ocrx_word' id='word_1_215' title='bbox 1326 1984 1494 2018; x_wconf 90' lang='lat' dir='ltr'>nostros</span> <span class='ocrx_word' id='word_1_216' title='bbox 1527 1977 1729 2019; x_wconf 83' lang='lat' dir='ltr'>acerrime</span> 
     </span>
     <span class='ocr_line' id='line_1_37' title="bbox 290 2034 1727 2089; baseline 0.001 -14"><span class='ocrx_word' id='word_1_217' title='bbox 290 2035 538 2077; x_wconf 86' lang='lat' dir='ltr'>lacessebat.</span> <span class='ocrx_word' id='word_1_218' title='bbox 581 2034 662 2076; x_wconf 80' lang='lat' dir='ltr'>Sed</span> <span class='ocrx_word' id='word_1_219' title='bbox 697 2039 737 2076; x_wconf 90' lang='lat' dir='ltr'>et</span> <span class='ocrx_word' id='word_1_220' title='bbox 766 2034 984 2075; x_wconf 89' lang='lat' dir='ltr'>Autonem</span> <span class='ocrx_word' id='word_1_221' title='bbox 1015 2035 1238 2089; x_wconf 80' lang='lat' dir='ltr'>quendam,</span> <span class='ocrx_word' id='word_1_222' title='bbox 1271 2034 1605 2089; x_wconf 86' lang='lat' dir='ltr'>splendidissimo</span> <span class='ocrx_word' id='word_1_223' title='bbox 1638 2035 1727 2076; x_wconf 90' lang='lat' dir='ltr'>loco</span> 
     </span>
     <span class='ocr_line' id='line_1_38' title="bbox 291 2091 1729 2147; baseline -0.001 -13"><span class='ocrx_word' id='word_1_224' title='bbox 291 2097 461 2146; x_wconf 89' lang='lat' dir='ltr'>natum,</span> <span class='ocrx_word' id='word_1_225' title='bbox 503 2092 730 2134; x_wconf 83' lang='lat' dir='ltr'>Falstriam</span> <span class='ocrx_word' id='word_1_226' title='bbox 771 2107 792 2132; x_wconf 91' lang='lat' dir='ltr'>e</span> <span class='ocrx_word' id='word_1_227' title='bbox 824 2091 1038 2134; x_wconf 83' lang='lat' dir='ltr'>Sialandia</span> <span class='ocrx_word' id='word_1_228' title='bbox 1084 2097 1320 2147; x_wconf 84' lang='lat' dir='ltr'>petentem,</span> <span class='ocrx_word' id='word_1_229' title='bbox 1366 2094 1558 2147; x_wconf 86' lang='lat' dir='ltr'>morique</span> <span class='ocrx_word' id='word_1_230' title='bbox 1604 2105 1729 2147; x_wconf 90' lang='lat' dir='ltr'>quam</span> 
     </span>
     <span class='ocr_line' id='line_1_39' title="bbox 291 2148 1728 2204; baseline -0.001 -13"><span class='ocrx_word' id='word_1_231' title='bbox 291 2150 483 2204; x_wconf 83' lang='lat' dir='ltr'>intercipi</span> <span class='ocrx_word' id='word_1_232' title='bbox 513 2155 827 2204; x_wconf 80' lang='lat' dir='ltr'>preoptantem,</span> <span class='ocrx_word' id='word_1_233' title='bbox 861 2150 1024 2191; x_wconf 90' lang='lat' dir='ltr'>occidit.</span> <span class='ocrx_word' id='word_1_234' title='bbox 1085 2148 1313 2191; x_wconf 86' lang='lat' dir='ltr'>Enimuero</span> <span class='ocrx_word' id='word_1_235' title='bbox 1344 2149 1529 2204; x_wconf 79' lang='lat' dir='ltr'>ingenita</span> <span class='ocrx_word' id='word_1_236' title='bbox 1565 2149 1728 2190; x_wconf 88' lang='lat' dir='ltr'>Danico</span> 
     </span>
     <span class='ocr_line' id='line_1_40' title="bbox 292 2208 1729 2263; baseline -0.001 -14"><span class='ocrx_word' id='word_1_237' title='bbox 292 2208 484 2262; x_wconf 83' lang='lat' dir='ltr'>sanguini</span> <span class='ocrx_word' id='word_1_238' title='bbox 530 2208 664 2248; x_wconf 90' lang='lat' dir='ltr'>uirtus</span> <span class='ocrx_word' id='word_1_239' title='bbox 712 2208 970 2263; x_wconf 88' lang='lat' dir='ltr'>captiuitatis</span> <span class='ocrx_word' id='word_1_240' title='bbox 1016 2212 1167 2249; x_wconf 88' lang='lat' dir='ltr'>sortem</span> <span class='ocrx_word' id='word_1_241' title='bbox 1218 2208 1328 2248; x_wconf 91' lang='lat' dir='ltr'>omni</span> <span class='ocrx_word' id='word_1_242' title='bbox 1369 2208 1455 2249; x_wconf 89' lang='lat' dir='ltr'>fato</span> <span class='ocrx_word' id='word_1_243' title='bbox 1501 2208 1729 2248; x_wconf 88' lang='lat' dir='ltr'>tristiorem</span> 
     </span>
     <span class='ocr_line' id='line_1_41' title="bbox 293 2263 1726 2319; baseline -0.001 -13"><span class='ocrx_word' id='word_1_244' title='bbox 293 2266 516 2306; x_wconf 83' lang='lat' dir='ltr'>existimat.</span> <span class='ocrx_word' id='word_1_245' title='bbox 578 2266 717 2313; x_wconf 73' lang='lat' dir='ltr'>Quam</span> <span class='ocrx_word' id='word_1_246' title='bbox 738 2280 825 2307; x_wconf 90' lang='lat' dir='ltr'>rem</span> <span class='ocrx_word' id='word_1_247' title='bbox 849 2266 1036 2306; x_wconf 85' lang='lat' dir='ltr'>Skialmo</span> <span class='ocrx_word' id='word_1_248' title='bbox 1055 2264 1268 2306; x_wconf 87' lang='lat' dir='ltr'>Candidus</span> <span class='ocrx_word' id='word_1_249' title='bbox 1291 2263 1440 2319; x_wconf 83' lang='lat' dir='ltr'>(frater</span> <span class='ocrx_word' id='word_1_250' title='bbox 1463 2265 1529 2305; x_wconf 89' lang='lat' dir='ltr'>hic</span> <span class='ocrx_word' id='word_1_251' title='bbox 1546 2265 1726 2306; x_wconf 88' lang='lat' dir='ltr'>Autonis</span> 
     </span>
     <span class='ocr_line' id='line_1_42' title="bbox 293 2323 1727 2377; baseline -0.001 -14"><span class='ocrx_word' id='word_1_252' title='bbox 293 2325 400 2371; x_wconf 74' lang='lat' dir='ltr'>erat)</span> <span class='ocrx_word' id='word_1_253' title='bbox 415 2324 454 2364; x_wconf 91' lang='lat' dir='ltr'>in</span> <span class='ocrx_word' id='word_1_254' title='bbox 475 2323 754 2364; x_wconf 88' lang='lat' dir='ltr'>celeberrimis</span> <span class='ocrx_word' id='word_1_255' title='bbox 764 2323 982 2364; x_wconf 88' lang='lat' dir='ltr'>Danorum</span> <span class='ocrx_word' id='word_1_256' title='bbox 1001 2323 1185 2364; x_wconf 90' lang='lat' dir='ltr'>conciliis</span> <span class='ocrx_word' id='word_1_257' title='bbox 1203 2323 1468 2377; x_wconf 84' lang='lat' dir='ltr'>querelarum</span> <span class='ocrx_word' id='word_1_258' title='bbox 1486 2323 1727 2377; x_wconf 88' lang='lat' dir='ltr'>frequencia</span> 
     </span>
     <span class='ocr_line' id='line_1_43' title="bbox 291 2380 1727 2435; baseline 0.001 -15"><span class='ocrx_word' id='word_1_259' title='bbox 291 2384 540 2434; x_wconf 86' lang='lat' dir='ltr'>prosecutus</span> <span class='ocrx_word' id='word_1_260' title='bbox 572 2380 749 2432; x_wconf 84' lang='lat' dir='ltr'>extudit,</span> <span class='ocrx_word' id='word_1_261' title='bbox 783 2385 827 2421; x_wconf 92' lang='lat' dir='ltr'>ut</span> <span class='ocrx_word' id='word_1_262' title='bbox 858 2381 1109 2422; x_wconf 85' lang='lat' dir='ltr'>auctoritate</span> <span class='ocrx_word' id='word_1_263' title='bbox 1133 2381 1221 2421; x_wconf 87' lang='lat' dir='ltr'>eius</span> <span class='ocrx_word' id='word_1_264' title='bbox 1243 2386 1403 2421; x_wconf 89' lang='lat' dir='ltr'>motum</span> <span class='ocrx_word' id='word_1_265' title='bbox 1426 2382 1580 2435; x_wconf 89' lang='lat' dir='ltr'>uulgus</span> <span class='ocrx_word' id='word_1_266' title='bbox 1604 2380 1727 2422; x_wconf 89' lang='lat' dir='ltr'>unius</span> 
     </span>
     <span class='ocr_line' id='line_1_44' title="bbox 292 2438 1726 2492; baseline 0 -14"><span class='ocrx_word' id='word_1_267' title='bbox 292 2451 435 2479; x_wconf 90' lang='lat' dir='ltr'>necem</span> <span class='ocrx_word' id='word_1_268' title='bbox 462 2439 646 2480; x_wconf 91' lang='lat' dir='ltr'>omnium</span> <span class='ocrx_word' id='word_1_269' title='bbox 671 2452 794 2478; x_wconf 87' lang='lat' dir='ltr'>manu</span> <span class='ocrx_word' id='word_1_270' title='bbox 817 2438 1100 2479; x_wconf 82' lang='lat' dir='ltr'>ulciscendam</span> <span class='ocrx_word' id='word_1_271' title='bbox 1123 2438 1377 2480; x_wconf 84' lang='lat' dir='ltr'>decerneret.</span> <span class='ocrx_word' id='word_1_272' title='bbox 1419 2438 1540 2479; x_wconf 84' lang='lat' dir='ltr'>Adeo</span> <span class='ocrx_word' id='word_1_273' title='bbox 1573 2439 1726 2492; x_wconf 86' lang='lat' dir='ltr'>quippe</span> 
     </span>
     <span class='ocr_line' id='line_1_45' title="bbox 291 2495 1725 2551; baseline 0 -16"><span class='ocrx_word' id='word_1_274' title='bbox 291 2497 409 2546; x_wconf 55' lang='lat' dir='ltr'>regia</span> <span class='ocrx_word' id='word_1_275' title='bbox 441 2496 636 2537; x_wconf 87' lang='lat' dir='ltr'>maiestas</span> <span class='ocrx_word' id='word_1_276' title='bbox 667 2495 914 2551; x_wconf 59' lang='lat' dir='ltr'>popularem</span> <span class='ocrx_word' id='word_1_277' title='bbox 947 2502 1174 2547; x_wconf 85' lang='lat' dir='ltr'>euexerat,</span> <span class='ocrx_word' id='word_1_278' title='bbox 1222 2503 1265 2536; x_wconf 92' lang='lat' dir='ltr'>ut</span> <span class='ocrx_word' id='word_1_279' title='bbox 1297 2495 1338 2538; x_wconf 89' lang='lat' dir='ltr'>ei</span> <span class='ocrx_word' id='word_1_280' title='bbox 1369 2496 1725 2537; x_wconf 69' lang='lat' dir='ltr'>decernenti-arum</span> 
     </span>
     <span class='ocr_line' id='line_1_46' title="bbox 293 2553 1726 2608; baseline -0.001 -14"><span class='ocrx_word' id='word_1_281' title='bbox 293 2553 611 2608; x_wconf 67' lang='lat' dir='ltr'>expe‹iio‘onum</span> <span class='ocrx_word' id='word_1_282' title='bbox 650 2554 716 2595; x_wconf 91' lang='lat' dir='ltr'>ius</span> <span class='ocrx_word' id='word_1_283' title='bbox 757 2557 888 2605; x_wconf 75' lang='lat' dir='ltr'>esset,</span> <span class='ocrx_word' id='word_1_284' title='bbox 927 2554 1139 2608; x_wconf 86' lang='lat' dir='ltr'>armisque</span> <span class='ocrx_word' id='word_1_285' title='bbox 1180 2554 1360 2608; x_wconf 81' lang='lat' dir='ltr'>publicis</span> <span class='ocrx_word' id='word_1_286' title='bbox 1392 2568 1472 2594; x_wconf 91' lang='lat' dir='ltr'>non</span> <span class='ocrx_word' id='word_1_287' title='bbox 1505 2553 1726 2608; x_wconf 83' lang='lat' dir='ltr'>imperium</span> 
     </span>
    </p>
   </div>
   <div class='ocr_carea' id='block_1_9' title="bbox 226 2610 1726 2667">
    <p class='ocr_par' dir='ltr' id='par_1_11' title="bbox 226 2610 1726 2667">
     <span class='ocr_line' id='line_1_47' title="bbox 226 2610 1726 2667; baseline 0.003 -20"><span class='ocrx_word' id='word_1_288' title='bbox 226 2621 262 2648; x_wconf 72' lang='lat'>40</span> <span class='ocrx_word' id='word_1_289' title='bbox 292 2610 509 2666; x_wconf 82' lang='lat' dir='ltr'>principis,</span> <span class='ocrx_word' id='word_1_290' title='bbox 550 2612 621 2653; x_wconf 89' lang='lat' dir='ltr'>sed</span> <span class='ocrx_word' id='word_1_291' title='bbox 665 2611 798 2667; x_wconf 88' lang='lat' dir='ltr'>plebis</span> <span class='ocrx_word' id='word_1_292' title='bbox 842 2611 1060 2652; x_wconf 84' lang='lat' dir='ltr'>arbitrium</span> <span class='ocrx_word' id='word_1_293' title='bbox 1100 2612 1348 2666; x_wconf 71' lang='lat' dir='ltr'>presideret.</span> <span class='ocrx_word' id='word_1_294' title='bbox 1409 2611 1610 2653; x_wconf 86' lang='lat' dir='ltr'>Preterea</span> <span class='ocrx_word' id='word_1_295' title='bbox 1642 2611 1726 2652; x_wconf 89' lang='lat' dir='ltr'>Alli</span> 
     </span>
    </p>
   </div>
   <div class='ocr_carea' id='block_1_10' title="bbox 1785 1528 1883 1560">
    <p class='ocr_par' dir='ltr' id='par_1_12' title="bbox 1785 1528 1883 1560">
     <span class='ocr_line' id='line_1_48' title="bbox 1785 1528 1883 1560; baseline 0 -7"><span class='ocrx_word' id='word_1_296' title='bbox 1785 1537 1811 1560; x_wconf 79' lang='grc' dir='ltr'>μ.</span> <span class='ocrx_word' id='word_1_297' title='bbox 1831 1528 1883 1553; x_wconf 82' lang='grc'>604</span> 
     </span>
    </p>
   </div>
  </div>
 </body>
</html>
