1884 3126
259 887 291 914 10

257 1178 289 1205 15

254 1464 290 1491 20

254 2044 290 2071 30

253 2334 289 2361 35

326 230 379 272 58
908 228 1180 270 —II—

325 356 492 398 crebras
525 369 738 398 armorum
769 370 927 398 massas
959 355 1114 398 diuersi
1145 355 1313 410 generis
1346 354 1598 410 tegminibus
1632 354 1763 396 obuo-

324 415 432 455 lutas
473 413 621 455 tributi
662 428 777 456 more
819 428 894 469 per
925 413 1241 455 Hiarthwarum
1282 414 1322 454 in
1364 413 1545 454 Daniam
1589 411 1763 467 perferri

323 472 452 524 iubet,
484 471 701 513 occidendi
731 476 859 514 noctu
891 472 1000 526 regis
1031 472 1247 513 materiam
1280 470 1526 526 prebituras.
1578 470 1761 512 Refertis

323 531 470 584 itaque
511 530 616 571 falsa
656 530 927 584 uectigalium
959 529 1069 571 mole
1102 529 1295 583 nauigiis,
1328 528 1528 570 Lethram
1559 529 1763 583 pergitur,

322 587 434 642 quod
468 586 694 642 oppidum,
736 602 759 628 a
792 587 985 630 Roluone
1030 591 1317 629 constructum
1366 586 1613 641 eximiisque
1645 587 1765 640 regni

323 645 473 700 opibus
504 645 773 697 illustratum,
806 646 953 687 ceteris
986 645 1212 686 confinium
1245 645 1558 699 prouinciarum
1590 643 1763 685 urbibus

322 703 435 757 regie
459 702 726 744 fundacionis
749 707 791 744 et
812 702 925 745 sedis
947 703 1198 744 auctoritate
1219 702 1447 757 prestabat.
1487 702 1584 743 Rex
1606 701 1764 743 aduen-

322 765 410 802 tum
444 760 701 802 Hiarthwari
734 761 966 803 conuiualis
1012 761 1200 815 impense
1232 760 1392 802 deliciis
1423 764 1673 815 prosecutus
1705 760 1765 800 in-

321 819 441 873 genti
463 832 507 860 se
529 819 709 873 pocione
735 818 963 874 proluerat,
998 819 1234 873 hospitibus
1266 821 1408 872 preter
1439 832 1599 859 morem
1631 817 1762 858 ebrie-

321 877 419 918 tatis
445 877 823 931 intemperanciam
855 876 1189 918 formidantibus.
1235 874 1396 917 Ceteris
1418 875 1544 929 igitur
1566 875 1763 917 alciorem

322 934 588 989 carpentibus
619 947 824 987 somnum,
859 934 1061 986 Sueones,
1095 934 1245 989 quibus
1276 933 1442 975 scelesti
1463 933 1592 975 libido
1615 947 1763 988 propo-

321 992 388 1033 siti
420 1006 683 1033 communem
716 993 867 1047 quietis
900 1006 1022 1033 usum
1040 991 1270 1044 ademerat,
1304 990 1506 1032 cubiculis
1527 990 1670 1032 furtim
1692 991 1764 1032 de-

321 1050 406 1092 labi
439 1064 600 1105 cepere.
648 1050 848 1104 Aperitur
892 1050 1002 1091 illico
1045 1050 1226 1091 telorum
1259 1048 1427 1090 occlusa
1459 1048 1689 1103 congeries,
1723 1052 1764 1090 et

323 1122 399 1149 sua
440 1108 518 1149 sibi
561 1108 736 1163 quisque
778 1108 930 1149 tacitus
973 1121 1088 1148 arma
1121 1107 1345 1149 connectit.
1407 1106 1573 1148 Deinde
1605 1107 1764 1160 regiam

321 1169 497 1221 petunt,
540 1166 795 1221 irruptisque
834 1165 1122 1222 penetralibus
1164 1166 1205 1206 in
1249 1164 1552 1206 dormiencium
1592 1178 1765 1220 corpora

321 1222 487 1279 ferllrum
530 1223 810 1278 destringunt.
880 1223 1132 1277 Experrecti
1175 1223 1434 1277 complures,
1482 1222 1633 1277 quibus
1679 1235 1763 1263 non

322 1282 457 1323 minus
491 1282 630 1323 subite
662 1281 792 1322 cladis
824 1281 986 1334 horror,
1017 1295 1142 1336 quam
1173 1281 1309 1322 somni
1341 1284 1489 1336 stupor
1520 1280 1763 1330 incesserat,

322 1339 448 1381 dubio
482 1339 574 1380 nisu
607 1339 835 1381 discrimini
866 1339 1070 1390 restitere,
1102 1339 1203 1380 socii
1226 1354 1278 1380 an
1301 1337 1444 1379 hostes
1469 1335 1764 1393 ocleurrerent,

320 1399 456 1439 noctis
498 1411 638 1439 errore
681 1397 886 1439 incertum
932 1396 1151 1438 reddente.
1212 1395 1417 1438 Eiusdem
1449 1395 1558 1437 forte
1591 1396 1764 1437 silencio

322 1456 454 1496 noctis
486 1455 648 1506 Hialto,
682 1456 753 1510 qui
784 1455 892 1496 inter
923 1454 1064 1509 regios
1093 1468 1287 1509 proceres
1320 1457 1507 1508 spectate
1545 1454 1766 1508 probitatis

322 1514 470 1556 merito
504 1512 810 1568 preeminebat,
852 1527 921 1554 rus
965 1526 1180 1567 egressus,
1224 1512 1350 1553 scorti
1391 1526 1435 1553 se
1476 1511 1766 1566 complexibus

324 1571 513 1613 dederat.
576 1571 660 1612 Hic
692 1585 785 1612 cum
820 1571 1017 1612 obortum
1054 1584 1198 1624 pugne
1229 1570 1439 1625 fragorem
1471 1569 1640 1624 stupida
1672 1583 1766 1624 pro-

323 1629 390 1670 cul
418 1643 519 1671 aure
551 1630 763 1679 sensisset,
795 1628 1086 1670 fortitudinem
1117 1629 1284 1669 luxurie
1315 1628 1502 1682 pretulit,
1534 1627 1767 1682 maluitque

322 1687 537 1729 funestum
569 1686 716 1728 Martis
750 1686 968 1728 discrimen
991 1689 1218 1742 appetere,
1251 1700 1373 1742 quam
1409 1685 1568 1727 blandis
1589 1685 1765 1727 Veneris

254 1773 268 1780 -
320 1745 529 1786 illecebris
571 1744 803 1799 indulgere.
868 1744 1039 1793 Quanta
1073 1745 1183 1785 hunc
1226 1744 1398 1784 militem
1440 1744 1551 1798 regis
1593 1743 1765 1784 caritate

322 1804 523 1858 flagrasse
550 1808 762 1857 putemus,
795 1802 878 1857 qui,
911 1816 1004 1844 cum
1028 1802 1269 1857 ignorancie
1293 1801 1567 1843 simulacione
1591 1814 1766 1842 excusa-

322 1861 485 1902 cionem
526 1861 724 1902 absencie
765 1865 952 1915 prestare
980 1864 1135 1914 posset,
1179 1859 1357 1901 salutem
1390 1874 1510 1900 suam
1544 1858 1765 1901 manifesto

321 1919 510 1974 periculo
560 1919 764 1971 obiicere,
807 1933 933 1973 quam
978 1917 1191 1972 uoluptati
1231 1931 1405 1960 seruare
1445 1917 1583 1958 sacius
1624 1916 1767 1959 existi-

323 1976 485 2018 mauit?
537 1975 833 2018 Discedentem
865 1976 1006 2032 pellex
1038 1975 1302 2030 percunctari
1334 1974 1469 2030 cepit,
1512 1975 1546 2015 si
1577 1974 1666 2030 ipso
1701 1987 1765 2015 ca-

319 2039 424 2088 reat,
457 2035 573 2076 cuius
608 2035 732 2076 etatis
763 2034 854 2075 uiro
887 2034 1046 2075 nubere
1080 2033 1247 2076 debeat.
1312 2033 1448 2081 Quam
1481 2031 1641 2086 Hialto,
1674 2045 1766 2087 per-

321 2092 419 2134 inde
450 2107 499 2135 ac
529 2093 735 2134 secrecius
768 2092 1040 2145 allocuturus,
1073 2091 1245 2147 propius
1279 2090 1482 2133 accedere
1504 2090 1674 2143 iussam,
1707 2090 1766 2130 in-

322 2150 520 2206 dignatus
551 2150 705 2192 amoris
737 2150 816 2192 sibi
847 2164 1136 2192 successorem
1167 2149 1333 2204 requiri,
1365 2148 1529 2204 preciso
1560 2162 1663 2190 naso
1698 2147 1766 2188 de-

321 2210 499 2251 formem
539 2208 741 2258 reddidit,
787 2208 1159 2262 erubescendoque
1199 2207 1375 2249 uulnere
1419 2206 1640 2249 libidinose
1671 2220 1765 2261 per-

322 2266 603 2309 cunctacionis
636 2266 794 2307 dictum
826 2266 1058 2318 mulctauit,
1090 2265 1240 2306 mentis
1263 2264 1478 2307 lasciuiam
1501 2264 1583 2306 oris
1604 2264 1766 2305 iactura

321 2324 639 2381 temperandam
680 2324 934 2365 existimans.
998 2324 1092 2372 Quo
1119 2323 1245 2376 facte,
1288 2323 1468 2364 liberum
1514 2323 1675 2377 quesite
1706 2321 1767 2362 rei

321 2383 520 2425 iudicium
553 2396 577 2423 a
606 2395 650 2424 se
686 2382 722 2423 ei
753 2382 929 2437 relinqui
979 2380 1097 2424 dixit.
1158 2381 1264 2422 Post
1306 2379 1386 2422 hec
1426 2380 1608 2435 repetito
1650 2379 1764 2421 ocius

322 2441 492 2497 oppido,
525 2439 840 2482 confertissimis
863 2454 908 2481 se
930 2439 1065 2494 globis
1089 2439 1313 2494 immergit,
1345 2437 1632 2493 aduersaeque
1655 2437 1764 2477 acies

320 2503 468 2540 mutua
500 2498 722 2540 uulnerum
752 2497 984 2539 infliccione
1016 2497 1258 2552 prosternit.
1299 2496 1489 2550 Cumque
1522 2494 1765 2536 dormientis

320 2556 459 2598 adhuc
490 2555 706 2598 Biarconis
740 2555 979 2597 cubiculum
1024 2555 1267 2611 preteriret,
1313 2553 1551 2609 expergisci
1590 2553 1763 2606 iussum,

256 2623 295 2651 40
327 2615 401 2656 tali
433 2627 540 2656 uoce
570 2612 814 2670 compellat:

1802 1226 1870 1260 (32)

1794 1361 1822 1386 p.
1842 1356 1875 1379 eo
