1884 3126
239 921 270 948 lO

234 1213 267 1240 15

232 1493 268 1520 20

230 2072 267 2100 30

231 2361 266 2388 35

230 2654 265 2681 40

305 270 387 311 650
869 290 918 296 -
980 264 1065 306 XV
1127 288 1179 294 —-

305 395 447 437 centis.
510 394 727 441 Querente
759 405 871 446 rege,
905 395 1107 446 quantum
1141 392 1194 432 ab
1227 405 1276 432 eo
1311 390 1416 432 dotis
1455 391 1623 432 nomine
1655 391 1740 433 exi-

303 456 496 507 geretur,
530 450 656 505 legati
687 465 731 492 se
759 450 951 503 ignorare
984 448 1155 501 dixere,
1187 462 1361 503 remque
1393 448 1445 489 ad
1481 449 1646 490 Cesaris
1676 463 1741 491 ar-

306 509 469 551 bitrium
514 509 711 549 letulere.
772 506 813 549 A
844 521 926 561 quo
969 508 1217 561 rescriptum
1263 511 1346 549 est
1390 507 1619 548 curandum
1653 508 1743 562 regi

303 566 517 608 Lubecam
551 570 714 620 petere,
748 571 897 606 cuncta
929 579 1068 606 secum
1100 565 1183 606 illic
1216 564 1471 606 commodius
1503 564 1740 607 definituro.

306 623 652 688 Obtcmperatum
695 623 864 678 rogatui
907 629 981 663 est.
1044 622 1211 663 Interea
1245 622 1400 674 Cesar,
1445 622 1637 664 omnibus
1667 624 1743 664 im-

302 681 404 737 perii
436 681 577 722 neruis
610 680 663 721 ad
697 680 938 722 obruendas
970 680 1146 721 Henrici
1186 685 1327 735 partes
1368 681 1585 733 connisus,
1615 680 1742 722 urbes

304 739 393 780 eius
424 739 579 793 passim
611 738 664 779 ad
697 753 742 780 se
775 737 1017 779 deficientes
1048 738 1088 778 in
1123 737 1386 780 dedicionem
1427 739 1598 793 recepit.
1660 738 1742 780 De·
1785 747 1790 750 “

302 796 499 837 feccionis
551 809 676 838 causa
728 810 811 838 non
865 803 950 837 tam
999 795 1163 837 Cesaris
1211 809 1350 848 amor,
1400 810 1524 851 quam
1568 796 1742 837 Henrici

303 853 442 895 odium
486 853 639 895 extitit.
700 854 742 895 Is
785 853 990 908 siquidem
1032 854 1168 894 nimiis
1210 867 1259 895 ac
1291 853 1500 906 diuturnis
1531 854 1741 901 felicitatis

300 911 561 953 successibus
594 911 750 964 elatus,
791 912 916 967 inque
959 925 1124 952 summo
1167 911 1337 953 fortune
1367 911 1538 967 fastigio
1581 912 1741 953 nullum

300 970 420 1010 luine
470 969 784 1011 incommodum
833 969 1093 1024 suspicatus,
1140 969 1347 1011 subiectas
1398 970 1613 1025 tyrannidi
1665 984 1742 1013 sue

299 1027 484 1068 ceruices
526 1027 726 1068 inusitata
770 1027 1075 1068 dominacionis
1118 1027 1275 1069 seuicia
1319 1031 1445 1082 atque
1486 1027 1742 1069 intolerabili

297 1085 462 1126 'morum
494 1085 723 1126 acerbitate
756 1085 967 1138 uexabat,
1010 1099 1087 1127 nec
1128 1085 1238 1126 hosti
1272 1098 1395 1140 quam
1431 1085 1509 1126 ciui
1541 1086 1744 1140 importu-

298 1143 390 1183 nior
429 1143 610 1183 existere
655 1150 948 1185 consueuerat.
1011 1143 1147 1196 Igitur
1190 1157 1270 1183 non
1313 1143 1428 1185 bello
1471 1149 1544 1184 aut
1586 1142 1742 1193 clade‚'⁴¹‘

299 1200 372 1242 sed
420 1199 568 1241 fraude
610 1201 788 1242 militum
834 1207 874 1242 et
920 1200 1165 1243 desercione
1211 1201 1370 1242 uiribus
1415 1201 1599 1254 amissis,
1647 1215 1738 1243 cum

300 1259 411 1299 solas
443 1258 533 1313 spei
564 1259 763 1314 reliquias
795 1260 836 1300 in
859 1257 1312 1313 Trans[l]albianorum
1337 1257 1518 1312 auffinliis
1549 1259 1739 1310 haberet,

300 1316 469 1357 Lubeco
502 1315 658 1371 oppido
683 1317 842 1367 relicto,
875 1316 987 1371 quod
1009 1332 1057 1368 se,
1086 1317 1174 1358 eius
1197 1317 1389 1358 menibus
1421 1332 1570 1372 parum
1603 1322 1739 1358 tutum

301 1374 590 1427 arbitraretur,
624 1389 785 1416 summa
819 1389 911 1416 curn
943 1374 1219 1417 festinacione
1251 1376 1456 1430 correptis
1479 1375 1670 1425 nauibus,
1700 1374 1741 1416 in

301 1431 594 1482 Stormariam,
646 1433 841 1474 intimum
885 1432 986 1487 fuge
1033 1447 1107 1474 sue
1154 1433 1487 1488 receptaculum,
1533 1438 1740 1489 penetrat.

301 1490 439 1531 Huius
486 1490 702 1543 prouincie
749 1504 893 1546 preses
939 1490 1145 1535 Adulfus,
1198 1490 1509 1546 apudlipsum
1558 1490 1739 1546 profusis

301 1547 485 1589 caritatis
529 1548 674 1588 officiis
706 1562 730 1589 a
771 1562 900 1602 puero
940 1549 1087 1599 alitus,
1128 1548 1351 1604 feliciaque
1395 1554 1545 1591 nature
1587 1549 1742 1603 pariter

302 1620 349 1647 ac
379 1605 544 1646 fortune
577 1606 838 1648 incrementa.
861 1608 1048 1659 sortitus,
1082 1611 1208 1661 atque
1231 1606 1283 1647 ad
1309 1606 1497 1648 ordinem
1519 1607 1742 1648 militarem

301 1664 474 1705 summis
507 1663 789 1706 beneficencie
831 1664 977 1705 studiis
1017 1669 1269 1719 prouectuS,
1302 1672 1387 1706 tam
1419 1664 1558 1707 fedam
1590 1664 1742 1706 educa-

302 1722 431 1762 cionis
464 1735 537 1762 suc
570 1722 806 1763 mercedem
841 1723 1044 1769 exsoluit,
1086 1727 1134 1763 ut
1165 1723 1272 1764 inter
1305 1737 1449 1764 omnes
1483 1723 1740 1764 Henriciane

232 1782 247 1808 ‘2
299 1779 449 1820 milicie
492 1780 664 1821 comites
709 1780 869 1834 primus
915 1795 960 1822 se
1007 1779 1234 1821 defectoris
1281 1780 1451 1822 nornine
1494 1781 1740 1822 macularet.

299 1837 404 1878 Post
451 1837 528 1877 hec
573 1852 596 1877 a
643 1836 797 1879 Cesare
842 1838 1039 1893 nauigia,
1090 1838 1240 1892 quibus
1284 1838 1452 1879 Albiam
1506 1842 1740 1894 superaret,

300 1894 527 1950 sagittariis
570 1902 610 1936 et
652 1895 937 1937 funditoribus
982 1897 1213 1950 completa,
1261 1909 1335 1951 per
1381 1910 1559 1951 pronum
1606 1896 1740 1936 amnis

299 1953 467 1994 alueum
499 1952 794 1995 immittuntur.
856 1954 954 1995 Pari
986 1953 1124 1995 studio
1158 1954 1323 2006 classis,
1370 1955 1579 2009 exquisito
1612 1953 1741 1996 bella-

299 2015 438 2051 torum
469 2011 636 2064 agmine
667 2011 844 2062 referta,
878 2011 930 2053 ad
971 2011 1286 2067 impediendum
1319 2011 1483 2053 Cesaris
1517 2012 1738 2053 traiectum

298 2068 350 2108 ab
391 2068 577 2110 Henrico
618 2073 845 2110 contracta.
908 2069 1002 2117 Que
1041 2075 1264 2125 postquam
1306 2069 1522 2111 hostilium
1567 2071 1739 2110 nauium

300 2126 613 2167 multitudinem
643 2127 684 2167 in
719 2131 946 2181 conspectu
979 2126 1140 2179 habuit,
1175 2127 1406 2169 earundem
1439 2141 1614 2169 numero
1648 2141 1740 2182 per-

299 2183 540 2234 terrefacta,
572 2185 793 2239 proposito
826 2199 901 2239 per
930 2184 1077 2240 fugam
1111 2185 1305 2236 deserto,
1340 2184 1482 2226 Cesari
1515 2185 1738 2226 transitum

300 2242 435 2283 cessit.
508 2241 590 2289 Qui
634 2242 732 2283 dum
781 2242 984 2298 oppidum
1034 2242 1250 2284 Lubecum
1300 2243 1496 2284 obsidere
1545 2244 1738 2298 cepisset

298 2299 634 2354 Bogyszlauique
682 2305 722 2341 et
769 2299 995 2356 Kazymari
1046 2300 1226 2341 fratrum
1277 2301 1388 2342 uires
1440 2300 1492 2341 ad
1543 2297 1738 2356 modum}

298 2362 515 2411 suspectas
548 2357 749 2410 haberet,
794 2360 961 2413 utrique
994 2371 1038 2399 se
1068 2358 1264 2414 potencie
1296 2362 1339 2398 et
1372 2358 1573 2399 claritatis
1606 2358 1738 2399 incre--

299 2418 440 2455 menta
471 2415 681 2469 daturum,
715 2391 947 2457 subornata
980 2416 1210 2469 legacione,
1234 2416 1452 2471 promittit,
1486 2416 1740 2471 prouincias,

300 2486 403 2528 quas
449 2472 651 2513 hactenus
691 2473 867 2514 obscure
908 2478 950 2514 et
989 2473 1078 2514 sine
1119 2473 1328 2514 honorum
1370 2473 1605 2527 insignibus
1648 2487 1741 2527 ges-

300 2531 450 2583 serint,
496 2533 759 2584 satraparum
805 2530 974 2572 nomine
1017 2530 1263 2585 recepturis.
1339 2531 1529 2572 Iocunda
1574 2530 1739 2572 Cesaris

301 2588 431 2630 tocies
472 2589 524 2630 ab
557 2587 743 2630 Henrico
784 2588 880 2630 lesis
911 2589 1134 2643 promissio
1177 2589 1337 2641 extitit,
1378 2602 1461 2629 non
1503 2589 1738 2642 intelligen-

297 2646 434 2700 tibus,
465 2645 546 2688 sibi
576 2645 654 2688 sub
695 2645 835 2702 specie
877 2646 1068 2688 beneficii
1112 2645 1305 2687 deforme
1336 2646 1551 2688 seruitutis
1594 2647 1739 2700 iugum

1779 1208 1852 1236 cx

1794 1265 1827 1300 (3
1881 1252 1883 1255 ’

1794 2375 1845 2414 ρ’,
