1884 3126
278 876 310 902 10

276 1165 310 1192 15

272 1743 309 1770 25

274 2032 311 2060 30

271 2322 307 2350 35

270 2613 308 2642 40

343 214 426 255 124
932 213 1200 255 —V—

343 342 531 383 fastidire
574 341 754 385 dicebat.
815 342 930 384 Nulli
977 345 1134 386 etenim
1163 344 1376 398 quondam
1406 343 1634 384 illustrium
1665 340 1784 384 femi-

343 414 493 441 narum
533 399 753 442 connubiis
791 400 933 443 idonei
974 401 1286 454 comebantur,
1318 402 1397 443 nisi
1429 401 1499 456 qui
1530 400 1608 442 sibi
1638 399 1783 454 ingens

343 458 454 498 fame
476 458 664 512 precium
686 462 899 512 gestarum
923 459 1141 513 insigniter
1162 473 1304 501 rerum
1326 459 1493 514 fulgore
1516 457 1782 500 struxissent.

343 515 563 556 Summum
602 516 641 556 in
685 530 814 570 proco
859 516 1012 558 uicium
1057 517 1218 559 desidia
1257 517 1350 559 fuit.
1411 516 1527 558 Nihil
1569 515 1703 569 magis
1743 515 1782 555 in

342 573 588 628 nupciarum
639 574 820 628 petitore
872 588 997 629 quam
1044 575 1243 617 claritatis
1290 572 1445 629 inolpia
1489 573 1782 615 damnabatur.

342 630 442 671 Sola
463 630 594 685 glorie
619 631 789 673 ubertas
812 637 1048 674 ceterarum
1079 647 1221 674 rerum
1253 632 1517 688 opulenciam
1538 630 1782 673 exhibebat.

341 687 491 730 Puelle
523 703 693 744 quoque
726 703 810 730 non
842 694 927 731 tam
961 691 1232 745 procancium
1254 705 1298 731 se
1320 691 1491 743 formas,
1524 703 1647 744 quam
1671 687 1784 729 edita

342 747 531 811 speciose
562 746 748 788 facinora
790 748 1062 789 mirabantur.
1124 748 1261 803 Igitur
1290 748 1434 803 legati,
1467 748 1556 789 uoti
1588 747 1784 800 despera-

341 804 462 846 cione
494 809 724 859 torpentes,
756 805 996 848 ulteriorem
1028 806 1088 847 rei
1120 810 1316 848 conatum
1339 806 1534 848 Gotware
1555 804 1784 860 prudencie

341 861 525 904 tradunt.
586 862 666 904 Illa
697 877 783 904 non
813 863 954 906 uerbis
986 863 1135 916 modo,
1178 864 1251 905 scd
1295 864 1424 906 eciam
1457 864 1591 905 succis
1622 863 1662 903 in
1695 861 1783 904 Ve-

342 933 484 961 nerem
524 920 665 961 mixtis
706 921 912 975 uirginem
956 935 1160 963 eneruare
1208 926 1382 975 conata,
1427 935 1619 963 asserere
1660 920 1783 975 cepit,

342 977 602 1019 Frothonem
633 979 729 1020 leua
760 983 960 1034 tanquam
993 979 1144 1020 dext1a
1173 984 1386 1033 utentem,
1428 978 1557 1020 nandi
1587 978 1785 1020 dimica-n-

342 1035 470 1101 dique
520 1036 872 1091 promptissimam
922 1037 1079 1079 habere
1128 1037 1339 1092 periciam.
1411 1037 1566 1079 Oblata
1617 1050 1783 1092 quoque

341 1094 521 1148 pocione
553 1094 733 1148 rigelem
765 1095 906 1149 puelle
939 1094 1134 1151 cupidine
1172 1096 1453 1149 permutauit,
1485 1094 1783 1149 Veneremque

341 1156 382 1192 et
414 1152 675 1206 uoluptatem
708 1152 864 1194 abolite
894 1153 1198 1208 indignacionis
1229 1154 1323 1195 loeo
1357 1153 1584 1195 constituit.
1617 1150 1784 1194 Deinde

342 1209 632 1251 Westmarum
691 1209 978 1266 Colonemque
1011 1225 1103 1252 cum
1152 1225 1294 1253 e01um
1326 1212 1468 1252 liberis
1500 1210 1553 1252 de
1584 1209 1787 1251 industria

342 1267 458 1308 adire
481 1281 624 1321 regem
644 1268 921 1323 iterandeque
943 1269 1151 1324 legacioni
1172 1269 1363 1310 insistere
1396 1269 1532 1322 iubet,
1554 1272 1784 1323 postremo,

342 1326 375 1366 si
423 1325 633 1367 difficilem
684 1327 970 1383 accepissent,
1021 1341 1162 1382 pugne
1208 1328 1520 1383 prouocaeione
1566 1325 1786 1381 preuenire

341 1384 569 1438 repulsam.

477 1441 614 1496 Igitur
637 1440 918 1496 VVestmarus,
948 1443 1105 1497 regiam
1128 1456 1221 1483 cum
1245 1442 1414 1484 armatis
1445 1442 1671 1497 ingressus,
1701 1442 1783 1482 iam

340 1504 414 1540 aut
445 1499 641 1554 precibus
674 1500 863 1556 obsequi,
895 1501 1044 1556 inquit,
1076 1505 1149 1542 aut
1181 1514 1325 1556 pugna
1356 1505 1579 1556 precantes
1610 1498 1784 1554 aggredi

342 1570 515 1598 necesse
560 1558 650 1599 erit.
726 1558 942 1613 Elegimus
987 1559 1176 1614 speciose
1221 1558 1415 1613 defungi,
1458 1572 1582 1613 quam
1625 1557 1783 1599 infecta

342 1615 562 1669 legacione
603 1617 783 1669 reue1ti,
831 1630 884 1658 ne
924 1617 1093 1682 repulsa
1131 1616 1217 1658 fedi
1265 1616 1571 1683 ‘piopositoque
1619 1614 1698 1657 ua*
1691 1614 1779 1668 eui,
1791 1616 1884 1646 XXX

340 1672 453 1714 unde
473 1673 652 1727 gloriam
674 1674 903 1729 impetrare
926 1674 1203 1730 sperauimus‚
1236 1675 1325 1716 eius
1349 1674 1604 1716 eontrarium
1628 1672 1783 1715 refera-

339 1745 444 1772 mus.
507 1730 550 1772 Si
580 1735 722 1773 natam
754 1745 898 1786 negas,
938 1732 1112 1773 admitte
1143 1746 1354 1788 pugnam·
1399 1733 1578 1774 alterum
1610 1745 1782 1773 necesse

343 1794 407 1831 est
438 1792 615 1844 prestes.
676 1790 784 1832 Mori
817 1794 891 1831 aut
923 1790 1115 1832 exaudiri
1147 1791 1359 1833 uolumus.
1409 1790 1539 1845 Apud
1572 1795 1613 1832 te
1644 1789 1782 1831 sinon

340 1847 449 1900 leta,
493 1847 644 1888 saltem
692 1847 825 1890 tristia
871 1849 1111 1903 percepturi
1147 1863 1303 1890 sumus.
1379 1848 1554 1890 Graeius
1599 1850 1783 1889 nostram

340 1904 501 1946 Frotho
537 1905 719 1960 cladem,
752 1919 875 1960 quam
909 1906 1122 1961 repulsam
1155 1906 1350 1961 excipiet.
1410 1905 1499 1948 Nec
1542 1906 1664 1961 plura
1699 1904 1783 1945 elo-

342 1966 476 2014 cutus,
508 1962 703 2017 iugulum
748 1964 859 2018 regis
889 1963 1001 2005 ferro
1034 1978 1078 2006 se
1114 1964 1346 2019 petiturum
1377 1964 1574 2006 minatur.
1626 1963 1783 2005 Contra

340 2035 429 2073 reX‚
461 2035 545 2062 non
578 2020 742 2074 decere,
784 2022 853 2074 ait,
894 2021 1211 2076 amplitudinem
1242 2022 1415 2076 regiam,
1458 2036 1583 2076 quem
1624 2021 1784 2062 honore

340 2079 600 2134 precelleret,
631 2093 787 2134 equare
810 2079 1019 2131 conflictu,
1049 2093 1126 2121 nec
1150 2084 1344 2135 oportere
1366 2079 1570 2133 dignitate
1602 2079 1783 2133 impares

339 2151 481 2192 pugne
504 2137 683 2192 paritate
705 2137 894 2180 conferri.
952 2138 1012 2179 At
1034 2137 1302 2179 Westmarus
1334 2137 1438 2179 nihil
1470 2137 1522 2179 de
1545 2136 1784 2179 certaminis

343 2195 645 2237 exhortacione
656 2196 884 2247 remittens,
904 2195 956 2237 ad
974 2195 1167 2236 ultimum
1179 2195 1312 2250 ipsam
1325 2195 1499 2250 uirginis
1513 2198 1694 2236 mentem
1711 2208 1783 2235 ex-

339 2254 507 2308 plorare
523 2252 706 2307 iubetur,
731 2253 844 2308 quod
858 2253 1019 2308 antiqui
1036 2254 1077 2295 in
1096 2253 1456 2295 matrimoniorum
1471 2252 1638 2295 delectu
1649 2252 1783 2294 libera

338 2315 542 2366 nupturas
575 2311 752 2365 opcione
784 2310 1021 2353 donassent.
1076 2311 1268 2353 Herebat
1299 2311 1503 2366 siquidem
1535 2311 1672 2352 animo
1704 2323 1782 2350 rex

338 2369 448 2411 inter
499 2372 660 2410 metum
705 2367 711 2422 Ι
752 2382 895 2424 pugne
944 2368 1235 2425 pudoremque
1284 2368 1449 2424 trepida
1502 2367 1782 2423 fluctuacione

340 2440 582 2482 suspensus
651 2426 720 2467 Ita
762 2426 1029 2468 Westmarus
1069 2426 1121 2468 ad
1166 2427 1471 2482 precordialem
1511 2426 1651 2481 puelle
1691 2438 1782 2466 sen-

340 2484 522 2527 tenciam
568 2484 804 2539 relegatus,
850 2483 987 2526 sciens
1031 2484 1229 2526 feminam
1278 2499 1446 2526 omnem
1491 2488 1540 2524 ut
1584 2482 1782 2525 uolubilis

340 2542 481 2595 animi,
513 2542 572 2583 ita
594 2541 758 2584 uersilis
780 2553 872 2584 esse
894 2543 1115 2597 propositi,
1148 2546 1265 2583 tanto
1296 2556 1383 2584 rem
1406 2541 1607 2583 fidencius
1630 2540 1782 2594 exequi

339 2601 466 2656 cepit,
493 2604 659 2657 *quanto
700 2599 913 2655 uirginum
957 2600 1066 2642 uotis
1108 2601 1202 2656 plus
1233 2600 1448 2642 uarietatis
1492 2600 1632 2642 inesse
1671 2611 1782 2640 com-
