1884 3126
282 256 365 297 164
873 254 1135 297 ..v—

279 384 359 426 bus
402 382 512 424 diem
554 380 675 437 egit..
710 380 851 423 Noctu
890 382 1089 438 utrinque
1133 384 1325 440 receptui
1369 384 1609 426 consultum
1652 389 1726 428 est.

279 443 529 498 Appetente
561 439 746 481 diluculo
779 441 995 483 terrestria
1023 454 1271 495 permensus
1294 442 1543 496 superuenit
1563 441 1726 486 Ericus.

281 501 364 542 Hic
394 499 485 554 regi
525 501 736 540 certamen
782 499 976 552 suggerit
1015 499 1270 542 iterandum.
1335 499 1429 548 Quo
1466 500 1575 542 bello
1607 504 1726 543 tanta

281 558 333 599 de
364 558 497 599 Danis
528 560 690 612 strages
722 561 898 611 accepta
930 561 1016 612 est,
1063 561 1110 598 ut
1142 572 1163 598 e
1196 558 1325 599 ternis
1357 558 1528 599 nauium
1559 558 1726 600 milibus

230 626 247 653 5
279 616 368 658 sole
393 619 562 658 eentum
594 614 864 669 septuaginta
895 615 1146 670 superstites
1176 615 1305 657 fuisse
1336 615 1575 659 credantur.
1617 616 1726 658 Nor-

279 675 421 716 manni
453 687 553 715 uero
585 677 670 713 tam
701 676 824 713 uasta
855 672 975 714 clade
1006 673 1134 715 deleti
1166 678 1282 726 sunt,
1326 678 1373 715 ut
1405 672 1520 715 fama
1560 675 1635 726 sit,
1675 689 1727 716 ne

280 732 426 787 quinte
458 731 626 787 quidem
658 730 847 772 uicorum
877 732 986 785 parti
1019 732 1274 774 remansisse
1306 733 1523 774 cultorem.

418 790 565 832 Victor
609 788 795 839 Frotho‚
845 802 996 843 pacem
1045 804 1121 844 per
1170 804 1315 832 omnes
1360 794 1509 845 gentes
1554 791 1728 832 reficere
1783 810 1810 835 1>-
1829 801 1878 828 247

281 848 468 904 cupiens,
500 851 546 889 ut
579 847 702 887 unius
734 847 938 901 cuiusque
968 860 1054 888 rem
1076 848 1325 889 familiarem
1348 861 1372 888 a
1393 847 1535 889 furum
1556 849 1728 890 incursu

215 918 248 946 10
278 910 414 949 tutam
459 909 691 961 prestaret,
739 905 962 959 ociumque
1007 906 1148 959 regnis
1194 910 1291 961 post
1333 919 1449 947 arma
1493 906 1727 957 adsereret,

280 965 488 1007 armillam
520 977 646 1005 unam
678 964 721 1003 in
752 976 869 1017 rupe,
901 977 1028 1017 quam
1046 963 1277 1004 Frothouis
1299 972 1464 1019 petram
1494 965 1727 1019 nominant,

279 1023 456 1065 alteram
489 1022 601 1077 apud
620 1020 722 1075 Wig
753 1021 1025 1075 prouinciam,
1057 1021 1202 1063 habita
1234 1036 1328 1063 oum
1362 1021 1725 1077 Noruagiensibus

280 1081 503 1134 concione,
549 1078 720 1130 defixit,
766 1078 902 1120 edicte
947 1092 971 1119 a
1010 1093 1055 1120 se
1096 1080 1340 1121 innocencie
1387 1082 1726 1135 experimentum

280 1139 475 1192 daturas,
522 1137 740 1179 subductis
787 1135 956 1183 iisdem,
1002 1137 1045 1177 in
1087 1152 1230 1179 omnes
1279 1137 1489 1192 regiossnis
1534 1139 1726 1193 presides
1810 1148 1850 1176 m

216 1206 248 1233 15
279 1194 704 1239 animaduertendum
725 1194 924 1236 minatus.
967 1195 1122 1250 Itaque
1146 1210 1309 1237 summo
1327 1209 1421 1236 cum
1439 1195 1726 1250 prefectorum

279 1255 467 1311 periculo
515 1267 663 1295 aurum
709 1252 866 1307 absque
915 1254 1107 1294 custodia
1160 1254 1307 1295 mediis
1359 1253 1534 1295 affixum
1594 1255 1727 1296 triuiis

279 1326 481 1368 magnum
514 1310 695 1353 auaricie
726 1310 1034 1351 irritamentum
1066 1312 1277 1365 exstabat,
1309 1316 1545 1367 opportuna
1576 1314 1723 1368 rapine

280 1371 414 1427 preda
443 1371 570 1426 plena
602 1367 843 1423 cupiditatis
875 1368 1042 1423 ingenia
1072 1373 1349 1424 prouocante.
1408 1369 1566 1411 Statuit
1602 1370 1725 1424 idem,

279 1434 328 1471 ut
358 1429 608 1483 nauigantes
648 1426 827 1482 repertis
871 1427 1109 1483 ubicunque
1155 1428 1280 1469 remis
1324 1428 1438 1469 licite
1469 1427 1725 1471 fruerentur.

213 1496 250 1524 20
281 1489 463 1529 Amnem
495 1500 599 1527 uero
631 1484 869 1526 transituris
900 1499 1020 1526 usum
1054 1486 1162 1540 equi,
1194 1500 1319 1541 quem
1352 1485 1464 1527 uado
1486 1487 1726 1541 proximum

280 1545 550 1601 reperissent,
581 1543 763 1585 liberum
796 1556 889 1597 esse
921 1545 1142 1585 concessit.
1185 1543 1350 1585 Eodem
1383 1543 1726 1586 descendendum

281 1603 373 1645 fore
406 1602 647 1654 constituit,
690 1615 782 1642 cum
816 1602 977 1656 priores
997 1602 1100 1644 ,eius
1131 1603 1263 1657 pedes
1293 1601 1424 1643 solum
1458 1602 1727 1656 attingerent,

281 1665 521 1717 postremos
543 1658 681 1700 adhuc
701 1659 815 1700 unda
836 1659 1064 1701 sublueret.
1106 1659 1270 1701 Talium
1305 1659 1511 1714 siquidem
1543 1674 1726 1701 commo-

282 1719 435 1761 dorum
466 1717 673 1759 beneficia
703 1717 851 1772 pocius
885 1717 1159 1758 humanitatis
1204 1732 1330 1773 quam
1377 1718 1527 1759 iniurie
1557 1718 1725 1759 nomine

217 1786 253 1813 ‘25
282 1776 494 1818 censenda
525 1774 739 1817 credebat.
802 1774 1000 1816 Ceterum
1032 1788 1149 1816 reum
1183 1776 1328 1831 capitis
1360 1775 1462 1829 fieri,
1501 1776 1571 1830 qui
1603 1790 1725 1831 supe-

281 1840 374 1877 rato
409 1849 531 1876 amne
563 1834 660 1888 equi
691 1847 813 1874 usum
843 1832 1010 1888 longius
1042 1838 1244 1888 expetere
1281 1834 1628 1888 presumpsisset,
1666 1834 1725 1874 in-

282 1893 432 1936 stituit.
492 1891 619 1933 Iussit
663 1892 819 1942 eciam,
860 1891 1008 1946 nequis
1039 1890 1160 1932 edem
1193 1892 1260 1933 uel
1292 1904 1429 1932 arcam
1464 1892 1568 1932 seris
1600 1891 1726 1932 obfir-

280 1956 437 1993 matam
459 1950 649 2002 haberet,
681 1953 756 1990 aut
777 1962 864 1990 rem
898 1949 1027 1991 ullam
1059 1950 1337 1990 claustrorum
1370 1949 1560 1990 custodia
1593 1949 1724 1991 conti-

280 2013 412 2060 neret,
444 2008 653 2063 triplicem
684 2007 933 2048 amissorum
965 2007 1279 2048 restitucionem
1312 2007 1575 2062 promittens.
1622 2007 1724 2048 Pre-

212 2077 249 2104 30
280 2073 402 2110 terea
440 2070 604 2107 tantum
645 2065 770 2107 alieni
814 2065 894 2107 cibi
935 2065 977 2105 in
1018 2069 1273 2107 commeatus
1317 2066 1473 2106 assumi
1513 2065 1575 2106 fas
1617 2078 1722 2117 esse,

280 2129 485 2181 quantum
526 2124 599 2164 uni
640 2137 743 2165 cene
774 2123 1008 2176 sufficeret,
1051 2122 1362 2178 promulgabat.
1425 2123 1563 2171 Quam
1595 2123 1723 2176 siquis

279 2185 320 2225 in
344 2182 549 2238 capiendo
572 2195 814 2223 mensuram
837 2180 1077 2235 excederet,
1109 2180 1222 2223 furto
1246 2180 1458 2223 obnoxius
1482 2181 1721 2222 haberetur.

278 2241 379 2283 Furi
402 2254 503 2282 uero
526 2236 723 2294 traliectis
745 2238 857 2281 ferro
881 2240 1024 2281 neruis
1055 2239 1097 2279 in
1130 2239 1404 2294 suspendium
1435 2242 1542 2290 act0,
1575 2239 1721 2293 lupum
1775 2254 1802 2279 p·
1822 2245 1873 2272 218

280 2299 567 2341 collateralem
598 2297 713 2351 affigi
744 2297 947 2352 precepit,
980 2300 1026 2338 ut
1056 2296 1263 2338 maliciam
1295 2296 1470 2338 hominis
1502 2296 1721 2337 acerbitati

211 2367 248 2393 35
280 2357 403 2398 belue
434 2354 661 2398 similitudo
693 2355 928 2410 exequaret
959 2368 1081 2410 pene.
1137 2354 1329 2397 Eandem
1361 2368 1533 2410 quoque
1563 2354 1604 2394 in
1637 2353 1722 2395 fur-

279 2420 418 2457 torum
440 2413 629 2456 conscios
650 2413 851 2454 mulctam
881 2412 1051 2454 extendi
1083 2413 1261 2454 curauit.
1302 2411 1466 2453 Ibidem
1497 2412 1720 2467 septennio

279 2471 626 2514 iocundissimum
650 2471 730 2511 ocii
751 2474 917 2525 tempus
956 2484 1161 2518 emensus,
1182 2470 1314 2511 filium
1330 2470 1543 2511 Aluonem
1575 2469 1721 2511 filiam-

281 2545 362 2586 que
394 2530 577 2583 Ofuram
608 2528 779 2571 nomine
809 2527 1063 2584 procreauit.

415 2586 572 2629 Iisdem
594 2586 704 2629 forte
722 2586 870 2627 diebus
888 2585 1154 2640 Arngrimus,
1178 2584 1294 2640 pugil
1311 2584 1518 2637 Sueticus,
1541 2584 1720 2625 Frotho-

209 2658 247 2687 40
276 2660 371 2688 nem
390 2649 637 2697 accesserat,
655 2644 725 2700 qui
744 2643 865 2685 Scalc
885 2643 1122 2695 Scanicum,
1145 2642 1260 2699 quod
1283 2642 1335 2684 ab
1360 2657 1409 2685 eo
1434 2643 1533 2684 olim
1549 2642 1720 2698 nauigio
