1884 3126
88 593 105 620 5

70 883 106 910 10

71 1171 107 1197 15

70 1461 107 1489 20

73 2043 110 2070 30

75 2333 111 2359 35

716 237 769 244 —-—
830 213 897 257 III
962 238 1010 244 —-
1533 219 1586 260 83

139 345 413 387 induxerunt.
488 342 551 384 Ea
582 356 649 384 res
683 342 848 384 Sclauis
881 342 1049 398 quoque
1083 343 1339 387 defeccionis
1371 345 1589 387 audaciam

139 401 645 467 ministrauit,·1liosque
691 401 928 457 complures
976 416 1030 442 ex
1074 402 1404 469 obsequentibus
1444 403 1589 446 hostes

142 461 294 504 effecit.
370 460 500 501 Cuius
542 459 694 500 iniurie
740 459 1030 525 propulsande
1078 461 1223 515 gracia
1265 461 1447 503 Roricus
1495 476 1591 503 eon·

140 523 319 561 tractam
351 519 390 559 in
424 520 538 560 arma
571 518 763 572 patriam
794 518 1011 559 recensitis
1047 519 1254 560 maiorum
1290 519 1505 574 operibus,
1536 520 1588 561 ad

137 576 439 632 capessendam
489 577 688 618 uirtutem
742 576 936 631 impenso
982 576 1238 618 hortacionis
1294 591 1448 632 genere
1492 592 1590 620 con-

142 636 311 678 citabat.
356 635 416 677 At
448 634 628 687 barbari,
659 648 713 675 110
746 634 903 675 1101111111
935 634 1097 689 absque
1130 634 1236 677 duce
1269 636 1588 687 committerent,

142 695 278 750 capite
311 707 418 748 opus
450 706 543 734 esse
567 696 804 745 cernentes,
837 698 980 734 creato
1015 692 1091 733 sibi
1120 707 1234 748 rege,
1270 694 1418 734 ceteris
1442 694 1589 736 milicie

140 752 300 793 uiribus
335 751 527 804 ostensis,
561 750 805 792 obscuriore
841 750 931 792 1000
965 750 1083 792 1111103
1116 755 1378 792 armatorum
1401 752 1592 807 manipu-

140 811 204 852 los
229 810 427 852 condunt.
461 808 549 850 Nec
568 809 766 850 Roricum
789 807 936 850 insidie
959 808 1161 852 fefellere.
1197 809 1280 858 Qui
1301 824 1395 851 cum
1413 810 1590 852 classem

138 883 258 910 suam
297 867 443 909 uadosi
493 867 712 909 cuiusdam
759 867 935 921 gurgitis
983 868 1110 909 arctis
1157 868 1351 909 faucibus
1398 868 1590 910 inherere

139 927 416 982 conspiceret,
448 925 630 974 harenis,
662 925 814 980 quibus
840 925 1064 978 insidebat,
1098 926 1356 967 abstractam
1378 926 1588 981 profundo

139 984 296 1039 adegit,
314 998 368 1026 ne
383 984 540 1025 limosis
561 983 718 1024 inflicta
742 982 981 1038 paludibus,
1013 983 1180 1025 diuersa
1193 984 1245 1025 ab
1267 985 1459 1026 hostibus
1472 988 1591 1040 parte

138 1047 369 1098 peteretur.
449 1041 657 1082 Preterea
708 1041 892 1082 latebras
945 1042 1069 1083 sociis
1118 1042 1302 1083 interdiu
1364 1042 1590 1098 captandas

139 1100 371 1154 constituit,
404 1099 556 1154 quibus
588 1100 830 1141 insistentes
862 1113 916 1139 ex
955 1099 1185 1155 improuiso
1218 1100 1388 1141 nauium
1421 1115 1591 1142 suarum

136 1158 419 1214 irruptoribus
441 1158 704 1207 insultarent,
737 1158 828 1199 fore
850 1171 976 1212 posse
999 1158 1206 1212 prefatus,
1238 1164 1286 1200 ut
1307 1158 1348 1199 in
1371 1163 1589 1204 auctorum

140 1220 267 1282 caput
321 1216 488 1272 proprie
540 1215 702 1257 fraudis
744 1222 922 1257 euentus
963 1216 1183 1259 recideret
1258 1217 1434 1273 Barbari
1479 1231 1591 1269 uero,

141 1277 211 1331 qui
245 1274 402 1315 insidiis
435 1273 589 1315 addicti
623 1273 805 1316 fuerant
837 1273 1000 1315 Danice
1034 1275 1413 1330 circunspeccionis
1444 1275 1591 1329 igniri,

139 1333 378 1388 irrupcione
426 1337 587 1374 temere
634 1332 761 1386 edita,
809 1323 953 1373 omnes
998 1334 1187 1387 oppressi
1228 1338 1338 1375 sunt
1410 1333 1591 1388 Reliqua

140 1391 390 1432 Sclauorum
422 1404 590 1443 manus,
623 1391 820 1445 ignorata
851 1391 1062 1431 30010111111
1096 1395 1251 1446 stlage,
1290 1405 1418 1446 super
1449 1391 1592 1432 Rorici

138 1463 256 1490 moia
300 1449 433 1490 multa
473 1462 626 1504 anceps
669 1448 965 1489 ammiracione
1006 1449 1234 1503 pendebat.
1308 1449 1445 1497 Quem
1486 1449 1594 1490 inter

142 1521 262 1562 egras
284 1507 490 1549 mencium
508 1507 642 1548 fluctu
646 1507 813 1548 aciones
836 1506 999 1548 diutule
1017 1511 1303 1561 expectatum,
1323 1521 1415 1548 cum
1430 1511 1592 1562 presto-

138 1565 277 1606 lacio
267 1565 408 1606 indies
429 1565 728 1607 111010311011101·
735 1570 786 1617 01,
803 1566 936 1606 classe
965 1564 1133 1606 tandem
1146 1566 1374 1619 petendum
1396 1565 1591 1607 ducebat

277 1623 380 1664 E1at
425 1627 569 1665 autem
612 1624 723 1665 inter
765 1638 836 1664 eos
881 1623 944 1664 uir
982 1624 1169 1678 colporis
1213 1624 1360 1665 habitu
1404 1624 1591 1678 insignis,

142 1681 282 1723 officio
315 1695 478 1736 magus.
553 1681 648 1735 Qui,
692 1682 929 1737 prospectis
964 1681 1184 1723 Danoium
1217 1682 1378 1725 turmis
1411 1686 1458 1722 ut
1489 1695 1589 1736 pau-

94 1754 110 1778 .·›
143 1754 286 1780 corum
308 1737 546 1794 impenldio,
569 1740 718 1795 inquit,
752 1739 1032 1795 complurium
1057 1741 1070 1791 Η
1095 1741 1283 1795 pericula
1318 1740 1590 1792 redimantur,

140 1798 352 1852 publicam
375 1803 558 1852 stragem
589 1798 757 1854 priuato
786 1797 1025 1839 discrimine
1047 1811 1294 1852 precurrere
1317 1799 1452 1840 liceat.
1497 1796 1589 1851 Ego

141 1869 243 1897 uero
285 1856 326 1897 in
369 1855 477 1898 hanc
509 1856 764 1911 confligendi
797 1857 936 1911 legem
968 1871 1050 1897 non
1086 1855 1228 1905 deero,
1270 1857 1371 1898 310111
1404 1860 1591 1897 uestrum

143 1918 313 1955 mutuus
366 1914 619 1956 decernendi
669 1928 834 1956 mecum
872 1928 1001 1956 ausus
1047 1914 1278 1957 incesserit.
1355 1915 1404 1956 ]'n
1448 1913 1590 1969 primis

144 1977 284 2013 autem
318 1977 540 2027 pretaxata
571 1988 595 2014 a
628 1987 694 2015 me
730 1972 976 2015 condicione
1019 1972 1222 2014 utendum
1259 1973 1439 2027 postulo,
1474 1971 1588 2013 cuius

139 2031 268 2072 talem
314 2045 415 2072 sane
445 2030 672 2073 formulam
702 2031 846 2073 texui:
895 2031 938 2072 Si
971 2031 1126 2083 uicero,
1161 2032 1435 2086 uectigalium
1468 2029 1587 2070 nobis

142 2088 398 2129 concedatur
443 2089 707 2142 immunitas3
755 2090 790 2131 si
831 2089 999 2141 uinear,
1046 2089 1220 2144 pristina
1268 2090 1387 2130 uobis
1433 2088 1587 2129 tributa

142 2147 377 2188 soluantur.
439 2146 530 2189 Aut
562 2148 672 2189 enim
704 2147 830 2189 hodie
863 2148 1042 2203 patriam
1075 2148 1291 2189 seruitutis
1323 2148 1419 2201 iugo
1454 2145 1586 2185 uictor

145 2218 312 2256 exuam,
344 2209 419 2245 aut
450 2203 588 2247 11101113
619 2205 851 2247 inuoluam.
904 2205 953 2246 In
986 2209 1209 2260 utramque
1250 2206 1456 2246 fortunam
1494 2216 1586 2257 pre-

144 2262 240 2303 dem
280 2277 348 2304 me
398 2262 635 2319 uademque
689 2264 878 2318 recipite.
971 2262 1097 2311 Quod
1143 2263 1316 2305 audiens
1368 2262 1586 2303 Dimum

144 2320 325 2375 quidam,
359 2320 485 2361 animi
518 2335 643 2377 quam
678 2321 880 2388 corporis
895 2321 1055 2362 uiribus
1077 2321 1300 2387 robustior,
1324 2317 1586 2375 percunctari

143 2378 344 2420 Boi-icum
380 2379 502 2434 cepit,
533 2379 633 2435 quid
665 2380 703 2421 ei
734 2379 883 2434 premii
914 2378 1039 2431 f0r,et
1080 2380 1149 2435 qui
1180 2393 1322 2434 pugna
1353 2388 1586 2432 prouocan-

104 2471 106 2473 .
144 2442 231 2478 tem
278 2437 524 2491 exciperet?
585 2438 643 2478 At
689 2438 885 2480 Roricus
933 2452 1026 2479 cum
1074 2451 1196 2479 senas
1245 2436 1354 2476 forte
1402 2433 1585 2474 armillas

74 2623 111 2652 40

145 2494 336 2547 haberet,
375 2496 435 2535 ita
477 2496 633 2537 mutuis
673 2495 854 2537 nexibus
885 2495 1112 2545 inuolutas,
1150 2499 1196 2536 ut
1227 2495 1280 2535 ab
1310 2493 1488 2533 inuicem
1522 2504 1584 2531 30-

144 2553 351 2607 questrari
370 2554 605 2608 nequirent,
627 2554 831 2595 nodorum
856 2553 1205 2595 inextricabiliter
1224 2551 1329 2593 serie
1347 2548 1585 2598 coherente,

143 2610 311 2652 easdem
356 2610 567 2653 certamen
609 2611 783 2653 audenti
824 2612 865 2652 in
898 2611 1104 2667 premium
1137 2609 1373 2665 pollicetur.
1434 2606 1494 2648 At
1523 2607 1585 2648 iu-

1402 2675 1445 2711 6*

1649 1737 1674 1762 p.
1698 1728 1743 1754 133

1649 1738 1726 1797 l(47)
