1884 3126
77 911 114 939 10

72 1200 110 1228 15

70 1491 107 1518 20

71 2071 109 2099 30

72 2360 108 2388 35

73 2650 110 2678 40

686 272 738 278 -—
800 245 944 292 XIIII
1007 273 1056 281 -
1510 249 1594 293 589

145 373 388 416 solidiorem
421 374 542 416 fundi
575 376 705 417 situm
736 376 940 431 aduertit,
983 378 1066 418 illic
1106 381 1179 418 aut
1210 378 1329 432 palos
1372 378 1487 432 fixit,
1520 383 1594 420 aut

145 433 406 474 harundines
444 434 536 488 ripe
578 435 744 475 iunctas
786 436 909 476 nodis
950 436 1156 490 signauit,
1197 444 1455 491 posteraque
1499 437 1595 478 luce

148 490 318 532 easdem
365 491 613 533 indiciorum
658 498 783 534 notas
829 499 1022 547 secutus,
1070 494 1335 548 exponendis
1382 494 1594 549 equitibus

146 547 314 590 facilem
333 550 586 591 continentis
606 550 768 591 aditum
785 552 1129 605 premonstrauit.
1162 551 1244 599 Qui
1264 566 1357 593 cum
1376 552 1594 606 Magnum,

144 605 255 647 Erici
289 607 435 660 filium,
468 607 615 648 diurne
641 607 982 650 ex*cursacionis
1004 610 1252 665 agendeque
1276 610 1406 664 prede
1428 611 1590 651 socium

144 664 336 718 haberet,
371 679 551 720 eumque
583 667 800 708 incaucius
844 672 1095 721 euagantein
1130 668 1183 708 ab
1224 666 1418 708 hostibus
1459 682 1594 724 prope

141 722 425 777 interceptum
446 721 670 779 <audiret>,
694 738 936 779 quanquam
968 724 972 777 Ι
999 739 1022 765 a
1044 739 1161 779 rege,
1179 726 1370 767 uicorum
1392 726 1592 767 incendiis

143 781 389 835 insistente,
431 782 675 823 reuertendi
705 783 928 837 imperium
962 784 1209 838 accepisset,
1242 784 1461 825 caritatem
1495 784 1593 825 obe-

144 837 307 880 diencie
330 839 519 894 pretulit,
544 840 850 896 Magnumque,
873 841 1025 896 partim
1047 841 1204 895 nauali,
1235 842 1387 896 partim
1411 842 1594 896 equestri

146 896 327 938 hostium
362 897 515 938 milicia
547 899 783 940 arctissimo
826 898 868 939 in
910 899 1004 940 loco
1047 899 1316 953 conclusum,
1359 914 1381 940 e
1413 899 1593 954 uestigio

147 955 361 996 concitato
394 955 562 1008 agmine
595 956 924 1011 superueniens,
963 957 1216 998 imminentis
1248 958 1370 997 exicii
1403 957 1591 1013 periculo

142 1012 355 1054 liberauit.
418 1012 509 1054 Nec
550 1014 739 1068 ingratus
782 1015 927 1056 auxilii
960 1015 1141 1068 Magnus
1183 1015 1362 1056 salutem
1395 1029 1512 1056 suam
1545 1029 1589 1056 se

143 1070 182 1112 ei
213 1070 368 1112 debere
402 1071 620 1113 confessus
653 1078 730 1114 est.
785 1073 849 1113 Ad
882 1073 961 1113 heo
982 1074 1176 1127 ingentes
1208 1073 1416 1113 seruatori
1447 1078 1590 1127 grates

144 1129 344 1184 exsoluit,
377 1143 510 1184 seque
532 1130 662 1170 eciam
698 1130 890 1185 spiritum
924 1145 1062 1185 suum,
1095 1131 1128 1171 si
1150 1144 1321 1172 neccsse
1352 1131 1478 1184 foret,
1501 1131 1588 1171 eius

141 1186 267 1227 saluti
298 1187 591 1242 impensurum
613 1189 827 1244 promisit..
869 1188 1030 1229 Verum
1066 1188 1268 1242 Absalon,
1301 1202 1462 1230 memor
1485 1189 1591 1229 lianc

142 1258 267 1300 opem
299 1259 322 1285 a
354 1260 398 1286 se
430 1246 559 1286 latam
592 1246 819 1288 aduersum
854 1247 963 1302 regis
985 1247 1208 1302 imperium
1242 1261 1348 1300 esse,
1380 1261 1433 1287 ne
1464 1247 1589 1287 tristi-

142 1316 258 1343 orem
301 1303 391 1344 eius
433 1304 597 1344 uultum
630 1305 916 1360 experiretur,
959 1305 1159 1358 graciam,
1185 1319 1309 1359 quain
1345 1305 1587 1360 contemptu

141 1361 310 1415 leserat,
341 1361 473 1416 prede
506 1362 674 1403 obiectu
707 1376 959 1417 recuperare
1002 1363 1230 1403 constituit.
1292 1363 1427 1416 Igitur
1465 1376 1590 1417 peco-

141 1433 236 1459 rum
278 1419 445 1461 ordines
486 1433 561 1474 pre
593 1434 638 1461 se
670 1421 738 1475 agi
780 1422 1060 1475 captiuosque
1100 1421 1142 1461 in
1186 1425 1321 1461 castra
1361 1420 1590 1475 precedere

138 1477 275 1531 iussit,
311 1491 449 1532 eoque
481 1483 656 1532 aspectu
699 1479 936 1533 ‘permulsos
968 1479 1080 1532 regis
1114 1479 1255 1519 oculos
1287 1478 1326 1519 in
1361 1478 1589 1519 aduentum

141 1549 265 1576 suum
308 1536 544 1577 sereniores
587 1536 740 1578 effecit.
812 1537 854 1578 Is
894 1550 1098 1590 namque,
1143 1537 1322 1590 cognitis
1363 1536 1591 1577 Absalonis

140 1593 338 1647 operibus
371 1593 600 1649 spoliisque
634 1596 889 1650 conspectis,
921 1596 1042 1649 iram,
1075 1609 1202 1649 quam
1232 1595 1494 1648 contemptui
1526 1595 1587 1635 in-

138 1651 270 1704 flixit,
308 1652 458 1693 uirtuti
479 1651 673 1708 remisit,
708 1667 888 1707 eumque
920 1653 1006 1693 leui
1049 1652 1390 1706 reprehensionis
1433 1665 1590 1706 genere

138 1709 382 1750 uenientem
414 1710 611 1764 excipere
645 1716 868 1752 contentus
899 1711 992 1752 fuit.
1035 1711 1235 1764 Repetita
1257 1711 1401 1764 classe,
1434 1724 1590 1764 anceps

140 1766 359 1808 educende
391 1768 478 1809 eius
503 1769 719 1810 consilium
744 1769 837 1810 fuit.
883 1769 967 1809 Alii
991 1769 1197 1823 siquidem
1221 1768 1382 1809 medias
1405 1768 1589 1808 faucium

140 1826 360 1879 angustias
392 1826 443 1866 ad
478 1826 746 1868 commodum
770 1827 1058 1881 nauigacionis
1083 1826 1296 1880 ligonibus
1330 1825 1585 1880 patefacere,

140 1884 390 1938 strictasque
422 1884 539 1925 fluuii
571 1890 716 1939 partes
747 1885 962 1926 fossorum
995 1899 1125 1939 opera
1148 1884 1409 1939 ampliandas
1443 1897 1586 1924 cense-

141 1941 255 1982 bant.
327 1940 410 1983 Sed
453 1943 551 1997 quia
599 1943 870 1984 manifestum
918 1947 1030 1995 erat,
1078 1942 1294 1995 futurum,
1336 1947 1382 1982 ut
1423 1940 1589 1982 harenis

142 1999 353 2040 maritimo
387 2004 480 2041 estu
513 2001 701 2055 appulsis
725 2001 836 2043 fossa
861 2001 1171 2054 obstrueretur,
1205 2014 1310 2055 opus
1334 2004 1591 2040 attentatum

139 2071 225 2098 non
259 2062 334 2099 est.
396 2057 481 2098 Alii
527 2072 686 2113 naues,
729 2059 930 2100 subiectis
973 2057 1188 2108 trabibus,
1233 2058 1443 2099 communi
1474 2057 1515 2097 ui
1547 2057 1587 2096 in

139 2118 319 2169 pontum
368 2116 674 2171 pertrahendas
727 2117 924 2171 duxere,
986 2117 1179 2171 equitatu
1231 2117 1426 2170 utrinque
1476 2115 1588 2169 ripas

142 2176 303 2215 tuente.
352 2173 559 2228 Rugianis
583 2175 682 2216 solis
705 2190 778 2216 sex
803 2175 1004 2229 paruulas
1038 2178 1152 2215 rates
1178 2174 1254 2214 hac
1287 2179 1377 2214 arte
1410 2172 1588 2213 educere

143 2231 344 2285 contigit,
391 2230 553 2273 ceteras
609 2246 737 2286 uero,
786 2233 985 2274 oneribus
1031 2231 1084 2272 ad
1132 2231 1304 2272 modum
1350 2229 1588 2285 impeditas,

141 2288 327 2343 disiungi
369 2303 493 2344 quam
535 2290 723 2332 abstrahi
766 2290 929 2331 facilius
971 2290 1064 2330 fuit.
1135 2290 1270 2344 Igitur
1317 2302 1410 2329 cum
1456 2287 1590 2328 nostri

139 2347 303 2387 infinito
347 2348 607 2402 procedendi
649 2348 801 2390 ardore
844 2348 1088 2402 aliquandiu
1129 2347 1273 2388 fauces
1312 2346 1469 2387 frustra
1499 2350 1589 2386 ten-

141 2407 328 2459 tassent,
378 2411 606 2448 reuocante
652 2420 779 2461 rege,
826 2419 928 2458 egre
976 2409 1098 2460 cepto
1145 2414 1375 2446 cesserunt.
1452 2402 1590 2443 Tanta

143 2476 287 2503 omnes
339 2462 627 2515 (Absalonem
679 2463 867 2518 excipio)
922 2463 1001 2504 hoc
1049 2462 1166 2503 exitu
1213 2461 1360 2503 utendi
1406 2460 1588 2501 auiditas

141 2520 402 2563 stimulabat.
467 2521 737 2576 Issnamque,
770 2521 994 2576 explorato
1028 2534 1164 2573 amne,
1196 2520 1382 2561 faucium
1412 2518 1589 2573 profun-

142 2577 323 2620 ditatem
373 2580 558 2633 nauigiis
609 2580 869 2621 inaccessam
919 2578 1010 2620 fore
1062 2582 1342 2632 compererat.
1419 2575 1590 2618 Interea

147 2635 438 2692 Kazymarus,
476 2638 676 2692 imperita
707 2642 950 2678 nostrorum
983 2635 1218 2678 secessione
1249 2634 1446 2690 gauisus,
1478 2633 1590 2675 clau-

1628 620 1836 649 chxnllz

1666 746 1692 771 p.
1712 738 1764 764 860
