1884 3126
46 853 75 880 15

680 194 971 237 -VI-

164 320 332 363 Horum
365 321 514 377 aliquis
545 322 676 363 uestis
709 336 885 377 operose
917 325 1098 378 tegmine
1133 327 1270 370 cultus

167 378 351 421 Molliter
383 379 594 434 alipedem
625 380 766 430 flectit,
798 395 1070 437 sparsamque
1102 386 1280 427 renodat

118 447 120 450 ’
167 436 393 489 Cesariem,
427 443 468 478 et
498 437 618 479 laxos
649 437 809 492 patitur
841 439 1004 481 fluitare
1036 442 1222 496 capillos.

165 494 320 536 Dicere
352 509 453 550 sepe
484 495 575 536 foro
609 495 806 551 turpique
840 496 999 539 inhiare
1029 498 1179 540 lucello

164 551 348 606 Gaudet,
381 558 422 594 et
454 553 534 594 hoc
565 552 705 594 studio
739 554 869 595 uitam
902 556 1061 596 solatur
1092 557 1280 611 inertem,

165 609 319 652 Venali
353 610 573 652 celebrans
605 612 825 652 commissa
858 613 1034 667 negocia
1065 614 1220 669 lingua.

165 667 220 709 Vi
252 668 384 709 uiolat
415 668 544 723 leges,
578 673 619 711 et
649 668 759 710 ferro
792 670 883 711 iura
915 670 1092 725 lacessit,

166 726 333 768 Obterit
363 727 582 779 innocuos,
614 727 753 769 alieno
786 729 970 782 pascitur
1002 744 1085 781 ere,

165 784 320 839 Stupra
351 782 581 840 gulamque
614 784 722 836 colit,
754 786 839 826 risu
874 786 1068 828 conuiuia
1100 787 1275 829 mordax

164 841 421 897 Insequitur,
455 843 513 883 sic
545 847 684 884 scorta
716 846 877 897 petens,
911 850 957 885 ut
988 845 1176 887 sarculus
1209 846 1394 889 herbam.

166 900 332 942 Occidit
362 901 556 955 ignauus,
590 899 689 942 dum
721 901 854 956 prelia
885 916 990 956 pace
1024 903 1258 957 quiescunt.

164 959 214 1000 ln
247 958 385 999 media
417 959 451 999 si
484 959 596 999 ualle
629 959 766 1011 cubet,
799 959 1012 1001 testudine
1043 961 1158 1001 nulla

165 1016 301 1057 Tutus
333 1017 430 1068 erit‚’
457 1016 525 1071 qui
560 1016 646 1057 fata
677 1017 810 1058 timet.
872 1018 971 1059 Sors
1006 1018 1151 1060 ultima
1185 1019 1329 1060 uiuum

167 1075 375 1129 Quenquc
405 1074 538 1129 rapit3
571 1074 732 1116 latebra
763 1074 892 1116 letum
925 1075 1136 1131 depellere
1167 1091 1251 1117 non
1282 1083 1357 1119 est.

165 1133 245 1173 Ast
277 1146 370 1187 ego,
404 1132 474 1188 qui
506 1137 642 1173 totum
677 1134 871 1174 concussi
903 1133 1090 1174 cladibus
1124 1134 1279 1185 orbem,

166 1191 272 1232 Leni
303 1195 440 1232 morte
471 1190 599 1238 fruar,
632 1190 882 1246 placidoque
914 1192 992 1232 sub
1025 1196 1138 1233 astra
1168 1192 1375 1234 leuandus

166 1247 352 1302 Funere,
386 1248 427 1289 ui
460 1248 593 1289 morbi
626 1249 830 1303 defungar
863 1249 1046 1290 uulneris
1078 1251 1258 1305 expers?
1317 1266 1319 1270 ·

690 1597 803 1626 131le
834 1597 968 1626 sEXTi.

1462 203 1543 246 215

1598 799 1690 832 (120)

1598 921 1626 945 p.
1643 913 1696 938 313
