1884 3126
723 228 974 271 -1-
1519 231 1573 272 29

334 357 460 401 Cedis
490 361 685 414 potestas
715 357 889 400 liberior
920 356 1058 410 datur,

334 417 558 473 Maiorque
589 415 692 459 ferri
722 419 848 472 parta
877 416 1069 470 licencia,

335 476 442 518 Cum
475 488 567 516 sors
599 474 805 516 rebellem
836 475 1084 530 precipitem
1117 473 1263 529 fugat,

331 533 424 576 Nec
454 534 540 575 tela
570 532 734 586 tendat,
767 547 894 588 quem
926 538 1065 575 metus
1102 532 1324 576 abstrahit.

76 642 92 669 5
265 627 391 676 Quod
421 627 664 682 presagium
697 626 846 668 crebra
878 626 1099 668 Danorum
1133 625 1235 668 cede
1267 640 1448 681 sequens
1477 626 1580 668 lucis
1613 645 1640 669 p·
1661 636 1693 661 ⁴8

127 691 309 729 euentus
340 685 547 741 impleuit.
595 683 735 727 Nocte
755 689 930 740 postera
958 698 1108 727 uocem
1131 684 1388 737 huiusmodi,
1420 686 1580 726 incerto

127 749 302 788 auctore
334 744 506 797 editam,
539 742 712 784 Suetica
744 743 919 785 auribus
951 744 1155 785 iuuentus
1188 745 1370 799 excepit.

335 825 449 875 Quid
479 840 548 869 me
580 826 642 868 sic
672 824 772 866 Vffo
805 830 1013 881 prouocat

326 884 561 926 Sedicione
594 884 730 939 graui,

64 958 97 986 ιο
333 942 473 984 Penas
506 942 683 984 daturus
717 942 916 983 ultimas?

335 1000 613 1043 Oonfodietur
650 1001 762 1043 enim

334 1059 471 1101 Multa
502 1058 759 1115 premendus
793 1057 981 1114 cuspide.

334 1117 640 1173 Exanimisque
674 1120 781 1170 ruet,
823 1132 826 1135 ·

334 1175 573 1218 Audaciam
606 1176 718 1232 cepti
748 1175 883 1217 luens.

0 1234 1 1244 ²
65 1249 96 1277 ιε
335 1233 426 1276 Nec
456 1234 688 1290 petulantis
722 1234 803 1276 erit

334 1292 506 1334 Liuoris
536 1293 744 1334 intactum
776 1290 941 1333 scelus:

336 1351 615 1406 Augurioque
647 1364 756 1403 meo,

337 1409 445 1451 Cum
477 1409 589 1450 bella
619 1410 803 1465 primum
834 1408 1026 1462 gesserit,

338 1467 664 1522 Contuleritque
696 1480 883 1520 manum,

60 1540 98 1568 20
334 1525 531 1581 Excepta
561 1525 762 1567 membris
796 1524 960 1580 spicula

337 1582 502 1640 Corpus
533 1583 691 1639 ubique
723 1587 886 1639 petent,

338 1640 590 1698 Crudosque
621 1642 763 1683 hiatus
794 1641 1018 1682 uulnerum

336 1699 487 1742 Fascia
517 1700 634 1742 nulla
665 1703 854 1756 premet3

338 1757 428 1800 Nec
459 1759 600 1815 ampla
630 1759 854 1814 plagarum
884 1757 981 1799 loca

62 1831 98 1859 25
339 1816 574 1859 Contrahet
604 1817 692 1858 ulla
728 1816 855 1858 salus.

268 1909 432 1953 Eadem
447 1915 575 1953 nocte
595 1911 831 1966 congressis
855 1909 1124 1960 exercitibus,
1150 1908 1234 1951 duo
1253 1921 1374 1950 senes
1394 1907 1581 1948 humano

130 1968 277 2010 habitu
308 1968 518 2022 tetriores,
551 1970 759 2025 capitibus
791 1982 912 2010 coma
943 1969 1112 2021 uacuis,
1150 1968 1262 2009 inter
1293 1966 1477 2008 siderum
1510 1965 1584 2006 mi-

132 2030 263 2078 catus,
293 2027 415 2068 triste
448 2027 543 2069 uisu
575 2027 803 2069 caluicium
828 2026 1102 2083 preferentes,
1137 2025 1358 2068 contrariis
1384 2027 1583 2065 uotorum

20 2133 26 2137 ¹
131 2084 282 2126 studiis
314 2084 605 2128 monstriferos
637 2084 822 2127 diuisere
855 2089 1045 2127 conatus.
1107 2083 1325 2140 Siquidem
1357 2082 1464 2125 alter
1496 2081 1581 2122 Da-

12 2139 33 2191 t}
64 2157 102 2185 30
132 2157 283 2185 norum
301 2142 771 2199 partibus'intendebat,
795 2143 900 2185 alter
919 2142 1138 2185 sueonum
1160 2141 1377 2184 studiosus
1394 2140 1583 2182 extabat.

134 2200 284 2244 Victus
317 2200 544 2256 Hadingus
586 2216 681 2244 cum
721 2202 765 2243 in
808 2200 1079 2257 Helsingiam
1114 2200 1397 2255 confugisset,
1440 2197 1584 2253 ibique

132 2259 233 2301 solis
263 2259 433 2301 feruore
466 2258 799 2314 percalefactum
831 2273 984 2316 corpus
1015 2258 1168 2314 frigida
1199 2259 1325 2299 maris
1353 2270 1464 2312 aqua
1485 2256 1583 2297 sub-

131 2317 289 2371 lueret,
331 2316 513 2359 inauditi
543 2318 711 2372 generis
742 2317 910 2360 beluam
945 2317 1101 2360 crebris
1144 2316 1296 2359 ictibus
1334 2317 1582 2357 attentatam

134 2377 356 2431 oppressit,
386 2379 667 2431 necatamque
689 2376 731 2417 in
755 2381 891 2419 castra
913 2375 1209 2432 perferendam
1232 2374 1413 2416 curauit.
1447 2371 1581 2420 Quem

64 2446 100 2474 35
130 2434 244 2476 facto
277 2437 476 2477 ouantem
508 2433 637 2475 obuia
667 2433 824 2476 femina
854 2434 935 2476 hac
966 2447 1073 2477 uoce
1110 2432 1358 2490 compellat:

270 2513 358 2556 Seu
387 2513 497 2570 pede
527 2527 627 2555 rura
656 2517 785 2567 teras,
816 2528 892 2557 seu
922 2519 1057 2570 ponto
1090 2513 1266 2556 carbasa
1297 2510 1459 2564 tendas,
1611 2527 1639 2552 p.
1659 2519 1695 2545 ⁴19

271 2571 458 2614 Infestos
489 2572 657 2628 paciere
689 2572 807 2628 deOS,
837 2575 1059 2628 totumque
1090 2586 1166 2627 per
1198 2571 1343 2612 orbem

269 2630 507 2687 Propositis
538 2630 707 2672 inimica
740 2632 824 2673 tuis
857 2630 1070 2673 elementa
1099 2629 1276 2671 uidebis.
