1884 3126
117 869 149 895 10

114 1161 145 1187 15

105 1452 143 1479 ‘20

102 2034 139 2061 30

101 2324 137 2353 35

99 2617 135 2645 40

749 230 801 238 ·—
863 209 952 251 VII
1012 235 1064 240 —
1541 219 1623 260 219

322 335 555 391 Perempto
601 335 843 389 Frothone,
888 352 982 379 cum
1025 338 1246 382 Haldanus
1285 346 1421 384 ternos
1464 343 1624 386 circiter

184 406 318 434 annos
352 395 487 448 patrie
518 393 755 449 prefuisset,
798 394 988 438 Haraldo
1021 396 1137 438 fratri
1170 399 1373 453 regnandi
1414 402 1502 442 iure
1533 417 1623 458 per-

182 452 391 493 functorie
423 451 602 504 tradito,
633 452 854 494 fflandiam
896 454 1019 509 eique
1062 455 1257 498 finitimas
1300 458 1479 509 insulas,
1520 475 1622 515 quas

182 524 206 550 a
254 510 398 551 Suetic
445 510 668 566 complexu
720 511 883 553 sinosus
932 526 1133 567 aquarum
1183 514 1345 556 diuellit
1398 517 1622 571 anfractus,

182 567 367 622 piraticis
385 569 616 624 populatur
638 568 811 610 iniuriis.
849 569 1027 624 Ibidem,
1051 571 1266 614 subductis
1284 573 1419 615 hieme
1442 576 1621 630 nauigiis

182 641 232 668 ac
271 626 386 669 uallo
430 626 601 678 cinctis,
646 626 915 681 expedicioni
944 628 1171 670 triennium
1203 629 1331 674 dedit.
1403 632 1504 674 Post
1546 634 1621 675 hee

182 683 327 725 Suetie
373 698 524 726 manus
570 684 732 736 iniecit,
781 686 956 740 eiusque
1007 701 1150 742 regem
1195 687 1306 729 bello
1354 691 1620 746 consumpsit.

182 742 312 784 Cuius
357 746 556 798 nepotem
588 742 774 796 Ericum,
806 744 949 799 patrui
980 758 1080 786 uero
1124 747 1190 787 sui
1220 746 1445 789 Frothonis
1478 749 1620 803 filium,

181 800 340 855 pufssgna
371 805 471 856 post
506 800 678 842 modum
713 806 995 856 excepturus„
1039 807 1260 858 postquam
1304 805 1487 860 pugilem
1531 808 1619 849 cius

180 858 428 914 Haquinum
470 858 700 901 hebetandi
743 860 996 902 carminibus
1042 861 1140 902 ferri
1177 863 1357 918 peritum
1399 863 1621 919 didicisset,

179 916 334 959 eximie
365 917 669 971 magnitudinis
701 918 864 959 olauam
896 919 1041 960 ferreis
1083 926 1318 962 consertam
1356 922 1489 972 nodis,
1530 928 1620 964 tuu-

177 975 305 1017 sionis
338 976 485 1018 usibus
520 975 762 1032 adaptauit,
804 977 979 1032 perinde
1025 992 1074 1018 ac
1104 979 1295 1033 prestigii
1333 979 1443 1021 uires
1484 981 1620 1035 ligneo

178 1033 330 1076 robore
383 1033 687 1076 debellaturus.
769 1034 988 1090 Denique,
1047 1049 1139 1077 cum
1192 1037 1339 1078 ceteris
1395 1033 1618 1093 conspicuo

178 1091 346 1134 uirtutis
389 1091 536 1134 habitu
569 1092 848 1148 premineret,
894 1095 1004 1135 inter
1047 1095 1271 1136 acerrimos
1304 1095 1489 1136 hostium
1525 1110 1620 1150 pro-

176 1165 347 1202 cursus,
379 1151 568 1206 obnupto
601 1151 725 1206 galea
761 1151 922 1206 eapite,
967 1153 1075 1192 scuti
1108 1153 1243 1208 inops,
1274 1153 1471 1195 libratum
1504 1155 1620 1196 clauc

177 1208 306 1250 robur
336 1209 378 1250 in
411 1208 574 1250 obiecta
609 1209 855 1264 clypeorum
887 1210 1119 1252 munimina
1160 1212 1327 1265 gemine
1354 1219 1507 1253 ‘manus
1541 1227 1619 1267 ope

177 1267 415 1322 torquebat.
488 1266 578 1308 Nec
609 1274 701 1309 erat
742 1268 877 1309 ullum
920 1272 1035 1310 tante
1079 1268 1302 1311 soliditatis
1345 1265 1620 1324 obstaculum,

177 1324 291 1380 quod
338 1339 422 1367 non
463 1324 735 1380 frust[r]atin1
780 1326 932 1368 adacte
976 1326 1097 1367 molis
1143 1327 1346 1382 impulsus
1394 1328 1619 1370 obtereret.

177 1384 272 1432 Quo
303 1384 468 1434 euenit,
511 1388 556 1425 ut
600 1390 893 1426 occursantem
935 1384 1011 1425 sibi
1044 1385 1084 1426 in
1117 1385 1205 1427 acie
1245 1386 1432 1440 pugilem
1470 1387 1619 1427 acriori

174 1442 422 1497 gestaminis
477 1442 741 1498 impaccione
797 1442 1032 1484 subrueret.
1108 1442 1258 1484 Victus
1304 1447 1444 1485 tamen
1491 1448 1532 1485 et
1577 1444 1618 1485 in

175 1499 441 1555 Helsingiam
463 1500 565 1555 fuga
587 1500 801 1555 delapsus,
823 1500 1033 1542 Vitolfum
1057 1501 1280 1556 quendam,
1304 1502 1402 1542 olim
1425 1501 1614 1543 Haraldo

172 1558 441 1611 militantem,
469 1559 601 1600 saucii
633 1559 822 1614 corporis
854 1560 1017 1600 sscuram
1049 1559 1255 1614 petiturus
1277 1560 1464 1601 accessit.
1511 1559 1608 1614 Hic,

170 1617 213 1657 in
244 1617 393 1659 castris
424 1617 583 1658 maiore
617 1618 741 1659 etatis
774 1620 893 1672 parte
916 1622 1179 1672 consumpta,
1211 1617 1382 1659 tandem
1414 1618 1456 1658 in
1488 1617 1614 1658 huius

171 1674 389 1729 prouincie
434 1674 707 1718 solitudinem
751 1680 847 1729 post
880 1675 1014 1717 tristia
1055 1675 1171 1717 ducis
1203 1676 1291 1717 fata
1333 1680 1610 1726 concesserat,

103 1744 136 1770 ·.··
170 1733 310 1788 ibique
341 1734 498 1775 rustice
531 1734 618 1775 uite
643 1734 759 1776 cultu
793 1737 998 1775 consueta
1024 1733 1176 1775 milicie
1207 1733 1347 1774 studia
1378 1733 1611 1775 relaxabat.

173 1791 257 1839 Qui
290 1791 403 1847 quod
435 1791 658 1833 hostilibus
692 1805 792 1847 sepe
823 1791 917 1833 telis
940 1792 1095 1847 petitus
1126 1791 1281 1845 fuerat,
1314 1805 1399 1832 non
1429 1790 1612 1832 infimam

171 1848 369 1891 medendi
390 1850 591 1906 periciam
623 1849 792 1892 assidua
815 1850 1041 1892 uulnerum
1074 1863 1248 1891 suorum
1271 1849 1494 1890 curacione
1517 1863 1612 1890 con-

171 1912 373 1950 traxerat.
454 1907 592 1964 Siquis
635 1922 736 1950 uero
788 1922 962 1963 operam
1006 1907 1095 1949 eius
1149 1906 1439 1949 blandimentis
1483 1920 1612 1960 expo-

170 1969 323 2020 sceret,
346 1966 456 2008 hunc
472 1966 635 2008 medele
658 1966 750 2008 loco
772 1966 937 2008 occulte
960 1965 1125 2008 lesionis
1143 1979 1257 2007 noxa
1278 1963 1449 2006 afficere
1466 1964 1613 2005 solitus

169 2028 272 2078 crat,
296 2023 514 2079 aliqua-nto
538 2024 773 2080 speciosius
798 2023 1001 2065 beneficia
1034 2023 1154 2065 minis
1179 2037 1303 2079 quam
1333 2021 1336 2074 Ι
1365 2021 1612 2064 adulacione

172 2082 347 2136 exposci
377 2082 584 2125 iudicans.
632 2082 755 2124 Idem
776 2082 888 2124 Erici
920 2082 1084 2134 milites,
1117 2081 1341 2137 penatibus
1374 2080 1459 2122 suis
1492 2094 1612 2121 occu-

169 2139 297 2195 pandi
344 2139 535 2183 Hald'ani
589 2141 785 2196 cupidine
828 2140 1116 2193 imminentes,
1160 2140 1219 2181 ita
1257 2137 1426 2180 uidendi
1474 2137 1610 2179 officio

169 2198 387 2254 spoliauit,
429 2203 477 2240 ut
512 2199 770 2255 propinquas
809 2198 909 2240 edes
947 2213 1025 2240 nec
1063 2201 1291 2253 prospectu
1333 2209 1483 2251 capere
1535 2209 1610 2236 nec

170 2257 293 2298 certis
339 2261 514 2314 possent
558 2257 746 2313 uestigiis
791 2256 1006 2312 indagare.
1078 2256 1199 2297 Adeo
1243 2254 1445 2296 luminum
1490 2267 1611 2294 usum

169 2314 338 2361 nubilus
369 2314 538 2370 quidam
574 2329 690 2357 error
723 2314 961 2357 obtuderat.

311 2372 442 2415 Cuius
475 2387 606 2429 opera
643 2373 870 2415 Haldanus
901 2372 1054 2414 uirium
1094 2370 1377 2426 integritatem
1418 2368 1610 2422 adeptus,

170 2430 309 2473 adcito
341 2431 554 2485 Thorone,
587 2431 893 2487 conspeccioris
926 2429 1083 2484 ingenii
1108 2429 1267 2484 pugile,
1298 2426 1421 2468 Erico
1455 2426 1609 2467 bellum

169 2488 410 2531 denunciat.
474 2489 611 2537 Quem
644 2504 738 2531 cum
770 2488 987 2543 productis
1012 2502 1034 2529 e
1057 2487 1225 2528 diuerso
1257 2485 1399 2540 copiis,
1430 2483 1609 2524 militum

168 2560 343 2589 numero
374 2551 565 2602 prestare
607 2547 895 2602 conspiceret,
938 2546 1191 2587 occultatam
1232 2542 1408 2596 agminis
1445 2544 1609 2596 partem

165 2605 277 2648 inter
307 2606 568 2664 propinquos
599 2605 667 2648 uie
701 2605 877 2647 frutices
910 2603 1086 2646 delitere
1106 2601 1307 2659 precepit,
1338 2600 1504 2641 hostem
1533 2612 1609 2655 per

1674 807 1767 841 (122)

1664 1559 1770 1586 hva

1666 2040 1682 2064 p
1710 2033 1760 2058 :521
