1884 3126
649 210 912 254 —X—
1424 213 1507 257 335

57 341 152 384 fuit.
215 340 369 397 Neque
400 341 510 393 enim
544 339 633 382 eius
666 339 793 396 capiti
822 340 1157 384 incolumitatem
1189 339 1358 396 publice
1390 340 1510 396 stipis

57 401 271 457 impendio
323 403 472 454 petere
524 398 763 440 dubitatum
816 403 895 454 est,
946 400 1018 456 qui
1063 399 1224 455 primus
1275 398 1509 441 deserende

57 459 278 514 religionis
330 462 594 500 constantem
640 471 685 499 se
727 458 928 512 gessisset
971 462 1204 499 auctorem.
1275 457 1509 499 Enimuero

57 517 206 572 ignara
237 516 491 573 perdicionis
522 529 599 557 sue
631 516 769 571 patria
799 530 1014 558 summum
1056 516 1196 557 scelus
1239 515 1509 571 amplissimis

55 574 270 618 beneficiis
304 574 543 629 rependere
575 574 745 629 pietatis
762 574 858 616 loco
882 573 1020 628 duxit,
1043 573 1232 629 parentis
1257 587 1306 615 ac
1327 573 1509 615 numinis

56 634 311 675 uiolatorem
342 632 529 674 indebito
560 632 862 687 gratulacionis
895 632 1035 674 officio
1066 636 1341 686 prosequuta,
1375 631 1509 688 quod-

57 705 139 747 que
173 691 291 747 penis
338 690 596 746 expiandum
628 689 782 745 fuerat,
827 691 1039 746 obsequiis
1072 704 1274 745 pensans.
1336 689 1507 738 Quanto

57 751 169 791 enim
203 748 382 791 Haraldi
414 748 511 789 odio
543 748 783 800 tenebatur,
814 752 933 790 tanta
977 749 1187 791 Suenonis
1220 747 1396 789 caritate
1432 748 1506 789 fla-

53 808 219 863 grabat,
251 812 469 849 auctorem
501 806 715 861 religionis
751 807 936 861 fastidio,
969 812 1290 862 aspernatorem
1330 806 1506 848 beniuo-

55 866 192 908 lencia
221 864 501 921 insequendo.
563 864 629 906 Ita
661 865 855 922 populus,
888 865 1083 920 sacrilegi
1127 864 1255 906 animi
1285 865 1507 920 probator,

54 923 241 979 religiosi
271 924 457 980 punitor,
489 927 693 979 quantum
715 925 756 965 in
779 924 911 979 patris
934 924 1203 966 sanctitatem
1225 925 1507 978 contemptus,

55 986 223 1023 tantum
254 982 296 1023 in
327 981 401 1023 filii
431 981 572 1023 labem
596 980 793 1023 honoris*
815 987 1103 1037 congesserat,
1133 981 1378 1036 cultumque
1402 981 1504 1034 eius,

55 1040 154 1096 quia
187 1054 401 1082 sacrorum
432 1054 592 1082 morem
623 1040 924 1096 abrogauerat,
971 1041 1145 1095 copiosa
1175 1038 1336 1081 fauoris
1367 1039 1505 1081 indul-

56 1098 208 1153 gencia
249 1102 546 1154 prosequutus,
588 1103 651 1139 ter
682 1112 827 1153 regem
858 1113 883 1140 a
914 1099 1059 1154 piratis
1093 1098 1323 1154 captiuum,
1374 1097 1505 1139 inter-

5 1172 18 1197 ῖ
52 1156 191 1212 posita
223 1170 445 1199 munerum
477 1156 692 1212 paccione,
728 1162 964 1213 receperat.
1025 1154 1116 1198 Nec
1157 1156 1216 1197 illi
1247 1155 1418 1211 quidem
1451 1156 1504 1197 ad

52 1215 213 1269 premia
245 1220 535 1256 matronarum
571 1215 776 1271 obsequio
802 1214 1063 1257 exsoluenda
1084 1215 1251 1270 ingrata
1273 1224 1391 1256 mens
1412 1214 1504 1257 fuit.

53 1271 161 1314 Nam
205 1273 371 1315 feminis
415 1273 615 1329 deinceps
657 1274 1048 1329 participandarum
1097 1272 1381 1315 hereditatum
1425 1273 1504 1325 ius,

53 1345 78 1371 a
110 1331 262 1386 quibus
295 1335 394 1373 ante
425 1331 521 1386 lege
554 1332 885 1387 1¹,epellebantur
923 1332 1111 1373 indulsit.
1173 1329 1232 1381 Vt
1263 1335 1406 1372 autem
1440 1346 1504 1372 ar-

52 1394 226 1443 gentum
269 1389 399 1445 priori
431 1403 591 1430 summe
629 1389 820 1431 debitum
853 1390 1140 1443 contraheiet,
1173 1403 1299 1443 agros
1331 1404 1380 1431 ac
1411 1389 1503 1430 lati-

51 1446 200 1488 fundia
242 1447 388 1490 uenire
434 1448 576 1501 iussit,
621 1452 752 1504 utque
797 1448 851 1489 ab
896 1448 1055 1490 exteris
1107 1448 1197 1502 ipse
1242 1448 1397 1501 ueniit,
1445 1447 1504 1488 ita

50 1505 246 1547 uenalem
278 1505 365 1547 suis
396 1481 576 1560 patriani
607 1506 721 1548 fecit.
785 1505 849 1547 lta
881 1507 1022 1548 nescio
1055 1506 1189 1548 macie
1221 1506 1413 1547 miserior
1446 1520 1498 1546 an

50 1563 213 1605 felicior
244 1563 386 1616 fuerit,
419 1577 500 1619 que
533 1570 738 1620 quantum
771 1565 861 1606 eius
894 1564 1061 1620 corpori
1094 1564 1295 1616 detraxit,
1335 1568 1498 1605 tantum

51 1621 192 1663 censui
223 1622 424 1677 pepercit,
467 1619 668 1678 opeslque
711 1627 876 1664 artuum
921 1623 1251 1688 consumpcipne
1293 1623 1496 1664 seruauit.

52 1679 250 1721 Ceterum
296 1680 484 1735 barbari,
532 1680 720 1722 nondum
767 1682 892 1722 rebus
941 1695 1038 1722 eum
1082 1681 1252 1722 exuisse
1297 1681 1499 1734 contenti,

1 1755 17 1780 .3
49 1737 337 1779 truculencius
391 1737 588 1780 affectum
643 1738 782 1781 iurare
834 1740 998 1793 eciam,
1055 1739 1158 1779 iram
1212 1738 1499 1788 remissurum,

53 1796 338 1851 compellunt,
388 1796 557 1849 gemina
602 1798 799 1839 miserum
846 1798 1048 1852 paccione
1093 1800 1351 1852 torquentes.
1416 1796 1501 1838 Sed

51 1855 229 1896 alteram
263 1854 464 1897 exhibere
496 1854 680 1908 difficile,
712 1856 889 1897 alteram
913 1855 927 1910 ΙΙ
952 1856 1175 1897 admittere
1209 1860 1346 1910 turpe.
1380 1854 1495 1910 Opes

53 1913 160 1953 onim
204 1913 313 1953 hosti
353 1912 531 1955 fundere
576 1914 817 1955 necessitati
850 1915 1075 1967 conuenit,
1119 1914 1270 1954 iniurie
1300 1927 1402 1955 uero
1436 1927 1498 1954 re-

49 1976 242 2025 spectum
290 1971 472 2013 abiicere
518 1984 737 2027 penasque
783 1972 1034 2027 impunitate
1082 1985 1263 2027 pensare
1310 1972 1498 2013 uicinum

50 2029 194 2070 rubori
228 2028 478 2070 beneficium
511 2034 588 2071 est.
631 2029 848 2086 Siquidem
881 2035 927 2071 ut
960 2029 1170 2072 uiolencie
1204 2029 1353 2071 cedere
1384 2029 1498 2070 infir-

49 2100 178 2140 mum,
224 2087 284 2127 ita
328 2086 559 2128 uindictam
605 2088 692 2129 eius
740 2088 936 2130 abdicare
983 2088 1249 2144 probrosum.
1327 2087 1497 2142 Quippe

50 2159 178 2199 supra
209 2145 320 2185 uires
353 2145 606 2200 cogiquam
638 2146 798 2188 uiribus
830 2147 1004 2188 remisse
1029 2146 1088 2188 uti
1112 2145 1359 2201 speciosius.
1405 2144 1497 2186 Nec

50 2202 249 2257 segniter,
288 2202 484 2245 exuende
525 2204 782 2259 captiuitatis
824 2205 1027 2260 cupidus,
1068 2208 1332 2246 sacramento
1375 2204 1498 2245 omit-

50 2260 176 2302 tende
224 2260 403 2302 ulcionis
443 2260 643 2312 exhibito,
684 2262 1196 2317 propositeeondicionis
1238 2266 1380 2317 partes
1423 2260 1495 2302 ad-

48 2319 180 2368 misit,
214 2319 463 2374 hostemque
495 2332 577 2361 non
612 2320 748 2361 minus
787 2320 966 2362 fruende
1007 2321 1249 2362 securitatis
1290 2320 1495 2362 beneficio

52 2376 177 2433 quam
221 2377 311 2417 auri
332 2377 566 2432 ‚impendio
597 2377 890 2432 locupletauit,
937 2380 1017 2421 hoc
1048 2379 1182 2433 magis
1217 2378 1415 2420 seruilem
1448 2391 1493 2418 se

50 2434 270 2486 exhibens,
331 2448 413 2489 quo
475 2435 638 2489 turpius
698 2436 939 2478 libertatem
1000 2438 1227 2492 impetrare
1285 2435 1495 2477 sustinuit.

50 2492 237 2534 Tantum
275 2500 418 2533 autem
455 2493 770 2548 transfugarum
815 2508 916 2560 erga
948 2496 1127 2549 patriam
1161 2494 1314 2536 caritas
1346 2494 1494 2545 ualuit,

49 2555 110 2603 ut,
157 2564 252 2592 cum
298 2550 459 2605 regiam
504 2550 729 2593 Danorum
775 2552 948 2608 stirpem
994 2552 1048 2594 ad
1095 2553 1266 2594 unicum
1313 2527 1494 2592 Haraldi

0 2623 17 2650 ο
48 2583 178 2650 filium
228 2607 443 2650 redactam
491 2622 582 2650 esse
631 2615 958 2665 cognoscerent,
1011 2624 1094 2666 quo
1153 2611 1291 2651 minus
1349 2609 1495 2652 alienis

1592 982 1636 1010 Cb

1553 1628 1581 1654 p.
1602 1621 1652 1647 495

1569 1856 1663 1891 (188)
