1884 3126
647 256 696 262 -—
760 233 898 276 XIIII
958 257 1011 265 -
1463 237 1545 278 585

106 361 280 405 accedit.
344 361 481 410 Quem
525 377 620 404 cum
661 363 877 417 Absalon,
918 378 1053 419 nuper
1092 379 1115 405 a
1155 365 1267 419 regis
1306 365 1348 407 in
1393 365 1545 407 Iutiam

106 420 407 477 proficiscentis
440 420 640 461 comitatu
672 435 826 475 magna
857 421 989 463 classe
1021 436 1261 477 regressus,
1292 423 1473 466 Isnrcnsi
1504 424 1544 464 in

106 483 232 534 portu
256 478 558 519 aduentantem
582 479 761 531 uideret,
783 479 906 520 sociis
929 481 1149 535 quicquam
1176 481 1382 524 hostiliter
1404 482 1545 523 conari

105 536 269 587 uetitis,
310 550 362 577 ne
402 536 801 590 superuenientibus
841 542 976 579 metus
1018 538 1280 587 iniiceretur
1322 540 1545 594 tranquille

57 607 73 634 5
105 594 194 635 eius
235 594 556 647 nauigacionem
598 595 789 650 excepit
832 609 959 650 quem
1006 596 1159 649 eciam,
1201 597 1358 638 maiore
1403 597 1546 639 classis

105 665 180 693 sue
226 656 346 706 parte
386 651 576 701 dimissa,
626 652 678 692 ad
727 666 870 706 regem
915 653 1126 707 pe1duxit.
1198 654 1239 695 Is
1281 668 1372 695 curn
1411 655 1545 709 prima

106 710 305 764 colloquii
334 709 400 750 die
425 710 545 751 obiui
549 716 697 763 gauter
721 715 925 764 exceptus
956 711 1009 751 de
1041 712 1265 752 concordia
1287 711 1544 767 desperaret,

107 768 366 809 Absalonem
398 782 472 821 per
505 767 767 822 Stephanum
801 772 904 820 orat,
937 772 1027 809 tuto
1061 768 1137 809 sibi
1161 769 1376 811 discedere
1407 770 1543 812 liceat.

105 826 140 866 A
177 839 259 880 quo
292 825 491 877 timidius,
523 839 649 880 quam
682 827 714 867 si
738 826 778 866 in
804 826 936 880 patria
967 826 1090 879 foret,
1120 827 1274 868 sentire
1294 828 1544 882 prohibitus.

35 895 72 922 10
105 883 363 938 colloquium
395 883 605 937 repetiuit,
637 898 871 939 pacemque
903 884 1089 938 probatis
1126 885 1439 926 condicionibus
1471 886 1544 926 im-

104 941 303 996 petrauit.
350 941 594 994 Enimuero,
627 942 789 983 cunctis
822 940 1175 995 Noruagiensium
1206 943 1473 995 magnatibus
1506 944 1545 984 in

104 999 281 1040 eandem
314 999 563 1040 sacramenti
594 1000 772 1040 formam
796 999 1019 1049 obstrictis,
1044 1000 1311 1041 iureiurando
1335 1001 1544 1056 pollicitus

104 1060 190 1109 est,
222 1072 266 1098 se
299 1057 429 1098 filium
468 1058 578 1110 regis
612 1057 961 1109 waldemarum,
1003 1058 1053 1097 ad
1100 1058 1270 1099 modum
1311 1059 1545 1113 paruulum,

105 1114 374 1156 educaeionis
415 1114 561 1157 officiis
600 1121 946 1171 prosecuturum,
990 1115 1253 1169 eundemque
1292 1117 1406 1170 prius
1438 1115 1545 1157 Nor-

37 1184 73 1211 15
104 1172 230 1226 uagie
262 1172 424 1219 ducem,
457 1173 608 1214 deinde
639 1173 758 1228 regni
792 1173 990 1214 heredem
1015 1173 1216 1226 futurum,
1239 1175 1273 1215 si
1304 1175 1414 1214 filius
1446 1189 1546 1215 suus

106 1229 287 1284 Magnus
311 1231 469 1286 absque
492 1231 634 1273 liberis
656 1231 767 1272 iusto
791 1231 1056 1272 matrimonio
1081 1232 1285 1286 susceptis
1308 1231 1544 1274 decederet.

107 1288 216 1336 Quin
240 1290 370 1330 eciam
395 1289 514 1329 miles
533 1290 642 1343 regis
661 1287 754 1330 effe
743 1295 861 1343 ctus,
883 1290 1223 1354 quociescunque
1244 1304 1312 1330 res
1336 1293 1539 1343 posceret,
1605 1293 1699 1325 (332)

106 1346 332 1401 sexaginta
362 1345 720 1401 Noruagiensium
753 1360 885 1388 naues
916 1347 955 1387 in
997 1347 1085 1387 eius
1130 1347 1373 1388 comitatum
1406 1351 1544 1401 exipe-
1597 1351 1696 1385 1)·854

106 1403 281 1445 diendas
314 1405 520 1460 promisit.
585 1404 715 1446 Cuius
747 1405 959 1459 paccionis
991 1409 1196 1456 teum-,em
1222 1405 1439 1446 Danorum
1462 1405 1545 1447 fide

35 1472 73 1500 20
106 1453 291 1514 laudata,
332 1462 445 1503 domi
487 1468 583 1518 post
615 1463 786 1504 modum
827 1462 869 1504 in
901 1463 1103 1504 concione
1139 1437 1347 1517 uu'lgauit.
1409 1463 1543 1510 Quem

105 1519 226 1561 Touo
261 1520 638 1575 disce[n]denten1,
683 1520 909 1562 reducendi
949 1520 1129 1562 Esberni
1169 1521 1331 1575 gracia,
1373 1522 1542 1587 proprio

104 1578 366 1632 sequebatur
397 1579 584 1634 nauigio.
647 1579 695 1619 In
730 1592 811 1633 quo
843 1578 1111 1633 profecturus
1142 1577 1380 1627 Esbernus
1412 1579 1546 1620 muni-

104 1635 275 1677 ficencia
307 1637 454 1691 gentis
477 1651 651 1677 aicuum
684 1637 949 1691 telorumque
975 1635 1095 1678 donis
1116 1635 1323 1677 honustus
1346 1612 1546 1678 abscedit.

243 1692 350 1735 Cum
397 1694 450 1734 ad
499 1685 666 1736 Oddam
713 1694 974 1749 prouinciam
1023 1695 1308 1749 pe1uenisset‚
1360 1710 1413 1736 ex
1460 1695 1549 1735 eius

36 1763 72 1791 25
104 1750 462 1807 speculatoribus,
505 1766 648 1807 regem
680 1752 957 1807 expedicione
991 1752 1289 1794 Pomeraniam
1334 1753 1547 1807 petiuisse,

105 1809 336 1863 cognoscit
407 1809 542 1852 Iidem
589 1811 640 1851 ab
690 1824 739 1851 eo
785 1810 1056 1863 interrogati,
1104 1823 1156 1849 an
1206 1809 1312 1850 ullos
1358 1815 1550 1852 recenter

104 1865 301 1922 pyratas*
332 1867 551 1921 uidissent,
585 1868 866 1923 quadraginta
897 1869 1028 1909 ferme
1066 1867 1234 1921 nauigia
1274 1867 1326 1907 ad
1368 1868 1545 1908 insulam
1567 1876 1754 1905 chxlna

105 1924 257 1979 Syram
299 1925 536 1980 appulisse,
584 1926 862 1975 denunciant,
909 1925 1081 1980 prefati,
1127 1939 1273 1979 parum
1323 1939 1368 1966 se
1410 1939 1547 1978 nosse,

105 1982 366 2036 negociatrix
387 1997 440 2024 an
463 1984 655 2040 pyratica
678 1984 821 2025 classis
845 1984 1069 2025 exstiterit.
1117 1982 1197 2024 His
1221 1982 1373 2024 auditis
1396 1983 1549 2024 Esber-

34 2051 72 2079 30
103 2053 192 2092 nus,
227 2044 273 2080 ut
302 2045 432 2082 noctu
466 2042 621 2083 inscios
664 2042 908 2096 preteriret,
951 2042 1145 2095 neglecto
1186 2040 1348 2095 syderis
1389 2040 1547 2091 habitu,

104 2111 229 2152 quam
288 2099 568 2142 remotissime
631 2104 764 2140 terras
829 2098 1073 2153 nauigando
1131 2098 1267 2139 uitare
1317 2098 1548 2147 coustituit,

103 2156 295 2210 pyratico
317 2171 362 2198 se
386 2158 631 2213 conspectui
654 2156 890 2199 subducere
913 2156 1097 2210 cupiens,
1141 2155 1221 2196 Sed
1241 2155 1340 2196 dum
1366 2156 1550 2197 obscuri-

104 2213 204 2254 tatis
254 2214 482 2266 auxilium*
510 2215 697 2270 expetit,
750 2214 888 2256 subito
942 2213 1187 2255 collucentis
1239 2213 1337 2255 lune
1386 2213 1550 2267 fulgore

103 2270 307 2325 proditur.
380 2271 489 2313 Nam
547 2272 713 2324 Sclaui,
771 2286 921 2314 serena
976 2275 1099 2313 nocte
1155 2276 1382 2326 conspecto
1438 2271 1549 2324 uelo,

36 2339 73 2368 35
106 2328 272 2370 obiecta
312 2330 449 2372 classe
491 2332 764 2384 nauigantem
808 2330 1037 2385 excipiunt.
1107 2328 1271 2376 Quibus
1313 2329 1549 2383 conspectis

101 2385 341 2452 Esbernus,
383 2394 536 2429 nautas
576 2402 694 2430 arma
737 2401 888 2442 capere
929 2387 1212 2440 loricatosque
1254 2386 1338 2427 suis
1371 2387 1411 2427 in
1445 2386 1548 2427 locis

103 2445 331 2485 consistere
363 2445 575 2499 hortatus,
616 2446 801 2501 reliquos
842 2459 982 2486 secum
1027 2446 1069 2484 in
1111 2457 1277 2498 proram
1319 2443 1546 2498 perductos

103 2516 156 2543 ex
188 2506 370 2557 utroque
401 2504 559 2558 nauigii
590 2504 721 2545 latere
754 2502 922 2558 spiculis
959 2502 1125 2543 hostem
1163 2501 1376 2542 incessere
1416 2502 1548 2552 iubet,

103 2563 149 2600 ut
165 2559 341 2601 salutem
361 2575 478 2602 suam
495 2566 722 2616 protegere
740 2575 914 2602 necesse
931 2559 1150 2624 habentes,
1165 2559 1333 2612 segnius
1348 2556 1352 2613 Ι
1365 2559 1546 2600 alienam
1605 2576 1631 2601 p·
1649 2566 1702 2594 855

38 2629 72 2656 40
102 2616 369 2671 impeterent.
419 2619 621 2673 Precepit
643 2632 829 2674 quoque,
852 2632 947 2659 cum
970 2618 1151 2673 primum
1173 2616 1315 2658 classis
1337 2616 1546 2660 obiectum
