1884 3126
111 1356 127 1382 5

92 1648 128 1675 10

88 1938 124 1965 15

87 2227 126 2254 20

89 2515 126 2542 25

540 843 806 900 SAXONIS
845 843 1237 899 GRAMMATICI

493 987 911 1032 HISTORIE
963 986 1286 1030 DANIoE

600 1129 730 1159 LIBER
760 1129 950 1159 DECIMVS
982 1128 1177 1159 TERCIVS.

302 1244 450 1329 Igitur
490 1274 714 1329 Nicolaus,
757 1280 954 1332 suscepto
997 1289 1159 1330 regno,
1201 1274 1308 1317 adeo
1341 1275 1527 1316 animum
1560 1274 1615 1315 ab

162 1338 273 1379 omni
305 1339 418 1381 fastu
449 1354 647 1382 aueisum
690 1340 862 1395 habuit,
902 1344 950 1382 ut
988 1340 1092 1381 nihil
1124 1354 1178 1381 ex
1208 1341 1384 1396 pristina
1418 1354 1615 1381 mansue-

161 1395 308 1438 tudine
339 1412 416 1439 sua
450 1397 720 1454 decerperet
763 1402 982 1454 totamque
1023 1399 1225 1455 preterite
1266 1399 1354 1441 uite
1389 1404 1615 1440 consuetu-

162 1454 302 1497 dinem
334 1456 542 1511 retinens,
575 1471 670 1499 cum
712 1457 884 1499 fortuna
924 1457 1107 1499 animum
1151 1461 1314 1499 mutato
1347 1471 1497 1513 passus
1531 1470 1615 1497 non

162 1517 246 1562 est,
294 1528 346 1556 ne
393 1515 541 1569 pocius
587 1515 758 1558 f01tune
805 1529 944 1557 mores
991 1530 1118 1571 quam
1165 1515 1352 1557 moribus
1396 1515 1614 1556 fortunam

161 1572 371 1616 subiicere
424 1573 654 1617 uideretur.
736 1574 965 1626 Preterea,
1018 1588 1070 1615 ne
1131 1575 1310 1629 patriam
1363 1578 1614 1629 sumptuosa

160 1629 354 1673 clientela
385 1645 434 1673 ac
464 1632 693 1674 uoracibus
726 1637 924 1674 oneraret
953 1632 1176 1687 impensis,
1219 1632 1475 1674 cotidianam
1507 1631 1614 1672 mili-

159 1688 266 1729 ciam
298 1704 418 1732 suam
450 1704 526 1731 sex
558 1695 721 1731 tantum
756 1694 830 1731 aut
860 1695 1030 1746 septem
1048 1689 1223 1746 clypeis,
1249 1691 1311 1732 *ob
1345 1688 1613 1732 exturbanda

156 1747 403 1800 latrocinia,
449 1753 692 1790 contentam
741 1748 911 1800 habuit3
955 1763 1035 1790 nec
1080 1749 1418 1804 petulanciorem
1466 1761 1611 1803 regem

160 1819 286 1860 quam
309 1806 487 1847 militem
505 1806 605 1861 egit.
649 1807 786 1848 Duxit
807 1812 949 1848 autem
973 1806 1272 1861 Margaretam,
1290 1812 1413 1862 patre
1436 1806 1613 1861 Ingone,

159 1863 377 1905 Sueonum
408 1878 521 1918 rege,
553 1868 688 1906 matre
719 1879 821 1907 uero
843 1864 1013 1907 Helena
1032 1870 1190 1913 natam,
1223 1866 1341 1908 cuius
1375 1865 1610 1906 castitatem

155 1935 232 1963 rex
275 1920 645 1978 Noruagienlsium
692 1923 875 1979 Magnus
923 1924 1122 1975 coniugio
1170 1923 1450 1966 delibauerat.
1529 1922 1611 1971 Qui

157 1994 266 2033 cum,
299 1979 450 2022 sedulo
475 1981 667 2023 Sueones
692 1981 881 2035 adortus,
913 1983 954 2023 in
978 1981 1293 2024 Hallandenses
1328 1982 1462 2023 eciam
1495 1995 1611 2022 arma

156 2038 392 2093 proferret,
435 2039 654 2095 inopinata
697 2054 844 2082 eorum
886 2040 1127 2096 irrupcione
1158 2040 1401 2095 perculsus,
1444 2042 1490 2080 ut
1522 2043 1612 2081 erat

159 2072 446 2138 calciamentis
479 2111 654 2150 uacuus,
686 2098 937 2154 probiosum
960 2098 1011 2140 ad
1046 2112 1177 2139 naues
1200 2112 1418 2140 recursum
1449 2097 1612 2149 habuit,

157 2155 332 2210 eiusque
382 2154 483 2209 fuge
536 2155 846 2198 deformitatem
893 2158 1025 2199 eciam
1069 2157 1322 2211 cognomine
1374 2157 1611 2212 usurpauit.

159 2211 291 2255 Cuius
325 2226 498 2255 manum
526 2213 633 2265 Ingo
666 2215 793 2256 saluti
826 2229 902 2257 sue
926 2215 1169 2282 perniciter
1193 2215 1478 2256 imminentem
1501 2215 1612 2256 ferre

156 2271 383 2326 nequiens,
426 2272 626 2314 merende
663 2274 777 2328 pacis
819 2274 963 2328 gracia
1004 2273 1088 2315 filia
1133 2274 1172 2315 ei
1212 2274 1253 2314 in
1295 2273 1612 2315 matrimonium

156 2329 333 2383 tradita,
375 2330 609 2383 periculum
645 2331 848 2373 beneficio
881 2333 1050 2387 repulit.
1114 2331 1180 2372 Ex
1213 2332 1292 2373 hac
1324 2333 1468 2387 itaque
1502 2331 1613 2372 Mar-

157 2391 307 2442 gareta
352 2387 534 2443 Magnus
575 2390 739 2445 prolem
786 2405 867 2432 non
910 2391 1107 2442 sustulit,
1140 2389 1343 2431 Nicolaus
1375 2389 1612 2431 infelicibus

158 2445 351 2487 sobolem
399 2447 594 2503 auspiciis
641 2449 914 2503 propagauit.
993 2448 1126 2490 Cuius
1172 2448 1282 2489 filius
1329 2448 1437 2502 lngo
1484 2448 1610 2488 inicio

159 2503 476 2557 adolescencie,
519 2505 690 2546 effrenis
732 2507 827 2561 equi
871 2506 1045 2547 lasciuia
1088 2521 1292 2548 excussus
1334 2505 1611 2571 eiusdemque

159 2562 329 2616 ungulis
362 2563 560 2603 artuatim
585 2563 777 2615 obtritus,
805 2562 1187 2620 splendidissimum
1212 2564 1460 2618 sanguinem
1483 2563 1610 2605 luteis

159 2620 325 2660 uiarum
358 2620 555 2662 sordibus
588 2622 805 2676 erogauit,
849 2622 1174 2678 tristissimoque
1216 2622 1289 2663 fati
1322 2635 1480 2676 genere
1513 2635 1611 2663 con-

159 2683 375 2734 sumptuS,
416 2679 572 2735 sparsis
611 2680 760 2722 uiatim
802 2680 1022 2731 membris,
1053 2682 1240 2723 lacerum
1280 2679 1396 2721 humi
1429 2680 1612 2723 cadauer

1671 867 1697 892 p.
1714 859 1767 884 616

1667 1935 1693 1960 p.
1712 1925 1763 1952 617
