<?xml version="1.0" encoding="UTF-8"?>
<!DOCTYPE html PUBLIC "-//W3C//DTD XHTML 1.0 Transitional//EN"
    "http://www.w3.org/TR/xhtml1/DTD/xhtml1-transitional.dtd">
<html xmlns="http://www.w3.org/1999/xhtml" xml:lang="en" lang="en">
 <head>
  <title>
</title>
<meta http-equiv="Content-Type" content="text/html;charset=utf-8" />
  <meta name='ocr-system' content='tesseract 3.04.00' />
  <meta name='ocr-capabilities' content='ocr_page ocr_carea ocr_par ocr_line ocrx_word'/>
</head>
<body>
  <div class='ocr_page' id='page_1' title='image "./saxonisgrammatic00saxouoft_0098.png"; bbox 0 0 1884 3126; ppageno 0'>
   <div class='ocr_carea' id='block_1_1' title="bbox 244 858 277 885">
    <p class='ocr_par' dir='ltr' id='par_1_1' title="bbox 244 858 277 885">
     <span class='ocr_line' id='line_1_1' title="bbox 244 858 277 885; baseline 0 -4"><span class='ocrx_word' id='word_1_1' title='bbox 244 858 277 885; x_wconf 75' lang='lat'>10</span> 
     </span>
    </p>
   </div>
   <div class='ocr_carea' id='block_1_2' title="bbox 243 1152 276 1178">
    <p class='ocr_par' dir='ltr' id='par_1_2' title="bbox 243 1152 276 1178">
     <span class='ocr_line' id='line_1_2' title="bbox 243 1152 276 1178; baseline -0.061 0"><span class='ocrx_word' id='word_1_2' title='bbox 243 1152 276 1178; x_wconf 65' lang='lat' dir='ltr'>li)</span> 
     </span>
    </p>
   </div>
   <div class='ocr_carea' id='block_1_3' title="bbox 239 1440 274 1466">
    <p class='ocr_par' dir='ltr' id='par_1_3' title="bbox 239 1440 274 1466">
     <span class='ocr_line' id='line_1_3' title="bbox 239 1440 274 1466; baseline -0.029 0"><span class='ocrx_word' id='word_1_3' title='bbox 239 1440 274 1466; x_wconf 72' lang='lat'>20</span> 
     </span>
    </p>
   </div>
   <div class='ocr_carea' id='block_1_4' title="bbox 221 2015 258 2042">
    <p class='ocr_par' dir='ltr' id='par_1_4' title="bbox 221 2015 258 2042">
     <span class='ocr_line' id='line_1_4' title="bbox 221 2015 258 2042; baseline -0.054 0"><span class='ocrx_word' id='word_1_4' title='bbox 221 2015 258 2042; x_wconf 82' lang='lat'>30</span> 
     </span>
    </p>
   </div>
   <div class='ocr_carea' id='block_1_5' title="bbox 218 2303 253 2328">
    <p class='ocr_par' dir='ltr' id='par_1_5' title="bbox 218 2303 253 2328">
     <span class='ocr_line' id='line_1_5' title="bbox 218 2303 253 2328; baseline 0 0"><span class='ocrx_word' id='word_1_5' title='bbox 218 2303 253 2328; x_wconf 76' lang='lat'>35</span> 
     </span>
    </p>
   </div>
   <div class='ocr_carea' id='block_1_6' title="bbox 215 2591 252 2619">
    <p class='ocr_par' dir='ltr' id='par_1_6' title="bbox 215 2591 252 2619">
     <span class='ocr_line' id='line_1_6' title="bbox 215 2591 252 2619; baseline -0.054 0"><span class='ocrx_word' id='word_1_6' title='bbox 215 2591 252 2619; x_wconf 87' lang='lat'>40</span> 
     </span>
    </p>
   </div>
   <div class='ocr_carea' id='block_1_7' title="bbox 315 209 1147 249">
    <p class='ocr_par' dir='ltr' id='par_1_7' title="bbox 315 209 1147 249">
     <span class='ocr_line' id='line_1_7' title="bbox 315 209 1147 249; baseline 0.005 -4"><span class='ocrx_word' id='word_1_7' title='bbox 315 209 340 249; x_wconf 83' lang='lat'>4</span> <span class='ocrx_word' id='word_1_8' title='bbox 918 218 1147 249; x_wconf 83' lang='lat' dir='ltr'><strong>PREFAGIO.</strong></span> 
     </span>
    </p>
   </div>
   <div class='ocr_carea' id='block_1_8' title="bbox 304 332 1749 1713">
    <p class='ocr_par' dir='ltr' id='par_1_8' title="bbox 306 332 1749 1539">
     <span class='ocr_line' id='line_1_8' title="bbox 315 332 1749 389; baseline -0.003 -11"><span class='ocrx_word' id='word_1_9' title='bbox 315 336 432 379; x_wconf 90' lang='lat' dir='ltr'>sione</span> <span class='ocrx_word' id='word_1_10' title='bbox 465 334 635 377; x_wconf 86' lang='lat' dir='ltr'>sortitus</span> <span class='ocrx_word' id='word_1_11' title='bbox 657 332 869 389; x_wconf 88' lang='lat' dir='ltr'>Albieque</span> <span class='ocrx_word' id='word_1_12' title='bbox 899 333 1137 388; x_wconf 88' lang='lat' dir='ltr'>reciprocos</span> <span class='ocrx_word' id='word_1_13' title='bbox 1168 333 1321 375; x_wconf 88' lang='lat' dir='ltr'>fluctus</span> <span class='ocrx_word' id='word_1_14' title='bbox 1352 336 1586 388; x_wconf 89' lang='lat' dir='ltr'>propagate</span> <span class='ocrx_word' id='word_1_15' title='bbox 1618 333 1749 375; x_wconf 91' lang='lat' dir='ltr'>domi-</span> 
     </span>
     <span class='ocr_line' id='line_1_9' title="bbox 313 391 1749 447; baseline -0.002 -12"><span class='ocrx_word' id='word_1_16' title='bbox 313 393 499 436; x_wconf 83' lang='lat' dir='ltr'>nacionis</span> <span class='ocrx_word' id='word_1_17' title='bbox 520 392 667 433; x_wconf 91' lang='lat' dir='ltr'>labore</span> <span class='ocrx_word' id='word_1_18' title='bbox 689 391 950 447; x_wconf 80' lang='lat' dir='ltr'>complexus,</span> <span class='ocrx_word' id='word_1_19' title='bbox 980 391 1081 432; x_wconf 86' lang='lat' dir='ltr'>haut</span> <span class='ocrx_word' id='word_1_20' title='bbox 1102 391 1310 432; x_wconf 82' lang='lat' dir='ltr'>mediocre</span> <span class='ocrx_word' id='word_1_21' title='bbox 1334 391 1534 432; x_wconf 80' lang='lat' dir='ltr'><strong>claritatis</strong></span> <span class='ocrx_word' id='word_1_22' title='bbox 1561 405 1749 432; x_wconf 89' lang='lat' dir='ltr'>momen-</span> 
     </span>
     <span class='ocr_line' id='line_1_10' title="bbox 311 448 1749 493; baseline -0.003 0"><span class='ocrx_word' id='word_1_23' title='bbox 311 455 402 493; x_wconf 90' lang='lat' dir='ltr'>tum</span> <span class='ocrx_word' id='word_1_24' title='bbox 450 450 734 492; x_wconf 79' lang='lat' dir='ltr'>celeberrimis</span> <span class='ocrx_word' id='word_1_25' title='bbox 778 449 915 490; x_wconf 88' lang='lat' dir='ltr'>laudis</span> <span class='ocrx_word' id='word_1_26' title='bbox 961 452 1034 490; x_wconf 91' lang='lat' dir='ltr'>tue</span> <span class='ocrx_word' id='word_1_27' title='bbox 1079 448 1210 490; x_wconf 90' lang='lat' dir='ltr'>titulis</span> <span class='ocrx_word' id='word_1_28' title='bbox 1255 449 1457 490; x_wconf 87' lang='lat' dir='ltr'>adiecisti.</span> <span class='ocrx_word' id='word_1_29' title='bbox 1527 448 1594 489; x_wconf 86' lang='lat' dir='ltr'>Ita</span> <span class='ocrx_word' id='word_1_30' title='bbox 1633 453 1749 490; x_wconf 85' lang='lat' dir='ltr'>ante-</span> 
     </span>
     <span class='ocr_line' id='line_1_11' title="bbox 314 506 1749 572; baseline -0.002 -22"><span class='ocrx_word' id='word_1_31' title='bbox 314 522 527 551; x_wconf 87' lang='lat' dir='ltr'>cessorum</span> <span class='ocrx_word' id='word_1_32' title='bbox 572 508 728 549; x_wconf 90' lang='lat' dir='ltr'>famam</span> <span class='ocrx_word' id='word_1_33' title='bbox 773 510 900 561; x_wconf 89' lang='lat' dir='ltr'>atque</span> <span class='ocrx_word' id='word_1_34' title='bbox 948 506 1189 571; x_wconf 86' lang='lat' dir='ltr'>opinionem</span> <span class='ocrx_word' id='word_1_35' title='bbox 1237 520 1412 572; x_wconf 78' lang='lat' dir='ltr'>operum</span> <span class='ocrx_word' id='word_1_36' title='bbox 1458 506 1749 571; x_wconf 82' lang='lat' dir='ltr'>magnitudine</span> 
     </span>
     <span class='ocr_line' id='line_1_12' title="bbox 311 563 1748 622; baseline -0.001 -15"><span class='ocrx_word' id='word_1_37' title='bbox 311 579 624 622; x_wconf 80' lang='lat' dir='ltr'>supergiessus,</span> <span class='ocrx_word' id='word_1_38' title='bbox 654 578 708 606; x_wconf 92' lang='lat' dir='ltr'>ne</span> <span class='ocrx_word' id='word_1_39' title='bbox 739 564 922 605; x_wconf 85' lang='lat' dir='ltr'>Romani</span> <span class='ocrx_word' id='word_1_40' title='bbox 953 563 1120 618; x_wconf 90' lang='lat' dir='ltr'>quidem</span> <span class='ocrx_word' id='word_1_41' title='bbox 1159 564 1324 618; x_wconf 89' lang='lat' dir='ltr'>imperii</span> <span class='ocrx_word' id='word_1_42' title='bbox 1354 567 1496 619; x_wconf 84' lang='lat' dir='ltr'>partes</span> <span class='ocrx_word' id='word_1_43' title='bbox 1532 564 1657 605; x_wconf 88' lang='lat' dir='ltr'>armis</span> <span class='ocrx_word' id='word_1_44' title='bbox 1688 564 1748 605; x_wconf 89' lang='lat' dir='ltr'>in-</span> 
     </span>
     <span class='ocr_line' id='line_1_13' title="bbox 309 620 1748 677; baseline -0.002 -12"><span class='ocrx_word' id='word_1_45' title='bbox 309 628 493 666; x_wconf 85' lang='lat' dir='ltr'>tentatas</span> <span class='ocrx_word' id='word_1_46' title='bbox 536 623 707 677; x_wconf 83' lang='lat' dir='ltr'>liquisti.</span> <span class='ocrx_word' id='word_1_47' title='bbox 779 620 969 675; x_wconf 81' lang='lat' dir='ltr'>Cumque</span> <span class='ocrx_word' id='word_1_48' title='bbox 1012 620 1259 662; x_wconf 86' lang='lat' dir='ltr'>fortitudine</span> <span class='ocrx_word' id='word_1_49' title='bbox 1305 626 1346 663; x_wconf 89' lang='lat' dir='ltr'>et</span> <span class='ocrx_word' id='word_1_50' title='bbox 1388 621 1642 663; x_wconf 78' lang='lat' dir='ltr'>liberalitate</span> <span class='ocrx_word' id='word_1_51' title='bbox 1685 622 1748 662; x_wconf 91' lang='lat' dir='ltr'>in-</span> 
     </span>
     <span class='ocr_line' id='line_1_14' title="bbox 309 679 1746 732; baseline -0.003 -9"><span class='ocrx_word' id='word_1_52' title='bbox 309 681 611 723; x_wconf 88' lang='lat' dir='ltr'>structissimus</span> <span class='ocrx_word' id='word_1_53' title='bbox 633 679 840 731; x_wconf 82' lang='lat' dir='ltr'>habearis,</span> <span class='ocrx_word' id='word_1_54' title='bbox 873 679 1023 732; x_wconf 90' lang='lat' dir='ltr'>plusne</span> <span class='ocrx_word' id='word_1_55' title='bbox 1047 679 1188 720; x_wconf 90' lang='lat' dir='ltr'>hostes</span> <span class='ocrx_word' id='word_1_56' title='bbox 1210 679 1330 720; x_wconf 90' lang='lat' dir='ltr'>bellis</span> <span class='ocrx_word' id='word_1_57' title='bbox 1352 684 1524 729; x_wconf 86' lang='lat' dir='ltr'>terreas,</span> <span class='ocrx_word' id='word_1_58' title='bbox 1558 693 1609 719; x_wconf 86' lang='lat' dir='ltr'>an</span> <span class='ocrx_word' id='word_1_59' title='bbox 1633 679 1746 720; x_wconf 89' lang='lat' dir='ltr'>ciues</span> 
     </span>
     <span class='ocr_line' id='line_1_15' title="bbox 310 735 1745 791; baseline -0.001 -12"><span class='ocrx_word' id='word_1_60' title='bbox 310 738 569 779; x_wconf 84' lang='lat' dir='ltr'>humanitate</span> <span class='ocrx_word' id='word_1_61' title='bbox 601 737 856 789; x_wconf 78' lang='lat' dir='ltr'>demulceas,</span> <span class='ocrx_word' id='word_1_62' title='bbox 887 736 1133 790; x_wconf 88' lang='lat' dir='ltr'>ambiguum</span> <span class='ocrx_word' id='word_1_63' title='bbox 1154 735 1388 778; x_wconf 84' lang='lat' dir='ltr'>reddidisti.</span> <span class='ocrx_word' id='word_1_64' title='bbox 1436 736 1553 778; x_wconf 86' lang='lat' dir='ltr'>Tuus</span> <span class='ocrx_word' id='word_1_65' title='bbox 1576 751 1745 791; x_wconf 87' lang='lat' dir='ltr'>quoque</span> 
     </span>
     <span class='ocr_line' id='line_1_16' title="bbox 310 793 1744 851; baseline -0.001 -14"><span class='ocrx_word' id='word_1_66' title='bbox 310 795 642 851; x_wconf 85' lang='lat' dir='ltr'>fulgentissimus</span> <span class='ocrx_word' id='word_1_67' title='bbox 683 807 789 834; x_wconf 90' lang='lat' dir='ltr'>auus</span> <span class='ocrx_word' id='word_1_68' title='bbox 830 793 996 847; x_wconf 91' lang='lat' dir='ltr'>publice</span> <span class='ocrx_word' id='word_1_69' title='bbox 1038 793 1251 847; x_wconf 85' lang='lat' dir='ltr'>religionis</span> <span class='ocrx_word' id='word_1_70' title='bbox 1294 794 1426 835; x_wconf 86' lang='lat' dir='ltr'>titulis</span> <span class='ocrx_word' id='word_1_71' title='bbox 1463 799 1744 847; x_wconf 85' lang='lat' dir='ltr'>consecratus,</span> 
     </span>
     <span class='ocr_line' id='line_1_17' title="bbox 313 851 1746 907; baseline -0.001 -13"><span class='ocrx_word' id='word_1_72' title='bbox 313 854 606 907; x_wconf 89' lang='lat' dir='ltr'>immeriteque</span> <span class='ocrx_word' id='word_1_73' title='bbox 648 851 793 892; x_wconf 88' lang='lat' dir='ltr'>mortis</span> <span class='ocrx_word' id='word_1_74' title='bbox 837 851 1040 892; x_wconf 84' lang='lat' dir='ltr'>beneficio</span> <span class='ocrx_word' id='word_1_75' title='bbox 1083 851 1408 892; x_wconf 82' lang='lat' dir='ltr'>immortalitatis</span> <span class='ocrx_word' id='word_1_76' title='bbox 1440 852 1617 905; x_wconf 84' lang='lat' dir='ltr'>gloriam</span> <span class='ocrx_word' id='word_1_77' title='bbox 1649 866 1746 893; x_wconf 91' lang='lat' dir='ltr'>con-</span> 
     </span>
     <span class='ocr_line' id='line_1_18' title="bbox 311 908 1744 965; baseline -0.003 -12"><span class='ocrx_word' id='word_1_78' title='bbox 311 916 540 965; x_wconf 79' lang='lat' dir='ltr'>sequutus,</span> <span class='ocrx_word' id='word_1_79' title='bbox 582 923 693 950; x_wconf 91' lang='lat' dir='ltr'>nunc</span> <span class='ocrx_word' id='word_1_80' title='bbox 725 909 956 949; x_wconf 81' lang='lat' dir='ltr'>sanctitatis</span> <span class='ocrx_word' id='word_1_81' title='bbox 989 908 1154 962; x_wconf 86' lang='lat' dir='ltr'>fulgore</span> <span class='ocrx_word' id='word_1_82' title='bbox 1194 909 1458 963; x_wconf 80' lang='lat' dir='ltr'>prestringit‚</span> <span class='ocrx_word' id='word_1_83' title='bbox 1500 923 1604 964; x_wconf 91' lang='lat' dir='ltr'>quos</span> <span class='ocrx_word' id='word_1_84' title='bbox 1646 910 1744 950; x_wconf 91' lang='lat' dir='ltr'>olim</span> 
     </span>
     <span class='ocr_line' id='line_1_19' title="bbox 311 965 1744 1022; baseline -0.003 -12"><span class='ocrx_word' id='word_1_85' title='bbox 311 968 498 1010; x_wconf 90' lang='lat' dir='ltr'>uictoriis</span> <span class='ocrx_word' id='word_1_86' title='bbox 530 966 769 1021; x_wconf 85' lang='lat' dir='ltr'>adquisiuit.</span> <span class='ocrx_word' id='word_1_87' title='bbox 832 965 898 1006; x_wconf 83' lang='lat' dir='ltr'>Ex</span> <span class='ocrx_word' id='word_1_88' title='bbox 931 967 1048 1007; x_wconf 90' lang='lat' dir='ltr'>cuius</span> <span class='ocrx_word' id='word_1_89' title='bbox 1080 967 1350 1008; x_wconf 88' lang='lat' dir='ltr'>sanctissimis</span> <span class='ocrx_word' id='word_1_90' title='bbox 1382 967 1628 1008; x_wconf 87' lang='lat' dir='ltr'>uulneribus</span> <span class='ocrx_word' id='word_1_91' title='bbox 1650 967 1744 1022; x_wconf 89' lang='lat' dir='ltr'>plus</span> 
     </span>
     <span class='ocr_line' id='line_1_20' title="bbox 311 1023 1742 1079; baseline -0.002 -12"><span class='ocrx_word' id='word_1_92' title='bbox 311 1026 480 1068; x_wconf 88' lang='lat' dir='ltr'>uirtutis</span> <span class='ocrx_word' id='word_1_93' title='bbox 512 1038 637 1079; x_wconf 89' lang='lat' dir='ltr'>quam</span> <span class='ocrx_word' id='word_1_94' title='bbox 670 1023 827 1065; x_wconf 87' lang='lat' dir='ltr'>cruoris</span> <span class='ocrx_word' id='word_1_95' title='bbox 859 1023 1037 1065; x_wconf 77' lang='lat' dir='ltr'>effluxit.</span> <span class='ocrx_word' id='word_1_96' title='bbox 1087 1023 1285 1065; x_wconf 84' lang='lat' dir='ltr'>Ceterum</span> <span class='ocrx_word' id='word_1_97' title='bbox 1307 1024 1443 1078; x_wconf 85' lang='lat' dir='ltr'>prisco</span> <span class='ocrx_word' id='word_1_98' title='bbox 1476 1028 1601 1079; x_wconf 86' lang='lat' dir='ltr'>atque</span> <span class='ocrx_word' id='word_1_99' title='bbox 1624 1024 1742 1066; x_wconf 90' lang='lat' dir='ltr'>here-</span> 
     </span>
     <span class='ocr_line' id='line_1_21' title="bbox 311 1081 1742 1136; baseline -0.001 -12"><span class='ocrx_word' id='word_1_100' title='bbox 311 1084 462 1124; x_wconf 83' lang='lat' dir='ltr'>ditario</span> <span class='ocrx_word' id='word_1_101' title='bbox 498 1082 756 1136; x_wconf 89' lang='lat' dir='ltr'>obsequendi</span> <span class='ocrx_word' id='word_1_102' title='bbox 787 1082 889 1134; x_wconf 84' lang='lat' dir='ltr'>iure,</span> <span class='ocrx_word' id='word_1_103' title='bbox 922 1081 1069 1122; x_wconf 89' lang='lat' dir='ltr'>saltem</span> <span class='ocrx_word' id='word_1_104' title='bbox 1100 1081 1255 1135; x_wconf 87' lang='lat' dir='ltr'>ingenii</span> <span class='ocrx_word' id='word_1_105' title='bbox 1277 1082 1435 1122; x_wconf 88' lang='lat' dir='ltr'>uiribus</span> <span class='ocrx_word' id='word_1_106' title='bbox 1462 1082 1537 1122; x_wconf 92' lang='lat' dir='ltr'>tibi</span> <span class='ocrx_word' id='word_1_107' title='bbox 1564 1082 1742 1123; x_wconf 86' lang='lat' dir='ltr'>militare</span> 
     </span>
     <span class='ocr_line' id='line_1_22' title="bbox 306 1138 1742 1194; baseline -0.002 -11"><span class='ocrx_word' id='word_1_108' title='bbox 306 1141 551 1183; x_wconf 43' lang='lat' dir='ltr'>ff‘oonstitui:</span> <span class='ocrx_word' id='word_1_109' title='bbox 578 1139 695 1181; x_wconf 87' lang='lat' dir='ltr'>cuius</span> <span class='ocrx_word' id='word_1_110' title='bbox 718 1138 933 1179; x_wconf 87' lang='lat' dir='ltr'>clarissimi</span> <span class='ocrx_word' id='word_1_111' title='bbox 950 1139 1081 1193; x_wconf 87' lang='lat' dir='ltr'>patris</span> <span class='ocrx_word' id='word_1_112' title='bbox 1105 1143 1357 1180; x_wconf 85' lang='lat' dir='ltr'>castrensem</span> <span class='ocrx_word' id='word_1_113' title='bbox 1379 1139 1573 1181; x_wconf 88' lang='lat' dir='ltr'>miliciam</span> <span class='ocrx_word' id='word_1_114' title='bbox 1590 1153 1742 1194; x_wconf 87' lang='lat' dir='ltr'>parens</span> 
     </span>
     <span class='ocr_line' id='line_1_23' title="bbox 307 1196 1742 1253; baseline -0.001 -13"><span class='ocrx_word' id='word_1_115' title='bbox 307 1211 497 1253; x_wconf 87' lang='lat' dir='ltr'>auusque</span> <span class='ocrx_word' id='word_1_116' title='bbox 538 1212 658 1238; x_wconf 87' lang='lat' dir='ltr'>meus</span> <span class='ocrx_word' id='word_1_117' title='bbox 698 1196 908 1237; x_wconf 74' lang='lat' dir='ltr'>fidissimis</span> <span class='ocrx_word' id='word_1_118' title='bbox 951 1196 1088 1237; x_wconf 86' lang='lat' dir='ltr'>bellici</span> <span class='ocrx_word' id='word_1_119' title='bbox 1127 1197 1283 1237; x_wconf 89' lang='lat' dir='ltr'>laboris</span> <span class='ocrx_word' id='word_1_120' title='bbox 1323 1197 1521 1251; x_wconf 86' lang='lat' dir='ltr'>operibus</span> <span class='ocrx_word' id='word_1_121' title='bbox 1564 1197 1742 1239; x_wconf 90' lang='lat' dir='ltr'>coluisse</span> 
     </span>
     <span class='ocr_line' id='line_1_24' title="bbox 306 1253 1741 1309; baseline -0.003 -11"><span class='ocrx_word' id='word_1_122' title='bbox 306 1260 548 1298; x_wconf 87' lang='lat' dir='ltr'>noscuntur.</span> <span class='ocrx_word' id='word_1_123' title='bbox 610 1254 701 1294; x_wconf 82' lang='lat' dir='ltr'>Tuo</span> <span class='ocrx_word' id='word_1_124' title='bbox 745 1254 871 1308; x_wconf 85' lang='lat' dir='ltr'>igitur</span> <span class='ocrx_word' id='word_1_125' title='bbox 910 1253 1039 1295; x_wconf 89' lang='lat' dir='ltr'>ductu</span> <span class='ocrx_word' id='word_1_126' title='bbox 1070 1258 1351 1308; x_wconf 84' lang='lat' dir='ltr'>respectuque</span> <span class='ocrx_word' id='word_1_127' title='bbox 1392 1254 1620 1304; x_wconf 85' lang='lat' dir='ltr'>subnixus,</span> <span class='ocrx_word' id='word_1_128' title='bbox 1661 1268 1741 1309; x_wconf 91' lang='lat' dir='ltr'>quo</span> 
     </span>
     <span class='ocr_line' id='line_1_25' title="bbox 307 1311 1743 1366; baseline -0.001 -11"><span class='ocrx_word' id='word_1_129' title='bbox 307 1318 446 1355; x_wconf 91' lang='lat' dir='ltr'>cetera</span> <span class='ocrx_word' id='word_1_130' title='bbox 477 1312 676 1366; x_wconf 87' lang='lat' dir='ltr'>liquidius</span> <span class='ocrx_word' id='word_1_131' title='bbox 709 1325 917 1365; x_wconf 75' lang='lat' dir='ltr'>exequar,</span> <span class='ocrx_word' id='word_1_132' title='bbox 957 1311 1125 1351; x_wconf 88' lang='lat' dir='ltr'>inicium</span> <span class='ocrx_word' id='word_1_133' title='bbox 1159 1326 1182 1351; x_wconf 90' lang='lat' dir='ltr'>a</span> <span class='ocrx_word' id='word_1_134' title='bbox 1214 1312 1348 1366; x_wconf 85' lang='lat' dir='ltr'>patrie</span> <span class='ocrx_word' id='word_1_135' title='bbox 1380 1317 1524 1353; x_wconf 88' lang='lat' dir='ltr'>nostre</span> <span class='ocrx_word' id='word_1_136' title='bbox 1560 1313 1640 1353; x_wconf 85' lang='lat' dir='ltr'>situ</span> <span class='ocrx_word' id='word_1_137' title='bbox 1673 1312 1743 1352; x_wconf 92' lang='lat' dir='ltr'>de-</span> 
     </span>
     <span class='ocr_line' id='line_1_26' title="bbox 306 1368 1742 1426; baseline -0.003 -13"><span class='ocrx_word' id='word_1_138' title='bbox 306 1372 549 1426; x_wconf 88' lang='lat' dir='ltr'>scriptuque</span> <span class='ocrx_word' id='word_1_139' title='bbox 588 1373 735 1425; x_wconf 88' lang='lat' dir='ltr'>petere</span> <span class='ocrx_word' id='word_1_140' title='bbox 766 1369 917 1410; x_wconf 88' lang='lat' dir='ltr'>statui:</span> <span class='ocrx_word' id='word_1_141' title='bbox 961 1369 1190 1423; x_wconf 78' lang='lat' dir='ltr'>speciosius</span> <span class='ocrx_word' id='word_1_142' title='bbox 1229 1368 1394 1423; x_wconf 89' lang='lat' dir='ltr'>singula</span> <span class='ocrx_word' id='word_1_143' title='bbox 1432 1370 1742 1425; x_wconf 59' lang='lat' dir='ltr'>perstricturus»,</span> 
     </span>
     <span class='ocr_line' id='line_1_27' title="bbox 309 1426 1742 1482; baseline -0.002 -12"><span class='ocrx_word' id='word_1_144' title='bbox 309 1430 343 1470; x_wconf 90' lang='lat' dir='ltr'>si</span> <span class='ocrx_word' id='word_1_145' title='bbox 366 1428 620 1470; x_wconf 89' lang='lat' dir='ltr'>narracionis</span> <span class='ocrx_word' id='word_1_146' title='bbox 642 1441 868 1481; x_wconf 85' lang='lat' dir='ltr'>procursus</span> <span class='ocrx_word' id='word_1_147' title='bbox 892 1427 1181 1481; x_wconf 86' lang='lat' dir='ltr'>competencia</span> <span class='ocrx_word' id='word_1_148' title='bbox 1213 1426 1337 1467; x_wconf 86' lang='lat' dir='ltr'>rebus</span> <span class='ocrx_word' id='word_1_149' title='bbox 1368 1427 1461 1468; x_wconf 89' lang='lat' dir='ltr'>loca</span> <span class='ocrx_word' id='word_1_150' title='bbox 1483 1427 1742 1482; x_wconf 86' lang='lat' dir='ltr'>permeciens</span> 
     </span>
     <span class='ocr_line' id='line_1_28' title="bbox 306 1483 1741 1539; baseline -0.002 -11"><span class='ocrx_word' id='word_1_151' title='bbox 306 1488 357 1528; x_wconf 87' lang='lat' dir='ltr'>ab</span> <span class='ocrx_word' id='word_1_152' title='bbox 401 1500 545 1527; x_wconf 91' lang='lat' dir='ltr'>eorum</span> <span class='ocrx_word' id='word_1_153' title='bbox 587 1484 798 1539; x_wconf 86' lang='lat' dir='ltr'>posicione</span> <span class='ocrx_word' id='word_1_154' title='bbox 840 1483 1115 1525; x_wconf 88' lang='lat' dir='ltr'>dicendorum</span> <span class='ocrx_word' id='word_1_155' title='bbox 1162 1484 1458 1526; x_wconf 83' lang='lat' dir='ltr'>inchoamenta</span> <span class='ocrx_word' id='word_1_156' title='bbox 1504 1484 1741 1527; x_wconf 82' lang='lat' dir='ltr'>deduxerit.</span> 
     </span>
    </p>

    <p class='ocr_par' dir='ltr' id='par_1_9' title="bbox 304 1542 1742 1713">
     <span class='ocr_line' id='line_1_29' title="bbox 442 1542 1739 1597; baseline -0.002 -13"><span class='ocrx_word' id='word_1_157' title='bbox 442 1543 582 1584; x_wconf 87' lang='lat' dir='ltr'>Huius</span> <span class='ocrx_word' id='word_1_158' title='bbox 614 1543 759 1597; x_wconf 91' lang='lat' dir='ltr'>itaque</span> <span class='ocrx_word' id='word_1_159' title='bbox 791 1542 973 1595; x_wconf 87' lang='lat' dir='ltr'>regionis</span> <span class='ocrx_word' id='word_1_160' title='bbox 996 1542 1155 1583; x_wconf 75' lang='lat' dir='ltr'>extima</span> <span class='ocrx_word' id='word_1_161' title='bbox 1176 1543 1326 1596; x_wconf 88' lang='lat' dir='ltr'>partim</span> <span class='ocrx_word' id='word_1_162' title='bbox 1349 1542 1426 1584; x_wconf 89' lang='lat' dir='ltr'>soli</span> <span class='ocrx_word' id='word_1_163' title='bbox 1448 1543 1620 1585; x_wconf 89' lang='lat' dir='ltr'>alterius</span> <span class='ocrx_word' id='word_1_164' title='bbox 1644 1556 1739 1583; x_wconf 92' lang='lat' dir='ltr'>con-</span> 
     </span>
     <span class='ocr_line' id='line_1_30' title="bbox 304 1599 1742 1654; baseline -0.001 -12"><span class='ocrx_word' id='word_1_165' title='bbox 304 1602 403 1642; x_wconf 86' lang='lat' dir='ltr'>finio</span> <span class='ocrx_word' id='word_1_166' title='bbox 437 1602 682 1653; x_wconf 85' lang='lat' dir='ltr'>limitantur,</span> <span class='ocrx_word' id='word_1_167' title='bbox 713 1599 864 1654; x_wconf 86' lang='lat' dir='ltr'>partim</span> <span class='ocrx_word' id='word_1_168' title='bbox 885 1600 1111 1654; x_wconf 80' lang='lat' dir='ltr'>propinqui</span> <span class='ocrx_word' id='word_1_169' title='bbox 1136 1601 1262 1640; x_wconf 89' lang='lat' dir='ltr'>maris</span> <span class='ocrx_word' id='word_1_170' title='bbox 1293 1600 1489 1642; x_wconf 89' lang='lat' dir='ltr'>fluctibus</span> <span class='ocrx_word' id='word_1_171' title='bbox 1523 1600 1742 1642; x_wconf 91' lang='lat' dir='ltr'>includun-</span> 
     </span>
     <span class='ocr_line' id='line_1_31' title="bbox 304 1657 1739 1713; baseline -0.001 -14"><span class='ocrx_word' id='word_1_172' title='bbox 304 1664 384 1701; x_wconf 88' lang='lat' dir='ltr'>tur.</span> <span class='ocrx_word' id='word_1_173' title='bbox 433 1658 606 1700; x_wconf 89' lang='lat' dir='ltr'>Interna</span> <span class='ocrx_word' id='word_1_174' title='bbox 637 1671 739 1698; x_wconf 88' lang='lat' dir='ltr'>uero</span> <span class='ocrx_word' id='word_1_175' title='bbox 772 1657 1033 1699; x_wconf 88' lang='lat' dir='ltr'>circunfusus</span> <span class='ocrx_word' id='word_1_176' title='bbox 1065 1657 1196 1698; x_wconf 87' lang='lat' dir='ltr'>ambit</span> <span class='ocrx_word' id='word_1_177' title='bbox 1225 1658 1433 1709; x_wconf 85' lang='lat' dir='ltr'>Oceanus,</span> <span class='ocrx_word' id='word_1_178' title='bbox 1466 1659 1537 1713; x_wconf 91' lang='lat' dir='ltr'>qui</span> <span class='ocrx_word' id='word_1_179' title='bbox 1559 1657 1739 1699; x_wconf 87' lang='lat' dir='ltr'>sinuosis</span> 
     </span>
    </p>
   </div>
   <div class='ocr_carea' id='block_1_9' title="bbox 260 1714 1740 1769">
    <p class='ocr_par' dir='ltr' id='par_1_10' title="bbox 260 1714 1740 1769">
     <span class='ocr_line' id='line_1_32' title="bbox 260 1714 1740 1769; baseline -0.001 -13"><span class='ocrx_word' id='word_1_180' title='bbox 260 1730 273 1752; x_wconf 60' lang='lat'><em>3</em></span> <span class='ocrx_word' id='word_1_181' title='bbox 304 1716 633 1758; x_wconf 87' lang='lat' dir='ltr'>intersticiorum</span> <span class='ocrx_word' id='word_1_182' title='bbox 664 1714 924 1761; x_wconf 88' lang='lat' dir='ltr'>anfractibus</span> <span class='ocrx_word' id='word_1_183' title='bbox 956 1729 1068 1756; x_wconf 91' lang='lat' dir='ltr'>nunc</span> <span class='ocrx_word' id='word_1_184' title='bbox 1099 1716 1140 1756; x_wconf 92' lang='lat' dir='ltr'>in</span> <span class='ocrx_word' id='word_1_185' title='bbox 1172 1716 1388 1769; x_wconf 88' lang='lat' dir='ltr'>angustias</span> <span class='ocrx_word' id='word_1_186' title='bbox 1418 1715 1516 1756; x_wconf 86' lang='lat' dir='ltr'>freti</span> <span class='ocrx_word' id='word_1_187' title='bbox 1553 1720 1740 1757; x_wconf 85' lang='lat' dir='ltr'>contrac-</span> 
     </span>
    </p>
   </div>
   <div class='ocr_carea' id='block_1_10' title="bbox 294 1773 1740 2635">
    <p class='ocr_par' dir='ltr' id='par_1_11' title="bbox 294 1773 1740 2635">
     <span class='ocr_line' id='line_1_33' title="bbox 305 1773 1740 1827; baseline -0.001 -13"><span class='ocrx_word' id='word_1_188' title='bbox 305 1774 427 1815; x_wconf 88' lang='lat' dir='ltr'>cioris</span> <span class='ocrx_word' id='word_1_189' title='bbox 473 1773 683 1824; x_wconf 79' lang='lat' dir='ltr'>euadens‚</span> <span class='ocrx_word' id='word_1_190' title='bbox 727 1786 838 1813; x_wconf 88' lang='lat' dir='ltr'>nunc</span> <span class='ocrx_word' id='word_1_191' title='bbox 868 1773 921 1826; x_wconf 59' lang='lat' dir='ltr'>3in</span> <span class='ocrx_word' id='word_1_192' title='bbox 965 1774 1228 1814; x_wconf 88' lang='lat' dir='ltr'>latitudinem</span> <span class='ocrx_word' id='word_1_193' title='bbox 1262 1773 1354 1814; x_wconf 89' lang='lat' dir='ltr'>sinu</span> <span class='ocrx_word' id='word_1_194' title='bbox 1396 1773 1612 1815; x_wconf 87' lang='lat' dir='ltr'>diffusiore</span> <span class='ocrx_word' id='word_1_195' title='bbox 1644 1787 1740 1827; x_wconf 89' lang='lat' dir='ltr'>pro-</span> 
     </span>
     <span class='ocr_line' id='line_1_34' title="bbox 304 1830 1739 1885; baseline -0.001 -13"><span class='ocrx_word' id='word_1_196' title='bbox 304 1846 496 1881; x_wconf 75' lang='lat' dir='ltr'>currens,</span> <span class='ocrx_word' id='word_1_197' title='bbox 550 1831 789 1885; x_wconf 87' lang='lat' dir='ltr'>complures</span> <span class='ocrx_word' id='word_1_198' title='bbox 833 1831 992 1872; x_wconf 88' lang='lat' dir='ltr'>insulas</span> <span class='ocrx_word' id='word_1_199' title='bbox 1037 1837 1165 1873; x_wconf 86' lang='lat' dir='ltr'>creat.</span> <span class='ocrx_word' id='word_1_200' title='bbox 1238 1830 1334 1878; x_wconf 85' lang='lat' dir='ltr'>Quo</span> <span class='ocrx_word' id='word_1_201' title='bbox 1377 1830 1446 1883; x_wconf 80' lang='lat' dir='ltr'>fit,</span> <span class='ocrx_word' id='word_1_202' title='bbox 1499 1836 1545 1871; x_wconf 89' lang='lat' dir='ltr'>ut</span> <span class='ocrx_word' id='word_1_203' title='bbox 1588 1831 1739 1884; x_wconf 85' lang='lat' dir='ltr'>Dania,</span> 
     </span>
     <span class='ocr_line' id='line_1_35' title="bbox 303 1888 1740 1944; baseline -0.001 -14"><span class='ocrx_word' id='word_1_204' title='bbox 303 1889 451 1931; x_wconf 88' lang='lat' dir='ltr'>mediis</span> <span class='ocrx_word' id='word_1_205' title='bbox 483 1889 624 1944; x_wconf 85' lang='lat' dir='ltr'>pelagi</span> <span class='ocrx_word' id='word_1_206' title='bbox 655 1888 851 1929; x_wconf 87' lang='lat' dir='ltr'>fluctibus</span> <span class='ocrx_word' id='word_1_207' title='bbox 884 1889 1092 1942; x_wconf 80' lang='lat' dir='ltr'>intercisa,</span> <span class='ocrx_word' id='word_1_208' title='bbox 1123 1901 1279 1943; x_wconf 89' lang='lat' dir='ltr'>paucas</span> <span class='ocrx_word' id='word_1_209' title='bbox 1310 1888 1431 1929; x_wconf 91' lang='lat' dir='ltr'>solidi</span> <span class='ocrx_word' id='word_1_210' title='bbox 1466 1889 1740 1944; x_wconf 87' lang='lat' dir='ltr'>continuique</span> 
     </span>
     <span class='ocr_line' id='line_1_36' title="bbox 301 1945 1737 2001; baseline -0.001 -13"><span class='ocrx_word' id='word_1_211' title='bbox 301 1952 461 1989; x_wconf 87' lang='lat' dir='ltr'>tractus</span> <span class='ocrx_word' id='word_1_212' title='bbox 492 1952 634 2001; x_wconf 86' lang='lat' dir='ltr'>partes</span> <span class='ocrx_word' id='word_1_213' title='bbox 667 1946 835 1998; x_wconf 80' lang='lat' dir='ltr'>habeat,</span> <span class='ocrx_word' id='word_1_214' title='bbox 868 1960 971 2000; x_wconf 89' lang='lat' dir='ltr'>quas</span> <span class='ocrx_word' id='word_1_215' title='bbox 1003 1950 1120 1987; x_wconf 89' lang='lat' dir='ltr'>tanta</span> <span class='ocrx_word' id='word_1_216' title='bbox 1146 1945 1355 1986; x_wconf 83' lang='lat' dir='ltr'>undarum</span> <span class='ocrx_word' id='word_1_217' title='bbox 1385 1946 1640 2001; x_wconf 85' lang='lat' dir='ltr'>interrupcio</span> <span class='ocrx_word' id='word_1_218' title='bbox 1664 1960 1737 2000; x_wconf 86' lang='lat' dir='ltr'>pro</span> 
     </span>
     <span class='ocr_line' id='line_1_37' title="bbox 302 2003 1738 2058; baseline -0.001 -12"><span class='ocrx_word' id='word_1_219' title='bbox 302 2005 417 2046; x_wconf 89' lang='lat' dir='ltr'>uaria</span> <span class='ocrx_word' id='word_1_220' title='bbox 447 2005 543 2046; x_wconf 89' lang='lat' dir='ltr'>freti</span> <span class='ocrx_word' id='word_1_221' title='bbox 577 2004 810 2045; x_wconf 83' lang='lat' dir='ltr'>reflexioris</span> <span class='ocrx_word' id='word_1_222' title='bbox 842 2003 1088 2058; x_wconf 90' lang='lat' dir='ltr'>obliquitate</span> <span class='ocrx_word' id='word_1_223' title='bbox 1120 2003 1388 2045; x_wconf 89' lang='lat' dir='ltr'>discriminat.</span> <span class='ocrx_word' id='word_1_224' title='bbox 1442 2003 1507 2044; x_wconf 80' lang='lat' dir='ltr'>Ex</span> <span class='ocrx_word' id='word_1_225' title='bbox 1540 2004 1602 2044; x_wconf 90' lang='lat' dir='ltr'>his</span> <span class='ocrx_word' id='word_1_226' title='bbox 1626 2003 1738 2044; x_wconf 87' lang='lat' dir='ltr'>Iutia</span> 
     </span>
     <span class='ocr_line' id='line_1_38' title="bbox 301 2060 1736 2117; baseline -0.001 -15"><span class='ocrx_word' id='word_1_227' title='bbox 301 2062 550 2117; x_wconf 85' lang='lat' dir='ltr'>granditatis</span> <span class='ocrx_word' id='word_1_228' title='bbox 580 2061 946 2116; x_wconf 89' lang='lat' dir='ltr'>inchoamentique</span> <span class='ocrx_word' id='word_1_229' title='bbox 978 2062 1147 2102; x_wconf 85' lang='lat' dir='ltr'>racione</span> <span class='ocrx_word' id='word_1_230' title='bbox 1169 2060 1319 2102; x_wconf 92' lang='lat' dir='ltr'>Danici</span> <span class='ocrx_word' id='word_1_231' title='bbox 1340 2062 1460 2116; x_wconf 90' lang='lat' dir='ltr'>regni</span> <span class='ocrx_word' id='word_1_232' title='bbox 1489 2061 1736 2117; x_wconf 92' lang='lat' dir='ltr'>principium</span> 
     </span>
     <span class='ocr_line' id='line_1_39' title="bbox 300 2118 1737 2174; baseline -0.002 -12"><span class='ocrx_word' id='word_1_233' title='bbox 300 2125 444 2173; x_wconf 63' lang='lat' dir='ltr'>tenetg</span> <span class='ocrx_word' id='word_1_234' title='bbox 486 2133 567 2174; x_wconf 91' lang='lat' dir='ltr'>que</span> <span class='ocrx_word' id='word_1_235' title='bbox 599 2120 708 2160; x_wconf 90' lang='lat' dir='ltr'>sicut</span> <span class='ocrx_word' id='word_1_236' title='bbox 738 2119 955 2174; x_wconf 91' lang='lat' dir='ltr'>posicione</span> <span class='ocrx_word' id='word_1_237' title='bbox 986 2121 1125 2174; x_wconf 86' lang='lat' dir='ltr'>prior,</span> <span class='ocrx_word' id='word_1_238' title='bbox 1157 2119 1216 2160; x_wconf 90' lang='lat' dir='ltr'>ita</span> <span class='ocrx_word' id='word_1_239' title='bbox 1246 2119 1329 2160; x_wconf 87' lang='lat' dir='ltr'>situ</span> <span class='ocrx_word' id='word_1_240' title='bbox 1359 2119 1597 2173; x_wconf 90' lang='lat' dir='ltr'>porreccior</span> <span class='ocrx_word' id='word_1_241' title='bbox 1630 2118 1737 2159; x_wconf 85' lang='lat' dir='ltr'>Teu-</span> 
     </span>
     <span class='ocr_line' id='line_1_40' title="bbox 299 2176 1735 2231; baseline -0.002 -12"><span class='ocrx_word' id='word_1_242' title='bbox 299 2178 415 2220; x_wconf 91' lang='lat' dir='ltr'>tonie</span> <span class='ocrx_word' id='word_1_243' title='bbox 463 2177 619 2218; x_wconf 90' lang='lat' dir='ltr'>finibus</span> <span class='ocrx_word' id='word_1_244' title='bbox 670 2176 937 2219; x_wconf 81' lang='lat' dir='ltr'>admouetur.</span> <span class='ocrx_word' id='word_1_245' title='bbox 1023 2178 1061 2218; x_wconf 92' lang='lat' dir='ltr'>A</span> <span class='ocrx_word' id='word_1_246' title='bbox 1107 2177 1225 2217; x_wconf 90' lang='lat' dir='ltr'>cuius</span> <span class='ocrx_word' id='word_1_247' title='bbox 1283 2177 1506 2231; x_wconf 84' lang='lat' dir='ltr'>complexu</span> <span class='ocrx_word' id='word_1_248' title='bbox 1551 2177 1735 2218; x_wconf 88' lang='lat' dir='ltr'>fluminis</span> 
     </span>
     <span class='ocr_line' id='line_1_41' title="bbox 298 2233 1734 2291; baseline -0.001 -15"><span class='ocrx_word' id='word_1_249' title='bbox 298 2235 460 2291; x_wconf 80' lang='lat' dir='ltr'>Eydori</span> <span class='ocrx_word' id='word_1_250' title='bbox 490 2233 825 2288; x_wconf 64' lang='lat' dir='ltr'>interriual[cione</span> <span class='ocrx_word' id='word_1_251' title='bbox 866 2234 1069 2287; x_wconf 83' lang='lat' dir='ltr'>discreta,</span> <span class='ocrx_word' id='word_1_252' title='bbox 1110 2248 1203 2275; x_wconf 91' lang='lat' dir='ltr'>cum</span> <span class='ocrx_word' id='word_1_253' title='bbox 1247 2235 1465 2290; x_wconf 86' lang='lat' dir='ltr'>aliquanto</span> <span class='ocrx_word' id='word_1_254' title='bbox 1503 2233 1734 2276; x_wconf 88' lang='lat' dir='ltr'>latitudinis</span> 
     </span>
     <span class='ocr_line' id='line_1_42' title="bbox 297 2290 1733 2358; baseline -0.003 -23"><span class='ocrx_word' id='word_1_255' title='bbox 297 2296 567 2336; x_wconf 86' lang='lat' dir='ltr'>excremento</span> <span class='ocrx_word' id='word_1_256' title='bbox 600 2292 934 2358; x_wconf 80' lang='lat' dir='ltr'>septentrionem</span> <span class='ocrx_word' id='word_1_257' title='bbox 965 2306 1114 2333; x_wconf 87' lang='lat' dir='ltr'>uersus</span> <span class='ocrx_word' id='word_1_258' title='bbox 1144 2292 1187 2333; x_wconf 91' lang='lat' dir='ltr'>in</span> <span class='ocrx_word' id='word_1_259' title='bbox 1220 2290 1364 2333; x_wconf 88' lang='lat' dir='ltr'>Norici</span> <span class='ocrx_word' id='word_1_260' title='bbox 1395 2292 1490 2333; x_wconf 88' lang='lat' dir='ltr'>freti</span> <span class='ocrx_word' id='word_1_261' title='bbox 1523 2292 1640 2333; x_wconf 87' lang='lat' dir='ltr'>littus</span> <span class='ocrx_word' id='word_1_262' title='bbox 1662 2305 1733 2332; x_wconf 84' lang='lat' dir='ltr'>ex-</span> 
     </span>
     <span class='ocr_line' id='line_1_43' title="bbox 298 2349 1732 2405; baseline -0.002 -13"><span class='ocrx_word' id='word_1_263' title='bbox 298 2351 438 2392; x_wconf 87' lang='lat' dir='ltr'>currit.</span> <span class='ocrx_word' id='word_1_264' title='bbox 489 2349 542 2391; x_wconf 90' lang='lat' dir='ltr'>In</span> <span class='ocrx_word' id='word_1_265' title='bbox 571 2350 650 2390; x_wconf 91' lang='lat' dir='ltr'>hac</span> <span class='ocrx_word' id='word_1_266' title='bbox 681 2350 812 2403; x_wconf 89' lang='lat' dir='ltr'>sinus,</span> <span class='ocrx_word' id='word_1_267' title='bbox 846 2349 916 2405; x_wconf 89' lang='lat' dir='ltr'>qui</span> <span class='ocrx_word' id='word_1_268' title='bbox 948 2349 1147 2404; x_wconf 84' lang='lat' dir='ltr'>Lymicus</span> <span class='ocrx_word' id='word_1_269' title='bbox 1178 2350 1429 2404; x_wconf 88' lang='lat' dir='ltr'>appellatur</span> <span class='ocrx_word' id='word_1_270' title='bbox 1460 2350 1516 2390; x_wconf 88' lang='lat' dir='ltr'>ita</span> <span class='ocrx_word' id='word_1_271' title='bbox 1548 2349 1732 2404; x_wconf 87' lang='lat' dir='ltr'>piscibus</span> 
     </span>
     <span class='ocr_line' id='line_1_44' title="bbox 296 2407 1733 2464; baseline -0.001 -15"><span class='ocrx_word' id='word_1_272' title='bbox 296 2408 494 2464; x_wconf 88' lang='lat' dir='ltr'>frequens</span> <span class='ocrx_word' id='word_1_273' title='bbox 518 2408 685 2449; x_wconf 80' lang='lat' dir='ltr'>existit:</span> <span class='ocrx_word' id='word_1_274' title='bbox 717 2412 764 2447; x_wconf 91' lang='lat' dir='ltr'>ut</span> <span class='ocrx_word' id='word_1_275' title='bbox 785 2420 869 2448; x_wconf 91' lang='lat' dir='ltr'>non</span> <span class='ocrx_word' id='word_1_276' title='bbox 890 2407 1029 2448; x_wconf 91' lang='lat' dir='ltr'>minus</span> <span class='ocrx_word' id='word_1_277' title='bbox 1051 2408 1343 2448; x_wconf 88' lang='lat' dir='ltr'>alimentorum</span> <span class='ocrx_word' id='word_1_278' title='bbox 1366 2407 1585 2462; x_wconf 87' lang='lat' dir='ltr'>indigenis,</span> <span class='ocrx_word' id='word_1_279' title='bbox 1608 2421 1733 2461; x_wconf 86' lang='lat' dir='ltr'>quam</span> 
     </span>
     <span class='ocr_line' id='line_1_45' title="bbox 296 2464 1734 2521; baseline -0.001 -14"><span class='ocrx_word' id='word_1_280' title='bbox 296 2480 396 2521; x_wconf 90' lang='lat' dir='ltr'>ager</span> <span class='ocrx_word' id='word_1_281' title='bbox 430 2466 573 2507; x_wconf 88' lang='lat' dir='ltr'>omnis</span> <span class='ocrx_word' id='word_1_282' title='bbox 597 2465 820 2507; x_wconf 82' lang='lat' dir='ltr'>exsoluere</span> <span class='ocrx_word' id='word_1_283' title='bbox 851 2464 1062 2507; x_wconf 89' lang='lat' dir='ltr'>uideatur.</span> <span class='ocrx_word' id='word_1_284' title='bbox 1118 2464 1231 2506; x_wconf 89' lang='lat' dir='ltr'>Huic</span> <span class='ocrx_word' id='word_1_285' title='bbox 1263 2466 1394 2507; x_wconf 92' lang='lat' dir='ltr'>eciam</span> <span class='ocrx_word' id='word_1_286' title='bbox 1425 2465 1568 2506; x_wconf 87' lang='lat' dir='ltr'>Fresia</span> <span class='ocrx_word' id='word_1_287' title='bbox 1599 2465 1734 2506; x_wconf 78' lang='lat' dir='ltr'>minoi</span> 
     </span>
     <span class='ocr_line' id='line_1_46' title="bbox 295 2522 1730 2589; baseline -0.002 -24"><span class='ocrx_word' id='word_1_288' title='bbox 295 2524 472 2573; x_wconf 85' lang='lat' dir='ltr'>adiacet,</span> <span class='ocrx_word' id='word_1_289' title='bbox 503 2536 595 2589; x_wconf 81' lang='lat' dir='ltr'>que</span> <span class='ocrx_word' id='word_1_290' title='bbox 628 2537 651 2564; x_wconf 90' lang='lat' dir='ltr'>a</span> <span class='ocrx_word' id='word_1_291' title='bbox 681 2523 791 2563; x_wconf 90' lang='lat' dir='ltr'>Iutie</span> <span class='ocrx_word' id='word_1_292' title='bbox 824 2522 1110 2578; x_wconf 88' lang='lat' dir='ltr'>prominencia</span> <span class='ocrx_word' id='word_1_293' title='bbox 1142 2522 1453 2564; x_wconf 87' lang='lat' dir='ltr'>subsidencium</span> <span class='ocrx_word' id='word_1_294' title='bbox 1485 2536 1730 2578; x_wconf 90' lang='lat' dir='ltr'>camporum</span> 
     </span>
     <span class='ocr_line' id='line_1_47' title="bbox 294 2579 1729 2635; baseline -0.002 -12"><span class='ocrx_word' id='word_1_295' title='bbox 294 2595 342 2623; x_wconf 84' lang='lat' dir='ltr'>ac</span> <span class='ocrx_word' id='word_1_296' title='bbox 383 2580 527 2635; x_wconf 86' lang='lat' dir='ltr'>gremii</span> <span class='ocrx_word' id='word_1_297' title='bbox 570 2580 810 2622; x_wconf 83' lang='lat' dir='ltr'>deuexioris</span> <span class='ocrx_word' id='word_1_298' title='bbox 849 2580 1051 2621; x_wconf 89' lang='lat' dir='ltr'>inclinata</span> <span class='ocrx_word' id='word_1_299' title='bbox 1090 2594 1284 2633; x_wconf 88' lang='lat' dir='ltr'>recessu,</span> <span class='ocrx_word' id='word_1_300' title='bbox 1324 2580 1525 2622; x_wconf 76' lang='lat' dir='ltr'>maximos</span> <span class='ocrx_word' id='word_1_301' title='bbox 1563 2579 1729 2634; x_wconf 86' lang='lat' dir='ltr'>frugum</span> 
     </span>
    </p>
   </div>
   <div class='ocr_carea' id='block_1_11' title="bbox 1787 1151 1835 1181">
    <p class='ocr_par' dir='ltr' id='par_1_12' title="bbox 1787 1151 1835 1181">
     <span class='ocr_line' id='line_1_48' title="bbox 1787 1151 1835 1181; baseline 0.042 -2"><span class='ocrx_word' id='word_1_302' title='bbox 1787 1151 1835 1181; x_wconf 77' lang='lat' dir='ltr'>IIn</span> 
     </span>
    </p>
   </div>
   <div class='ocr_carea' id='block_1_12' title="bbox 1772 1555 1850 1585">
    <p class='ocr_par' dir='ltr' id='par_1_13' title="bbox 1772 1555 1850 1585">
     <span class='ocr_line' id='line_1_49' title="bbox 1772 1555 1850 1585; baseline -0.026 -7"><span class='ocrx_word' id='word_1_303' title='bbox 1772 1561 1796 1585; x_wconf 79' lang='lat' dir='ltr'>p.</span> <span class='ocrx_word' id='word_1_304' title='bbox 1819 1555 1850 1578; x_wconf 75' lang='lat' dir='ltr'>lo</span> 
     </span>
    </p>
   </div>
   <div class='ocr_carea' id='block_1_13' title="bbox 1782 2242 1826 2275">
    <p class='ocr_par' dir='ltr' id='par_1_14' title="bbox 1782 2242 1826 2275">
     <span class='ocr_line' id='line_1_50' title="bbox 1782 2242 1826 2275; baseline -0.023 0"><span class='ocrx_word' id='word_1_305' title='bbox 1782 2242 1826 2275; x_wconf 83' lang='lat'>(3)</span> 
     </span>
    </p>
   </div>
  </div>
 </body>
</html>
