1884 3126
359 226 439 265 572
888 240 940 244 -—
999 214 1138 256 XIIII
1197 239 1251 245 —-

357 347 581 389 stimanu'os
614 358 694 384 non
728 357 840 389 esse,
885 343 1103 394 presertim
1135 341 1272 380 alieno
1306 339 1534 380 ministerio
1580 339 1668 379 sine
1699 339 1785 379 ullo

356 406 419 446 sui
449 403 680 444 discrimine
715 399 954 453 preliantes.
1018 398 1204 438 Probato
1231 397 1410 446 consilio,
1443 411 1519 437 rex
1552 396 1786 451 oppidanos

355 464 394 502 in
427 460 551 501 fidem
585 459 660 498 hac
692 457 783 509 lege
817 457 995 508 recepit,
1029 461 1100 505 ut,
1133 455 1355 495 simulacro
1390 468 1483 494 cum
1525 454 1638 494 omni
1669 468 1787 495 sacri

356 517 528 573 pecunia
575 513 748 563 tradito,
797 514 984 567 captiuos
1026 487 1285 553 Cliiistianos
1331 512 1543 565 cigastulo
1588 512 1786 552 liber-uos

309 587 323 611 f*
355 577 509 629 absque
540 571 837 625 redempcione
869 569 1146 611 dimitterent,
1179 570 1403 624 omniaque
1436 583 1536 610 uere
1571 570 1785 622 religionis

288 871 320 897 Ἡ)

287 1157 317 1182 15

280 1443 316 1470 520

278 2023 314 2049 30

278 2313 294 2339 d
299 2313 314 2337 ἶ)

278 2603 316 2630 40

352 635 560 673 momenta
591 629 753 669 Danico
788 628 869 668 ritu
900 627 1151 668 celebranda
1191 627 1475 682 susciperentt,
1516 628 1615 682 quin
1657 628 1786 667 eciam

353 696 398 729 ut
429 701 553 740 agros
586 700 632 726 ac
664 684 882 726 latifundia
915 685 1087 725 deorum
1120 685 1161 724 in
1185 684 1519 726 sacerdociorum
1554 700 1652 725 usus
1686 698 1785 725 con-

351 750 573 795 uerterent,
605 757 750 795 seque,
780 743 948 796 quocies
981 757 1047 783 res
1071 746 1276 796 posceret,
1310 742 1467 783 Danicc
1497 742 1786 796 expedicionis

352 803 522 844 comites
566 801 833 843 exhiberent,
876 814 954 840 nec
993 814 1178 854 unquam
1220 800 1408 841 accersiti
1451 800 1561 854 regis
1593 800 1784 840 miliciam

351 858 545 914 prosequi
598 857 943 912 supersederent3
994 862 1188 912 preterea
1239 858 1457 898 annuatim
1509 873 1559 899 ex
1613 858 1786 910 singulis

351 919 477 959 boum
509 915 615 970 iugis
647 914 941 969 quadragenos
981 919 1203 969 argenteos
1243 915 1391 956 tributi
1423 916 1590 956 nomine
1630 915 1785 970 pende-

350 981 453 1026 rent,
486 973 744 1027 totidemque
775 972 941 1013 obsides
973 974 1014 1013 in
1046 987 1189 1013 earum
1223 973 1516 1014 condicionum
1549 974 1787 1014 firmamen-

351 1037 437 1073 tum
472 1036 717 1086 prestarent.
770 1030 864 1077 Quo
889 1030 1047 1076 audito,
1071 1031 1268 1085 populus,
1302 1030 1532 1085 repentinis
1564 1030 1785 1072 sedicionis

349 1089 509 1130 facibus
541 1089 824 1129 inflammatus
856 1088 1105 1143 hostilisque
1146 1088 1277 1143 prede
1308 1102 1357 1129 ac
1399 1089 1613 1142 sanguinis
1659 1103 1707 1129 on
1725 1089 1786 1142 pi-

350 1147 447 1195 dus,
493 1159 750 1200 magnopere
799 1146 917 1200 queri
963 1147 1098 1200 cepit,
1147 1147 1281 1201 quod,
1329 1147 1563 1201 propinque
1610 1146 1785 1187 uictorie

348 1204 516 1258 premiis
548 1204 763 1258 spoliatus,
796 1204 898 1244 nihil
931 1218 984 1244 ex
1007 1209 1124 1244 tanta
1154 1204 1408 1259 fatigacione
1432 1208 1575 1258 preter
1607 1205 1713 1245 ictus
1744 1208 1786 1244 et

350 1262 527 1302 uulnera
567 1261 802 1314 retulisset,
843 1261 1041 1316 quodque
1073 1262 1149 1302 sibi
1183 1261 1234 1304 de
1275 1276 1384 1316 pene
1417 1262 1528 1303 uicto
1575 1262 1691 1302 hoste
1723 1265 1787 1302 tot

348 1319 590 1359 iniuriarum
623 1319 829 1360 ulcionem
864 1321 1031 1374 proprio
1064 1320 1236 1360 arbitrio
1280 1321 1450 1373 exigere
1492 1334 1573 1360 non
1607 1320 1786 1368 licuerit,

348 1376 548 1429 prefatus,
580 1377 746 1417 illorum
779 1377 903 1417 saluti
934 1377 1017 1417 iam
1050 1378 1231 1427 consuli,
1273 1377 1325 1417 de
1358 1378 1507 1432 quibus
1540 1384 1601 1419 tot
1633 1377 1786 1431 spolio-

348 1448 450 1487 rum,
483 1442 544 1474 tot
578 1434 905 1475 domesticarum
938 1434 1117 1476 cladium
1158 1435 1326 1476 minimo
1358 1436 1536 1490 negocio
1569 1435 1787 1489 speciosis-

348 1493 451 1533 sima
497 1491 680 1532 uindicta
721 1493 854 1547 accipi
894 1493 1116 1548 potuisset.
1190 1494 1391 1534 preterea
1433 1493 1702 1534 deserturum
1743 1507 1787 1532 se

348 1563 515 1604 regem,
549 1550 661 1604 quod
696 1550 841 1591 urbem
876 1551 965 1606 capi
996 1565 1144 1605 passus
1176 1566 1259 1592 non
1291 1551 1363 1604 sit,
1405 1551 1684 1605 exiguamque
1717 1564 1786 1605 pe-

349 1608 512 1648 cuniam
545 1608 705 1661 ingenti
735 1609 911 1649 uictorie
943 1609 1187 1663 pretulerit,
1222 1609 1433 1650 minitatus
1475 1612 1548 1649 est.
1611 1608 1786 1649 Talibus

348 1679 423 1706 rex
471 1665 796 1707 obtrectacionis
843 1666 988 1708 sibilis
1020 1672 1223 1713 uexatus,
1271 1681 1352 1721 quo
1394 1667 1489 1710 lon<¹
1483 1667 1563 1708 ¹ius
1606 1667 1785 1721 strepitu

279 1734 311 1759 εἴ
348 1723 526 1769 abesset
550 1723 759 1778 principes
783 1728 902 1765 extra
934 1730 1071 1765 castra
1102 1700 1341 1779 perdiictos
1375 1724 1635 1765 dedicionem
1672 1724 1786 1765 urbis

347 1796 399 1822 an
440 1781 723 1836 direp‹ionem
769 1782 970 1836 probent
1014 1783 1230 1838 perquirit.
1308 1783 1344 1823 A
1389 1783 1539 1837 quibus
1585 1781 1787 1830 Absalon,

348 1838 544 1894 quidnam
581 1853 631 1880 ea
663 1839 713 1880 de
747 1854 790 1881 re
823 1840 1018 1889 sentiret,
1060 1841 1266 1882 ‹lissei-we
1299 1841 1461 1888 iussus,
1503 1841 1786 1881 municionem

348 1896 516 1952 quidem
558 1896 672 1951 capi,
714 1898 787 1938 scd
830 1911 913 1938 non
959 1899 1048 1939 sine
1082 1898 1279 1939 diutuino
1315 1891 1545 1939 obsidionis
1574 1897 1785 1953 impendio

347 1968 496 2010 posse,
529 1955 816 1996 asseuerabat.
880 1955 1129 2010 Quanquim
1178 1956 1287 1997 enim
1328 1956 1466 1997 studia
1505 1970 1582 1997 sua
1623 1956 1787 1998 sinistra

347 2012 463 2066 uulgi
495 2013 847 2066 interpretacione
889 2014 1205 2069 exciperentur,
1250 2014 1373 2055 malle
1414 2028 1458 2055 se
1489 2019 1628 2055 tamen
1675 2012 1787 2067 apud

345 2071 554 2123 malignos
586 2085 731 2111 eorum
755 2071 1017 2113 estimatores
1040 2072 1091 2113 ob
1114 2073 1319 2113 salutares
1344 2073 1530 2114 monitus
1554 2071 1785 2126 displicere,

347 2142 471 2182 quam
505 2129 714 2169 sociorum
749 2129 928 2170 salutem
970 2134 1087 2170 tanta
1130 2143 1268 2170 rerum
1302 2130 1485 2171 utilitate
1529 2130 1785 2171 subuertere.

346 2185 454 2227 Nam
487 2187 565 2227 etsi
596 2186 727 2240 ignis,
759 2187 906 2241 pocius
950 2188 1095 2228 celesti
1127 2188 1297 2228 miracu:
1305 2202 1327 2228 o
1357 2202 1482 2243 quam
1515 2187 1601 2228 ulla
1635 2192 1786 2228 molta-

345 2245 447 2284 lium
481 2257 607 2298 opem
643 2257 857 2297 aec,ensus
890 2245 1128 2299 supeiiores
1159 2259 1212 2285 aff
1186 2245 1326 2299 geris
1357 2254 1515 2300 partes,
1549 2259 1629 2300 que
1662 2244 1784 2298 lignis

345 2302 555 2356 humoque
589 2278 860 2352 constabant:
901 2316 1034 2357 piop‹
1067 2279 1238 2344 moduom
1272 2303 1312 2343 in
1346 2304 1505 2344 cineres
1538 2301 1785 2356 redegisset,

347 2358 595 2400 inferiorum
627 2366 771 2401 tamen
802 2335 1043 2401 solidiorem
1076 2374 1324 2416 compagem
1356 2361 1550 2402 incendio
1583 2374 1668 2401 non
1701 2373 1785 2400 ces-

348 2431 502 2469 suram,
548 2431 631 2472 que
662 2418 884 2458 altitudine
929 2432 1005 2459 sua
1047 2418 1159 2459 haud
1207 2418 1328 2459 facile
1375 2418 1555 2459 hostium
1601 2418 1786 2459 incursui

348 2480 506 2529 pateat.
552 2475 621 2515 Ad
656 2476 731 2515 hec
763 2476 997 2531 oppidanos
1020 2480 1170 2517 cuncta
1193 2490 1302 2530 pene
1334 2476 1514 2517 incendii
1545 2476 1638 2516 loca
1662 2476 1785 2517 luteis

347 2532 542 2574 iefecisse
565 2532 789 2587 figmentis,
813 2548 968 2589 eosque
993 2534 1143 2588 partim
1165 2534 1429 2575 flammarum
1457 2534 1615 2575 uiiibus
1638 2534 1785 2585 euceri,

346 2591 500 2644 partim
522 2589 703 2645 presidio
726 2592 892 2645 muniri,
927 2605 1106 2646 qualum
1128 2591 1332 2646 asperitas
1354 2593 1510 2634 nostris
1541 2605 1625 2634 non
1648 2591 1784 2632 minus
