1884 3126
63 896 97 925 lo

62 1188 96 1216 15

57 1479 93 1507 20

56 1770 92 1797 ‘25

57 2059 94 2086 30

58 2351 95 2379 35

699 258 743 263 —
810 235 895 279 VII
961 264 1007 270 —-
1493 245 1574 285 249

130 360 322 402 locorum
354 366 610 418 supputator
646 368 903 417 annecteret,
944 367 1013 421 qui
1043 372 1139 423 post
1169 369 1377 411 sodalium
1408 370 1576 426 agmina

133 420 435 469 consistentes,
467 421 631 463 eminus
674 422 838 463 hostem
880 426 1099 467 tormentis
1135 426 1403 470 incesserent.
1472 429 1576 471 Post

133 491 240 532 quos
286 478 508 520 cuiuslibet
552 481 676 522 etatis
721 487 796 522 aut
838 481 993 523 ordinis
1035 483 1226 527 homines
1274 485 1432 541 absque
1479 501 1574 528 con-

132 535 306 578 dicionis
342 537 618 579 estimacione
658 540 813 594 passim
850 539 1153 594 ad<s>cisceret.
1224 543 1419 585 Ceterum
1461 551 1575 599 post-

130 608 289 635 remam
319 595 452 636 aciem
476 595 619 647 ternis,
650 597 703 637 ad
725 597 857 639 instar
888 599 1033 653 prime,
1056 600 1249 642 cornibus
1270 601 1574 643 interstinctam

131 652 340 707 similique
363 653 571 708 graduum
597 655 877 711 proporcione
901 656 1106 711 digestam
1130 657 1412 713 explic<ar>et.
1447 660 1574 702 Cuius

131 716 295 764 tergum
328 712 538 766 superiori
576 714 848 755 coniunctum
889 715 1045 767 agmini
1079 716 1213 771 ipsum
1246 731 1393 758 auerse
1424 718 1572 759 frontis

132 768 352 811 obstaculo
386 774 594 813 tueretur.
646 771 706 812 At
737 772 772 813 si
798 785 802 822 ι
832 773 985 815 nauale
1018 772 1126 815 forte
1148 774 1324 829 prelium
1349 775 1572 817 incidisset.

129 833 291 882 partem
337 827 480 870 classis
524 835 790 879 secerneret,
832 845 936 885 que,
982 845 1030 872 οο
1072 832 1312 886 propositos
1352 832 1575 875 inchoante

130 886 371 937 conflictus,
403 886 627 929 niultiuola
667 892 778 929 rates
810 888 994 930 hosticas
1027 890 1260 931 reflexione
1300 890 1575 934 circundaret.

131 943 209 985 His
261 944 481 1000 discipline
540 945 732 988 militaris
784 947 1023 988 racionibus
1074 948 1328 999 instructus,
1373 949 1575 1002 Ingonem

130 1002 401 1059 Olauumque
453 1003 611 1046 bellum
664 1010 889 1060 parantes,
942 1006 1178 1061 anticipatis
1228 1005 1339 1061 apud
1392 1006 1575 1048 Suetiam

129 1061 276 1114 rebus,
325 1062 544 1117 oppressit.
627 1062 822 1111 Quorum
867 1063 984 1104 fratri
1028 1063 1232 1117 Ingeldo,
1277 1064 1354 1105 sub
1401 1064 1578 1106 aduerso

129 1119 373 1162 ualitudinis
406 1120 683 1163 simulacione
724 1121 821 1163 belli
853 1121 1042 1163 inducias
1074 1137 1148 1176 per
1177 1122 1343 1177 legatos
1374 1124 1576 1178 poscenti,

127 1178 343 1233 postulata
377 1180 607 1232 concessit,
648 1193 702 1221 ne
734 1179 895 1227 uirtus,
928 1193 1008 1234 que
1051 1180 1193 1221 mestis
1234 1180 1361 1225 rebus
1404 1194 1576 1235 parcere

126 1235 357 1290 didicisset,
388 1237 558 1279 humilis
581 1252 629 1279 ae
651 1238 826 1279 iacentis
859 1237 1029 1279 fortune
1053 1238 1314 1293 temporibus
1345 1239 1575 1280 insultaret.

128 1294 166 1335 A
200 1309 281 1351 quo
314 1299 411 1350 post
444 1297 619 1337 modum
659 1300 780 1351 rapte
812 1296 969 1338 sororis
1012 1297 1162 1337 iniuria
1193 1297 1436 1348 lacessitus,
1482 1311 1575 1337 cum

126 1352 199 1394 diu
230 1353 353 1396 bell-is
386 1368 506 1406 eum,
547 1354 718 1410 ancipiti
755 1354 948 1407 uictoria,
989 1354 1220 1409 fatigasset,
1264 1355 1303 1395 in
1345 1354 1575 1395 amiciciam

127 1411 297 1463 adciuit,
329 1413 577 1468 sociumque
610 1427 734 1467 quam
766 1413 935 1454 hostem
967 1412 1124 1453 habere
1156 1412 1289 1454 sacius
1323 1412 1452 1453 duxit.

261 1470 368 1512 Post
400 1470 477 1513 hec
510 1485 603 1512 cum
636 1471 745 1513 inter
778 1471 965 1513 Olauum
987 1470 1286 1511 Throndorum
1317 1484 1461 1524 regem
1492 1471 1574 1511 uir-

126 1528 333 1584 ginesque
364 1528 541 1570 Sticlam
568 1534 614 1584 ‚et
646 1529 842 1571 Rusilam
873 1527 972 1583 (ob)
1004 1543 1183 1583 regnum
1215 1528 1325 1571 bello
1357 1528 1574 1569 decertan-

127 1585 228 1627 dum
261 1585 441 1639 audiret,
472 1588 656 1629 feminea
688 1587 739 1628 ad
773 1586 947 1628 modum
979 1587 1300 1642 presumpcione
1343 1592 1573 1641 permotus,

125 1644 231 1686 clam
262 1645 430 1687 arbitris
465 1660 560 1687 eum
593 1646 783 1698 accessit,
817 1645 1030 1699 cultuque,
1070 1659 1150 1700 quo
1185 1643 1377 1685 dencium
1401 1644 1571 1699 prolixi-

124 1706 257 1744 tatem
314 1703 573 1757 obnuberet,
625 1708 821 1759 sumpto,
880 1717 1064 1758 pugnam
1125 1702 1359 1756 uirginibus
1415 1702 1569 1743 intulit.

125 1761 313 1808 Quarum
345 1765 525 1818 utraque
557 1767 772 1816 prostrata
802 1761 910 1802 binis
942 1761 1145 1816 portubus
1167 1760 1293 1801 affine
1327 1774 1466 1800 earum
1499 1774 1573 1800 uo-

126 1819 287 1861 cabulis
310 1834 462 1862 nomen
485 1814 668 1875 reliquit.
721 1820 830 1861 Tum
859 1816 972 1873 uelro
995 1818 1383 1873 conspectissimum
1406 1818 1573 1858 uirtutis

126 1882 422 1932 argumentum
456 1878 664 1921 exhibuit.
718 1878 885 1932 Quippe
917 1876 1143 1918 subarmali
1176 1880 1337 1917 tantum
1369 1875 1572 1916 subucula

124 1935 281 1989 fretus,
327 1937 535 1979 inermem
580 1937 674 1978 telis
717 1936 934 1977 thoracem
978 1935 1187 1990 opposuit.
1256 1934 1392 1988 Igitur
1433 1933 1569 1974 Olauo

125 1994 302 2035 uictorie
348 1994 424 2036 sibi
471 1995 680 2050 premium
735 1994 963 2047 offerente,
1022 1992 1274 2033 beneficium
1319 1990 1571 2046 repudiauit,

125 2052 283 2107 sicque,
314 2052 571 2094 fortitudinis
598 2067 650 2094 an
683 2052 942 2095 continencie
975 2051 1110 2092 maius
1142 2050 1352 2105 specimen
1396 2048 1568 2098 dederit,

124 2110 331 2152 incertum
353 2111 536 2166 reliquit.
578 2110 743 2153 Deinde
766 2109 933 2152 Fresice
957 2109 1097 2163 gentis
1119 2108 1321 2149 athletam
1345 2106 1567 2148 Vbbonem

125 2169 320 2223 nomine,
363 2169 475 2211 Iutie
505 2170 613 2212 fines
658 2169 804 2210 crebra
844 2167 1115 2223 popularium
1156 2170 1295 2219 strage
1319 2169 1570 2216 uastantem,

126 2226 325 2280 adortus,
368 2242 461 2269 cum
495 2229 623 2269 armis
666 2226 849 2269 subdere
880 2239 965 2267 non
997 2227 1164 2280 posset,
1203 2224 1355 2264 milites
1387 2222 1437 2263 ad
1477 2236 1569 2262 eum

126 2285 320 2327 manibus
353 2285 606 2342 capiendum
637 2286 854 2335 hortatus,
894 2283 1010 2324 humi
1041 2282 1290 2338 prostrauit,
1330 2282 1570 2335 uictumque

127 2342 402 2399 compedibus
435 2343 622 2386 tradidit.
683 2344 773 2391 Ita,
805 2355 929 2398 quem
971 2340 1095 2396 paulo
1141 2344 1238 2381 ante
1278 2339 1570 2403 grauissimam

126 2401 204 2443 sibi
256 2401 421 2443 cladem
471 2402 697 2444 allaturum
756 2400 945 2457 putauit,
996 2398 1174 2440 deformi
1236 2410 1567 2461 expugnacionis

124 2474 282 2514 genere
312 2464 563 2515 superatum
596 2460 791 2502 obtinuit.
855 2458 1004 2510 Quem,
1037 2469 1178 2499 sorore
1210 2455 1248 2497 ei
1284 2456 1325 2496 in
1356 2458 1567 2518 matrimo-

126 2517 238 2558 nium
271 2517 385 2571 data,
417 2518 593 2560 militem
616 2522 776 2568 nactus,
808 2515 1005 2557 finitimos
1026 2514 1175 2556 Rheno
1209 2511 1389 2567 populos
1410 2511 1566 2552 tributo

126 2575 335 2627 submisit,
366 2575 630 2631 militemque
663 2590 716 2617 ex
749 2575 837 2616 eius
869 2573 1007 2627 gentis
1038 2570 1272 2613 fortissimis
1303 2569 1419 2622 legit.
1473 2568 1566 2615 Quo

1633 796 1656 819 μ.
1675 787 1724 812 istis)

1628 1842 1656 1866 p.
1675 1833 1726 1859 366

0 2654 1 2657 ¹
57 2646 95 2675 40
127 2632 265 2679 fretus
296 2634 410 2678 bello
443 2634 656 2681 Sclauiam
686 2632 851 2693 pressit,
885 2629 1096 2692 eiusque*
1128 2628 1254 2678 duces
1287 2627 1382 2676 Duc
1415 2630 1453 2674 et,
1483 2625 1764 2673 Da1txxu11b
