<?xml version="1.0" encoding="UTF-8"?>
<!DOCTYPE html PUBLIC "-//W3C//DTD XHTML 1.0 Transitional//EN"
    "http://www.w3.org/TR/xhtml1/DTD/xhtml1-transitional.dtd">
<html xmlns="http://www.w3.org/1999/xhtml" xml:lang="en" lang="en">
 <head>
  <title>
</title>
<meta http-equiv="Content-Type" content="text/html;charset=utf-8" />
  <meta name='ocr-system' content='tesseract 3.04.00' />
  <meta name='ocr-capabilities' content='ocr_page ocr_carea ocr_par ocr_line ocrx_word'/>
</head>
<body>
  <div class='ocr_page' id='page_1' title='image "./saxonisgrammatic00saxouoft_0172.png"; bbox 0 0 1884 3126; ppageno 0'>
   <div class='ocr_carea' id='block_1_1' title="bbox 363 231 1231 274">
    <p class='ocr_par' dir='ltr' id='par_1_1' title="bbox 363 231 1231 274">
     <span class='ocr_line' id='line_1_1' title="bbox 363 231 1231 274; baseline 0.001 -1"><span class='ocrx_word' id='word_1_1' title='bbox 363 233 414 273; x_wconf 83' lang='lat'>78</span> <span class='ocrx_word' id='word_1_2' title='bbox 884 258 887 261; x_wconf 60' lang='lat'><strong>&gt;</strong></span> <span class='ocrx_word' id='word_1_3' title='bbox 938 256 990 261; x_wconf 88' lang='lat'>—-</span> <span class='ocrx_word' id='word_1_4' title='bbox 1049 231 1117 274; x_wconf 92' lang='lat' dir='ltr'>III</span> <span class='ocrx_word' id='word_1_5' title='bbox 1181 257 1231 262; x_wconf 90' lang='lat'>—</span> 
     </span>
    </p>
   </div>
   <div class='ocr_carea' id='block_1_2' title="bbox 359 357 1798 589">
    <p class='ocr_par' dir='ltr' id='par_1_2' title="bbox 359 357 1798 589">
     <span class='ocr_line' id='line_1_2' title="bbox 360 357 1797 414; baseline 0.003 -15"><span class='ocrx_word' id='word_1_6' title='bbox 360 359 564 413; x_wconf 89' lang='lat' dir='ltr'>impetum</span> <span class='ocrx_word' id='word_1_7' title='bbox 616 357 828 400; x_wconf 83' lang='lat' dir='ltr'>deturbati</span> <span class='ocrx_word' id='word_1_8' title='bbox 876 358 1080 410; x_wconf 80' lang='lat' dir='ltr'>fossores,</span> <span class='ocrx_word' id='word_1_9' title='bbox 1127 359 1299 401; x_wconf 88' lang='lat' dir='ltr'>abiectis</span> <span class='ocrx_word' id='word_1_10' title='bbox 1350 359 1589 414; x_wconf 86' lang='lat' dir='ltr'>ligonibus,</span> <span class='ocrx_word' id='word_1_11' title='bbox 1636 360 1797 403; x_wconf 81' lang='lat' dir='ltr'>uariam</span> 
     </span>
     <span class='ocr_line' id='line_1_3' title="bbox 360 416 1798 473; baseline 0.002 -16"><span class='ocrx_word' id='word_1_12' title='bbox 360 430 556 471; x_wconf 77' lang='lat' dir='ltr'>carpsere</span> <span class='ocrx_word' id='word_1_13' title='bbox 587 416 755 472; x_wconf 83' lang='lat' dir='ltr'>fugam,</span> <span class='ocrx_word' id='word_1_14' title='bbox 797 416 992 458; x_wconf 87' lang='lat' dir='ltr'>irruentis</span> <span class='ocrx_word' id='word_1_15' title='bbox 1024 430 1135 472; x_wconf 82' lang='lat' dir='ltr'>aque</span> <span class='ocrx_word' id='word_1_16' title='bbox 1178 417 1408 459; x_wconf 80' lang='lat' dir='ltr'>uorticibus</span> <span class='ocrx_word' id='word_1_17' title='bbox 1448 418 1723 473; x_wconf 89' lang='lat' dir='ltr'>implicandos</span> <span class='ocrx_word' id='word_1_18' title='bbox 1753 432 1798 460; x_wconf 91' lang='lat' dir='ltr'>se</span> 
     </span>
     <span class='ocr_line' id='line_1_4' title="bbox 359 473 1796 529; baseline 0.002 -15"><span class='ocrx_word' id='word_1_19' title='bbox 359 475 464 527; x_wconf 87' lang='lat' dir='ltr'>rati,</span> <span class='ocrx_word' id='word_1_20' title='bbox 504 473 537 514; x_wconf 91' lang='lat' dir='ltr'>si</span> <span class='ocrx_word' id='word_1_21' title='bbox 570 479 738 529; x_wconf 88' lang='lat' dir='ltr'>ceptum</span> <span class='ocrx_word' id='word_1_22' title='bbox 770 473 932 516; x_wconf 84' lang='lat' dir='ltr'>diucius</span> <span class='ocrx_word' id='word_1_23' title='bbox 965 474 1116 529; x_wconf 80' lang='lat' dir='ltr'>exequi</span> <span class='ocrx_word' id='word_1_24' title='bbox 1147 475 1393 517; x_wconf 79' lang='lat' dir='ltr'>niterentur.</span> <span class='ocrx_word' id='word_1_25' title='bbox 1454 475 1522 517; x_wconf 87' lang='lat' dir='ltr'>Ita</span> <span class='ocrx_word' id='word_1_26' title='bbox 1552 490 1576 517; x_wconf 88' lang='lat' dir='ltr'>a</span> <span class='ocrx_word' id='word_1_27' title='bbox 1609 475 1685 517; x_wconf 84' lang='lat' dir='ltr'>diis</span> <span class='ocrx_word' id='word_1_28' title='bbox 1715 476 1796 518; x_wconf 90' lang='lat' dir='ltr'>loci</span> 
     </span>
     <span class='ocr_line' id='line_1_5' title="bbox 359 531 1793 589; baseline 0.001 -16"><span class='ocrx_word' id='word_1_29' title='bbox 359 532 469 573; x_wconf 88' lang='lat' dir='ltr'>illius</span> <span class='ocrx_word' id='word_1_30' title='bbox 491 531 727 586; x_wconf 83' lang='lat' dir='ltr'>presidibus</span> <span class='ocrx_word' id='word_1_31' title='bbox 760 531 951 574; x_wconf 86' lang='lat' dir='ltr'>incussus</span> <span class='ocrx_word' id='word_1_32' title='bbox 984 532 1122 574; x_wconf 89' lang='lat' dir='ltr'>subito</span> <span class='ocrx_word' id='word_1_33' title='bbox 1159 536 1297 574; x_wconf 88' lang='lat' dir='ltr'>metus</span> <span class='ocrx_word' id='word_1_34' title='bbox 1328 533 1530 574; x_wconf 90' lang='lat' dir='ltr'>iuuenum</span> <span class='ocrx_word' id='word_1_35' title='bbox 1564 534 1754 587; x_wconf 90' lang='lat' dir='ltr'>animos,</span> <span class='ocrx_word' id='word_1_36' title='bbox 1789 532 1793 589; x_wconf 82' lang='grc' dir='ltr'>Ι</span> 
     </span>
    </p>
   </div>
   <div class='ocr_carea' id='block_1_3' title="bbox 308 589 1884 647">
    <p class='ocr_par' dir='ltr' id='par_1_3' title="bbox 308 589 1884 647">
     <span class='ocr_line' id='line_1_6' title="bbox 308 589 1884 647; baseline 0.001 -18"><span class='ocrx_word' id='word_1_37' title='bbox 308 610 324 634; x_wconf 81' lang='lat'>.·‚</span> <span class='ocrx_word' id='word_1_38' title='bbox 357 589 542 631; x_wconf 86' lang='lat' dir='ltr'>auaricia</span> <span class='ocrx_word' id='word_1_39' title='bbox 563 589 809 638; x_wconf 81' lang='lat' dir='ltr'>abstractos,</span> <span class='ocrx_word' id='word_1_40' title='bbox 842 590 895 631; x_wconf 79' lang='lat' dir='ltr'>acl</span> <span class='ocrx_word' id='word_1_41' title='bbox 927 590 1074 631; x_wconf 85' lang='lat' dir='ltr'>salutis</span> <span class='ocrx_word' id='word_1_42' title='bbox 1097 604 1237 632; x_wconf 88' lang='lat' dir='ltr'>curam</span> <span class='ocrx_word' id='word_1_43' title='bbox 1263 590 1484 643; x_wconf 85' lang='lat' dir='ltr'>conuertit,</span> <span class='ocrx_word' id='word_1_44' title='bbox 1515 591 1795 647; x_wconf 84' lang='lat' dir='ltr'>neglectoque</span> <span class='ocrx_word' id='word_1_45' title='bbox 1815 607 1841 631; x_wconf 73' lang='lat' dir='ltr'>D·</span> <span class='ocrx_word' id='word_1_46' title='bbox 1863 598 1884 625; x_wconf 70' lang='lat'>¹2</span> 
     </span>
    </p>
   </div>
   <div class='ocr_carea' id='block_1_4' title="bbox 288 898 323 925">
    <p class='ocr_par' dir='ltr' id='par_1_4' title="bbox 288 898 323 925">
     <span class='ocr_line' id='line_1_7' title="bbox 288 898 323 925; baseline -0.057 0"><span class='ocrx_word' id='word_1_47' title='bbox 288 898 323 925; x_wconf 85' lang='lat'>10</span> 
     </span>
    </p>
   </div>
   <div class='ocr_carea' id='block_1_5' title="bbox 283 1187 318 1213">
    <p class='ocr_par' dir='ltr' id='par_1_5' title="bbox 283 1187 318 1213">
     <span class='ocr_line' id='line_1_8' title="bbox 283 1187 318 1213; baseline -0.029 0"><span class='ocrx_word' id='word_1_48' title='bbox 283 1187 318 1213; x_wconf 71' lang='lat'>15</span> 
     </span>
    </p>
   </div>
   <div class='ocr_carea' id='block_1_6' title="bbox 279 1475 315 1502">
    <p class='ocr_par' dir='ltr' id='par_1_6' title="bbox 279 1475 315 1502">
     <span class='ocr_line' id='line_1_9' title="bbox 279 1475 315 1502; baseline -0.028 0"><span class='ocrx_word' id='word_1_49' title='bbox 279 1475 315 1502; x_wconf 74' lang='lat'>20</span> 
     </span>
    </p>
   </div>
   <div class='ocr_carea' id='block_1_7' title="bbox 273 2052 310 2078">
    <p class='ocr_par' dir='ltr' id='par_1_7' title="bbox 273 2052 310 2078">
     <span class='ocr_line' id='line_1_10' title="bbox 273 2052 310 2078; baseline 0 0"><span class='ocrx_word' id='word_1_50' title='bbox 273 2052 310 2078; x_wconf 77' lang='lat'>30</span> 
     </span>
    </p>
   </div>
   <div class='ocr_carea' id='block_1_8' title="bbox 271 2341 308 2369">
    <p class='ocr_par' dir='ltr' id='par_1_8' title="bbox 271 2341 308 2369">
     <span class='ocr_line' id='line_1_11' title="bbox 271 2341 308 2369; baseline -0.054 0"><span class='ocrx_word' id='word_1_51' title='bbox 271 2341 308 2369; x_wconf 77' lang='lat'>35</span> 
     </span>
    </p>
   </div>
   <div class='ocr_carea' id='block_1_9' title="bbox 268 2630 304 2658">
    <p class='ocr_par' dir='ltr' id='par_1_9' title="bbox 268 2630 304 2658">
     <span class='ocr_line' id='line_1_12' title="bbox 268 2630 304 2658; baseline 0 0"><span class='ocrx_word' id='word_1_52' title='bbox 268 2630 304 2658; x_wconf 85' lang='lat'>40</span> 
     </span>
    </p>
   </div>
   <div class='ocr_carea' id='block_1_10' title="bbox 346 647 1884 1744">
    <p class='ocr_par' dir='ltr' id='par_1_10' title="bbox 346 647 1884 1744">
     <span class='ocr_line' id='line_1_13' title="bbox 359 647 1794 702; baseline 0.002 -15"><span class='ocrx_word' id='word_1_53' title='bbox 359 647 595 702; x_wconf 85' lang='lat' dir='ltr'>cupiditatis</span> <span class='ocrx_word' id='word_1_54' title='bbox 635 647 868 702; x_wconf 85' lang='lat' dir='ltr'>proposito,</span> <span class='ocrx_word' id='word_1_55' title='bbox 913 648 1002 689; x_wconf 91' lang='lat' dir='ltr'>uite</span> <span class='ocrx_word' id='word_1_56' title='bbox 1044 648 1256 690; x_wconf 87' lang='lat' dir='ltr'>studiosos</span> <span class='ocrx_word' id='word_1_57' title='bbox 1299 663 1390 690; x_wconf 85' lang='lat' dir='ltr'>esse</span> <span class='ocrx_word' id='word_1_58' title='bbox 1435 648 1593 692; x_wconf 90' lang='lat' dir='ltr'>docuit.</span> <span class='ocrx_word' id='word_1_59' title='bbox 1655 649 1794 691; x_wconf 90' lang='lat' dir='ltr'>Huius</span> 
     </span>
     <span class='ocr_line' id='line_1_14' title="bbox 357 705 1794 760; baseline 0.002 -15"><span class='ocrx_word' id='word_1_60' title='bbox 357 710 497 746; x_wconf 85' lang='lat' dir='ltr'>autem</span> <span class='ocrx_word' id='word_1_61' title='bbox 529 705 794 759; x_wconf 78' lang='lat' dir='ltr'>scaturiginis</span> <span class='ocrx_word' id='word_1_62' title='bbox 827 705 1009 760; x_wconf 86' lang='lat' dir='ltr'>speciem</span> <span class='ocrx_word' id='word_1_63' title='bbox 1041 706 1346 756; x_wconf 74' lang='lat' dir='ltr'>adumbratam,</span> <span class='ocrx_word' id='word_1_64' title='bbox 1379 720 1463 747; x_wconf 91' lang='lat' dir='ltr'>non</span> <span class='ocrx_word' id='word_1_65' title='bbox 1497 720 1640 748; x_wconf 86' lang='lat' dir='ltr'>ueram</span> <span class='ocrx_word' id='word_1_66' title='bbox 1666 707 1794 749; x_wconf 86' lang='lat' dir='ltr'>fuisse</span> 
     </span>
     <span class='ocr_line' id='line_1_15' title="bbox 357 763 1884 819; baseline 0 -15"><span class='ocrx_word' id='word_1_67' title='bbox 357 767 534 817; x_wconf 87' lang='lat' dir='ltr'>constat,</span> <span class='ocrx_word' id='word_1_68' title='bbox 566 777 644 805; x_wconf 87' lang='lat' dir='ltr'>nec</span> <span class='ocrx_word' id='word_1_69' title='bbox 675 763 727 804; x_wconf 89' lang='lat' dir='ltr'>ab</span> <span class='ocrx_word' id='word_1_70' title='bbox 759 763 851 804; x_wconf 86' lang='lat' dir='ltr'>imis</span> <span class='ocrx_word' id='word_1_71' title='bbox 884 767 996 805; x_wconf 87' lang='lat' dir='ltr'>terre</span> <span class='ocrx_word' id='word_1_72' title='bbox 1027 763 1260 805; x_wconf 86' lang='lat' dir='ltr'>uisceribus</span> <span class='ocrx_word' id='word_1_73' title='bbox 1292 765 1496 818; x_wconf 82' lang='lat' dir='ltr'>genitam,</span> <span class='ocrx_word' id='word_1_74' title='bbox 1529 764 1599 806; x_wconf 91' lang='lat' dir='ltr'>sed</span> <span class='ocrx_word' id='word_1_75' title='bbox 1634 764 1884 819; x_wconf 56' lang='lat' dir='ltr'>preflsti-(44)</span> 
     </span>
     <span class='ocr_line' id='line_1_16' title="bbox 355 821 1793 876; baseline 0.001 -15"><span class='ocrx_word' id='word_1_76' title='bbox 355 821 475 875; x_wconf 82' lang='lat' dir='ltr'>giosa</span> <span class='ocrx_word' id='word_1_77' title='bbox 507 821 687 875; x_wconf 89' lang='lat' dir='ltr'>quadam</span> <span class='ocrx_word' id='word_1_78' title='bbox 729 821 1096 862; x_wconf 87' lang='lat' dir='ltr'>administracione</span> <span class='ocrx_word' id='word_1_79' title='bbox 1137 822 1409 876; x_wconf 87' lang='lat' dir='ltr'>productam,</span> <span class='ocrx_word' id='word_1_80' title='bbox 1454 835 1547 863; x_wconf 91' lang='lat' dir='ltr'>cum</span> <span class='ocrx_word' id='word_1_81' title='bbox 1591 823 1633 863; x_wconf 93' lang='lat' dir='ltr'>in</span> <span class='ocrx_word' id='word_1_82' title='bbox 1675 822 1793 864; x_wconf 87' lang='lat' dir='ltr'>arido</span> 
     </span>
     <span class='ocr_line' id='line_1_17' title="bbox 354 877 1793 934; baseline 0.001 -15"><span class='ocrx_word' id='word_1_83' title='bbox 354 879 533 934; x_wconf 84' lang='lat' dir='ltr'>liquidos</span> <span class='ocrx_word' id='word_1_84' title='bbox 572 892 745 921; x_wconf 89' lang='lat' dir='ltr'>manare</span> <span class='ocrx_word' id='word_1_85' title='bbox 790 877 928 920; x_wconf 86' lang='lat' dir='ltr'>fontes</span> <span class='ocrx_word' id='word_1_86' title='bbox 972 883 1126 920; x_wconf 88' lang='lat' dir='ltr'>natura</span> <span class='ocrx_word' id='word_1_87' title='bbox 1168 893 1252 921; x_wconf 92' lang='lat' dir='ltr'>non</span> <span class='ocrx_word' id='word_1_88' title='bbox 1295 880 1418 922; x_wconf 80' lang='lat' dir='ltr'>sinat.</span> <span class='ocrx_word' id='word_1_89' title='bbox 1481 879 1639 921; x_wconf 87' lang='lat' dir='ltr'>Omnes</span> <span class='ocrx_word' id='word_1_90' title='bbox 1682 880 1793 921; x_wconf 92' lang='lat' dir='ltr'>hunc</span> 
     </span>
     <span class='ocr_line' id='line_1_18' title="bbox 353 935 1793 991; baseline 0.001 -13"><span class='ocrx_word' id='word_1_91' title='bbox 353 937 509 991; x_wconf 84' lang='lat' dir='ltr'>posteri</span> <span class='ocrx_word' id='word_1_92' title='bbox 532 938 692 988; x_wconf 88' lang='lat' dir='ltr'>collem,</span> <span class='ocrx_word' id='word_1_93' title='bbox 717 935 768 977; x_wconf 87' lang='lat' dir='ltr'>ad</span> <span class='ocrx_word' id='word_1_94' title='bbox 793 950 897 991; x_wconf 87' lang='lat' dir='ltr'>quos</span> <span class='ocrx_word' id='word_1_95' title='bbox 920 935 1138 978; x_wconf 87' lang='lat' dir='ltr'>fraccionis</span> <span class='ocrx_word' id='word_1_96' title='bbox 1156 938 1244 978; x_wconf 88' lang='lat' dir='ltr'>eius</span> <span class='ocrx_word' id='word_1_97' title='bbox 1261 937 1374 979; x_wconf 89' lang='lat' dir='ltr'>fama</span> <span class='ocrx_word' id='word_1_98' title='bbox 1396 937 1634 991; x_wconf 82' lang='lat' dir='ltr'>transierat,</span> <span class='ocrx_word' id='word_1_99' title='bbox 1657 938 1793 979; x_wconf 90' lang='lat' dir='ltr'>inten-</span> 
     </span>
     <span class='ocr_line' id='line_1_19' title="bbox 353 993 1790 1050; baseline 0.001 -15"><span class='ocrx_word' id='word_1_100' title='bbox 353 999 488 1035; x_wconf 88' lang='lat' dir='ltr'>tatum</span> <span class='ocrx_word' id='word_1_101' title='bbox 519 995 693 1049; x_wconf 86' lang='lat' dir='ltr'>liquere.</span> <span class='ocrx_word' id='word_1_102' title='bbox 742 993 1041 1047; x_wconf 72' lang='lat' dir='ltr'>Quamobrem,</span> <span class='ocrx_word' id='word_1_103' title='bbox 1074 1008 1126 1036; x_wconf 87' lang='lat' dir='ltr'>an</span> <span class='ocrx_word' id='word_1_104' title='bbox 1160 996 1381 1050; x_wconf 90' lang='lat' dir='ltr'>quicquam</span> <span class='ocrx_word' id='word_1_105' title='bbox 1406 1009 1533 1050; x_wconf 90' lang='lat' dir='ltr'>opum</span> <span class='ocrx_word' id='word_1_106' title='bbox 1566 996 1790 1046; x_wconf 82' lang='lat' dir='ltr'>contineat,</span> 
     </span>
     <span class='ocr_line' id='line_1_20' title="bbox 351 1052 1789 1108; baseline 0.001 -15"><span class='ocrx_word' id='word_1_107' title='bbox 351 1065 501 1106; x_wconf 86' lang='lat' dir='ltr'>parum</span> <span class='ocrx_word' id='word_1_108' title='bbox 533 1057 807 1106; x_wconf 85' lang='lat' dir='ltr'>compertum,</span> <span class='ocrx_word' id='word_1_109' title='bbox 841 1066 934 1093; x_wconf 90' lang='lat' dir='ltr'>cum</span> <span class='ocrx_word' id='word_1_110' title='bbox 966 1066 1090 1094; x_wconf 89' lang='lat' dir='ltr'>nemo</span> <span class='ocrx_word' id='word_1_111' title='bbox 1113 1067 1287 1107; x_wconf 81' lang='lat' dir='ltr'>opacam</span> <span class='ocrx_word' id='word_1_112' title='bbox 1306 1053 1393 1094; x_wconf 89' lang='lat' dir='ltr'>eius</span> <span class='ocrx_word' id='word_1_113' title='bbox 1417 1052 1683 1108; x_wconf 84' lang='lat' dir='ltr'>crepidinem,</span> <span class='ocrx_word' id='word_1_114' title='bbox 1718 1053 1789 1094; x_wconf 91' lang='lat' dir='ltr'>ob-</span> 
     </span>
     <span class='ocr_line' id='line_1_21' title="bbox 352 1109 1789 1166; baseline 0.001 -15"><span class='ocrx_word' id='word_1_115' title='bbox 352 1114 490 1152; x_wconf 84' lang='lat' dir='ltr'>stante</span> <span class='ocrx_word' id='word_1_116' title='bbox 522 1109 695 1165; x_wconf 86' lang='lat' dir='ltr'>periculi</span> <span class='ocrx_word' id='word_1_117' title='bbox 726 1115 855 1162; x_wconf 88' lang='lat' dir='ltr'>metu,</span> <span class='ocrx_word' id='word_1_118' title='bbox 887 1114 986 1165; x_wconf 87' lang='lat' dir='ltr'>post</span> <span class='ocrx_word' id='word_1_119' title='bbox 1009 1110 1244 1152; x_wconf 63' lang='lat' dir='ltr'>Har-aldum</span> <span class='ocrx_word' id='word_1_120' title='bbox 1278 1114 1444 1155; x_wconf 87' lang='lat' dir='ltr'>tentare</span> <span class='ocrx_word' id='word_1_121' title='bbox 1472 1111 1789 1166; x_wconf 86' lang='lat' dir='ltr'>presumpserit.</span> 
     </span>
     <span class='ocr_line' id='line_1_22' title="bbox 487 1167 1789 1223; baseline 0 -13"><span class='ocrx_word' id='word_1_122' title='bbox 487 1168 545 1210; x_wconf 86' lang='lat' dir='ltr'>At</span> <span class='ocrx_word' id='word_1_123' title='bbox 567 1168 764 1220; x_wconf 86' lang='lat' dir='ltr'>Othinus,</span> <span class='ocrx_word' id='word_1_124' title='bbox 797 1181 1039 1222; x_wconf 84' lang='lat' dir='ltr'>quanquam</span> <span class='ocrx_word' id='word_1_125' title='bbox 1068 1167 1246 1210; x_wconf 88' lang='lat' dir='ltr'>deorum</span> <span class='ocrx_word' id='word_1_126' title='bbox 1278 1168 1500 1223; x_wconf 87' lang='lat' dir='ltr'>precipuus</span> <span class='ocrx_word' id='word_1_127' title='bbox 1544 1169 1789 1220; x_wconf 80' lang='lat' dir='ltr'>haberetur,</span> 
     </span>
     <span class='ocr_line' id='line_1_23' title="bbox 352 1225 1789 1282; baseline 0.001 -16"><span class='ocrx_word' id='word_1_128' title='bbox 352 1226 516 1267; x_wconf 89' lang='lat' dir='ltr'>diuinos</span> <span class='ocrx_word' id='word_1_129' title='bbox 564 1230 703 1267; x_wconf 88' lang='lat' dir='ltr'>tamen</span> <span class='ocrx_word' id='word_1_130' title='bbox 752 1229 792 1266; x_wconf 91' lang='lat' dir='ltr'>et</span> <span class='ocrx_word' id='word_1_131' title='bbox 838 1225 1050 1279; x_wconf 83' lang='lat' dir='ltr'>aruspices</span> <span class='ocrx_word' id='word_1_132' title='bbox 1096 1230 1370 1281; x_wconf 88' lang='lat' dir='ltr'>ceterosque,</span> <span class='ocrx_word' id='word_1_133' title='bbox 1419 1240 1523 1282; x_wconf 90' lang='lat' dir='ltr'>quos</span> <span class='ocrx_word' id='word_1_134' title='bbox 1570 1226 1789 1281; x_wconf 80' lang='lat' dir='ltr'>exquisitis</span> 
     </span>
     <span class='ocr_line' id='line_1_24' title="bbox 350 1283 1788 1340; baseline 0.001 -16"><span class='ocrx_word' id='word_1_135' title='bbox 350 1285 607 1338; x_wconf 86' lang='lat' dir='ltr'>presciencie</span> <span class='ocrx_word' id='word_1_136' title='bbox 648 1283 795 1325; x_wconf 89' lang='lat' dir='ltr'>studiis</span> <span class='ocrx_word' id='word_1_137' title='bbox 836 1284 982 1337; x_wconf 84' lang='lat' dir='ltr'>uigere</span> <span class='ocrx_word' id='word_1_138' title='bbox 1033 1288 1322 1338; x_wconf 83' lang='lat' dir='ltr'>compererat,</span> <span class='ocrx_word' id='word_1_139' title='bbox 1370 1298 1497 1339; x_wconf 90' lang='lat' dir='ltr'>super</span> <span class='ocrx_word' id='word_1_140' title='bbox 1539 1283 1788 1340; x_wconf 85' lang='lat' dir='ltr'>exequenda</span> 
     </span>
     <span class='ocr_line' id='line_1_25' title="bbox 350 1341 1788 1397; baseline 0.001 -15"><span class='ocrx_word' id='word_1_141' title='bbox 350 1342 422 1382; x_wconf 87' lang='lat' dir='ltr'>filii</span> <span class='ocrx_word' id='word_1_142' title='bbox 453 1341 618 1383; x_wconf 86' lang='lat' dir='ltr'>ulcione</span> <span class='ocrx_word' id='word_1_143' title='bbox 640 1341 849 1383; x_wconf 88' lang='lat' dir='ltr'>sollicitat.</span> <span class='ocrx_word' id='word_1_144' title='bbox 894 1341 1135 1396; x_wconf 85' lang='lat' dir='ltr'>Plerunque</span> <span class='ocrx_word' id='word_1_145' title='bbox 1162 1342 1271 1382; x_wconf 91' lang='lat' dir='ltr'>enim</span> <span class='ocrx_word' id='word_1_146' title='bbox 1306 1342 1489 1383; x_wconf 86' lang='lat' dir='ltr'>humane</span> <span class='ocrx_word' id='word_1_147' title='bbox 1523 1342 1614 1397; x_wconf 90' lang='lat' dir='ltr'>opis</span> <span class='ocrx_word' id='word_1_148' title='bbox 1644 1342 1788 1396; x_wconf 87' lang='lat' dir='ltr'>indiga</span> 
     </span>
     <span class='ocr_line' id='line_1_26' title="bbox 349 1398 1787 1454; baseline 0 -14"><span class='ocrx_word' id='word_1_149' title='bbox 349 1404 412 1440; x_wconf 84' lang='lat' dir='ltr'>est</span> <span class='ocrx_word' id='word_1_150' title='bbox 443 1399 688 1454; x_wconf 87' lang='lat' dir='ltr'>imperfecta</span> <span class='ocrx_word' id='word_1_151' title='bbox 710 1399 917 1440; x_wconf 85' lang='lat' dir='ltr'>diuinitas.</span> <span class='ocrx_word' id='word_1_152' title='bbox 966 1398 1094 1440; x_wconf 83' lang='lat' dir='ltr'>Cuius</span> <span class='ocrx_word' id='word_1_153' title='bbox 1115 1399 1379 1454; x_wconf 86' lang='lat' dir='ltr'>Rostiophus</span> <span class='ocrx_word' id='word_1_154' title='bbox 1401 1399 1628 1441; x_wconf 88' lang='lat' dir='ltr'>Phinnicus</span> <span class='ocrx_word' id='word_1_155' title='bbox 1659 1400 1787 1440; x_wconf 89' lang='lat' dir='ltr'>alium</span> 
     </span>
     <span class='ocr_line' id='line_1_27' title="bbox 347 1456 1785 1513; baseline 0.001 -16"><span class='ocrx_word' id='word_1_156' title='bbox 347 1471 401 1497; x_wconf 81' lang='lat' dir='ltr'>ex</span> <span class='ocrx_word' id='word_1_157' title='bbox 436 1457 593 1511; x_wconf 79' lang='lat' dir='ltr'>Binda,</span> <span class='ocrx_word' id='word_1_158' title='bbox 624 1456 924 1499; x_wconf 81' lang='lat' dir='ltr'>Ruthenorum</span> <span class='ocrx_word' id='word_1_159' title='bbox 968 1457 1081 1510; x_wconf 82' lang='lat' dir='ltr'>regis</span> <span class='ocrx_word' id='word_1_160' title='bbox 1112 1457 1216 1510; x_wconf 85' lang='lat' dir='ltr'>filia,</span> <span class='ocrx_word' id='word_1_161' title='bbox 1261 1457 1549 1499; x_wconf 86' lang='lat' dir='ltr'>suscitandum</span> <span class='ocrx_word' id='word_1_162' title='bbox 1588 1457 1785 1513; x_wconf 79' lang='lat' dir='ltr'>predixit,</span> 
     </span>
     <span class='ocr_line' id='line_1_28' title="bbox 349 1514 1784 1570; baseline 0.001 -15"><span class='ocrx_word' id='word_1_163' title='bbox 349 1515 419 1570; x_wconf 91' lang='lat' dir='ltr'>qui</span> <span class='ocrx_word' id='word_1_164' title='bbox 450 1515 633 1557; x_wconf 86' lang='lat' dir='ltr'>fraterne</span> <span class='ocrx_word' id='word_1_165' title='bbox 669 1515 795 1557; x_wconf 86' lang='lat' dir='ltr'>cladis</span> <span class='ocrx_word' id='word_1_166' title='bbox 827 1529 958 1570; x_wconf 87' lang='lat' dir='ltr'>penas</span> <span class='ocrx_word' id='word_1_167' title='bbox 991 1515 1162 1568; x_wconf 77' lang='lat' dir='ltr'>exigere</span> <span class='ocrx_word' id='word_1_168' title='bbox 1194 1515 1389 1556; x_wconf 88' lang='lat' dir='ltr'>debebat.</span> <span class='ocrx_word' id='word_1_169' title='bbox 1431 1515 1548 1557; x_wconf 87' lang='lat' dir='ltr'>Deos</span> <span class='ocrx_word' id='word_1_170' title='bbox 1580 1514 1784 1570; x_wconf 85' lang='lat' dir='ltr'>siquidem</span> 
     </span>
     <span class='ocr_line' id='line_1_29' title="bbox 349 1572 1783 1614; baseline 0 0"><span class='ocrx_word' id='word_1_171' title='bbox 349 1574 553 1614; x_wconf 82' lang='lat' dir='ltr'>consortis</span> <span class='ocrx_word' id='word_1_172' title='bbox 600 1574 664 1614; x_wconf 89' lang='lat' dir='ltr'>sui</span> <span class='ocrx_word' id='word_1_173' title='bbox 711 1572 918 1614; x_wconf 85' lang='lat' dir='ltr'>ulcionem</span> <span class='ocrx_word' id='word_1_174' title='bbox 966 1572 1111 1613; x_wconf 87' lang='lat' dir='ltr'>orituri</span> <span class='ocrx_word' id='word_1_175' title='bbox 1159 1572 1299 1614; x_wconf 87' lang='lat' dir='ltr'>fratris</span> <span class='ocrx_word' id='word_1_176' title='bbox 1347 1573 1482 1614; x_wconf 88' lang='lat' dir='ltr'>officio</span> <span class='ocrx_word' id='word_1_177' title='bbox 1536 1572 1783 1614; x_wconf 85' lang='lat' dir='ltr'>destinasse.</span> 
     </span>
     <span class='ocr_line' id='line_1_30' title="bbox 347 1630 1784 1686; baseline 0 -15"><span class='ocrx_word' id='word_1_178' title='bbox 347 1630 441 1672; x_wconf 86' lang='lat' dir='ltr'>Hoc</span> <span class='ocrx_word' id='word_1_179' title='bbox 471 1631 641 1683; x_wconf 85' lang='lat' dir='ltr'>audito,</span> <span class='ocrx_word' id='word_1_180' title='bbox 676 1630 856 1672; x_wconf 89' lang='lat' dir='ltr'>Othinus</span> <span class='ocrx_word' id='word_1_181' title='bbox 898 1644 943 1672; x_wconf 88' lang='lat' dir='ltr'>os</span> <span class='ocrx_word' id='word_1_182' title='bbox 974 1630 1102 1685; x_wconf 85' lang='lat' dir='ltr'>pileo,</span> <span class='ocrx_word' id='word_1_183' title='bbox 1132 1644 1184 1672; x_wconf 88' lang='lat' dir='ltr'>ne</span> <span class='ocrx_word' id='word_1_184' title='bbox 1217 1630 1333 1671; x_wconf 85' lang='lat' dir='ltr'>cultu</span> <span class='ocrx_word' id='word_1_185' title='bbox 1364 1630 1622 1686; x_wconf 86' lang='lat' dir='ltr'>proderetur,</span> <span class='ocrx_word' id='word_1_186' title='bbox 1654 1630 1784 1672; x_wconf 91' lang='lat' dir='ltr'>obnu-</span> 
     </span>
     <span class='ocr_line' id='line_1_31' title="bbox 346 1687 1782 1744; baseline 0 -15"><span class='ocrx_word' id='word_1_187' title='bbox 346 1689 472 1742; x_wconf 81' lang='lat' dir='ltr'>bens,</span> <span class='ocrx_word' id='word_1_188' title='bbox 520 1688 754 1744; x_wconf 83' lang='lat' dir='ltr'>predictum</span> <span class='ocrx_word' id='word_1_189' title='bbox 797 1703 938 1744; x_wconf 85' lang='lat' dir='ltr'>regem</span> <span class='ocrx_word' id='word_1_190' title='bbox 983 1687 1191 1743; x_wconf 89' lang='lat' dir='ltr'>stipendia</span> <span class='ocrx_word' id='word_1_191' title='bbox 1229 1689 1455 1730; x_wconf 88' lang='lat' dir='ltr'>meriturus</span> <span class='ocrx_word' id='word_1_192' title='bbox 1501 1689 1673 1730; x_wconf 85' lang='lat' dir='ltr'>accedit.</span> <span class='ocrx_word' id='word_1_193' title='bbox 1741 1687 1782 1729; x_wconf 84' lang='lat' dir='ltr'><strong>A</strong></span> 
     </span>
    </p>
   </div>
   <div class='ocr_carea' id='block_1_11' title="bbox 298 1745 1781 1802">
    <p class='ocr_par' dir='ltr' id='par_1_11' title="bbox 298 1745 1781 1802">
     <span class='ocr_line' id='line_1_32' title="bbox 298 1745 1781 1802; baseline -0.001 -14"><span class='ocrx_word' id='word_1_194' title='bbox 298 1764 310 1779; x_wconf 65' lang='lat' dir='ltr'>r</span> <span class='ocrx_word' id='word_1_195' title='bbox 346 1759 426 1801; x_wconf 90' lang='lat' dir='ltr'>quo</span> <span class='ocrx_word' id='word_1_196' title='bbox 457 1748 658 1802; x_wconf 82' lang='lat' dir='ltr'>magister</span> <span class='ocrx_word' id='word_1_197' title='bbox 687 1747 866 1788; x_wconf 89' lang='lat' dir='ltr'>militum</span> <span class='ocrx_word' id='word_1_198' title='bbox 901 1745 1088 1797; x_wconf 81' lang='lat' dir='ltr'>effectus,</span> <span class='ocrx_word' id='word_1_199' title='bbox 1120 1750 1293 1802; x_wconf 88' lang='lat' dir='ltr'>recepto</span> <span class='ocrx_word' id='word_1_200' title='bbox 1322 1746 1521 1801; x_wconf 85' lang='lat' dir='ltr'>exercitu,</span> <span class='ocrx_word' id='word_1_201' title='bbox 1553 1746 1781 1802; x_wconf 88' lang='lat' dir='ltr'>pulcherri-</span> 
     </span>
    </p>
   </div>
   <div class='ocr_carea' id='block_1_12' title="bbox 337 1804 1884 2673">
    <p class='ocr_par' dir='ltr' id='par_1_12' title="bbox 339 1804 1884 2440">
     <span class='ocr_line' id='line_1_33' title="bbox 346 1804 1781 1859; baseline 0 -14"><span class='ocrx_word' id='word_1_202' title='bbox 346 1818 457 1846; x_wconf 86' lang='lat' dir='ltr'>mam</span> <span class='ocrx_word' id='word_1_203' title='bbox 490 1819 541 1846; x_wconf 81' lang='lat' dir='ltr'>ex</span> <span class='ocrx_word' id='word_1_204' title='bbox 574 1805 765 1847; x_wconf 86' lang='lat' dir='ltr'>hostibus</span> <span class='ocrx_word' id='word_1_205' title='bbox 787 1804 1006 1846; x_wconf 86' lang='lat' dir='ltr'>uictoriam</span> <span class='ocrx_word' id='word_1_206' title='bbox 1037 1805 1196 1846; x_wconf 89' lang='lat' dir='ltr'>retulit.</span> <span class='ocrx_word' id='word_1_207' title='bbox 1245 1804 1381 1853; x_wconf 82' lang='lat' dir='ltr'>Quem</span> <span class='ocrx_word' id='word_1_208' title='bbox 1411 1819 1487 1846; x_wconf 83' lang='lat' dir='ltr'>rex</span> <span class='ocrx_word' id='word_1_209' title='bbox 1519 1805 1572 1845; x_wconf 90' lang='lat' dir='ltr'>ob</span> <span class='ocrx_word' id='word_1_210' title='bbox 1594 1817 1781 1859; x_wconf 87' lang='lat' dir='ltr'>pugnam</span> 
     </span>
     <span class='ocr_line' id='line_1_34' title="bbox 346 1861 1779 1918; baseline -0.001 -14"><span class='ocrx_word' id='word_1_211' title='bbox 346 1866 547 1904; x_wconf 86' lang='lat' dir='ltr'>strennue</span> <span class='ocrx_word' id='word_1_212' title='bbox 580 1863 733 1905; x_wconf 86' lang='lat' dir='ltr'>editam</span> <span class='ocrx_word' id='word_1_213' title='bbox 764 1864 805 1903; x_wconf 92' lang='lat' dir='ltr'>in</span> <span class='ocrx_word' id='word_1_214' title='bbox 840 1863 1021 1918; x_wconf 90' lang='lat' dir='ltr'>primum</span> <span class='ocrx_word' id='word_1_215' title='bbox 1051 1861 1235 1903; x_wconf 86' lang='lat' dir='ltr'>amicicie</span> <span class='ocrx_word' id='word_1_216' title='bbox 1257 1862 1434 1916; x_wconf 86' lang='lat' dir='ltr'>gradum</span> <span class='ocrx_word' id='word_1_217' title='bbox 1467 1862 1635 1913; x_wconf 85' lang='lat' dir='ltr'>adciuit,</span> <span class='ocrx_word' id='word_1_218' title='bbox 1668 1861 1779 1904; x_wconf 88' lang='lat' dir='ltr'>haud</span> 
     </span>
     <span class='ocr_line' id='line_1_35' title="bbox 344 1919 1780 1976; baseline 0 -16"><span class='ocrx_word' id='word_1_219' title='bbox 344 1921 509 1975; x_wconf 87' lang='lat' dir='ltr'>parcius</span> <span class='ocrx_word' id='word_1_220' title='bbox 543 1921 675 1974; x_wconf 88' lang='lat' dir='ltr'>donis,</span> <span class='ocrx_word' id='word_1_221' title='bbox 708 1934 832 1976; x_wconf 79' lang='lat' dir='ltr'>quam</span> <span class='ocrx_word' id='word_1_222' title='bbox 866 1920 1091 1961; x_wconf 87' lang='lat' dir='ltr'>honoribus</span> <span class='ocrx_word' id='word_1_223' title='bbox 1123 1919 1296 1962; x_wconf 87' lang='lat' dir='ltr'>cultum.</span> <span class='ocrx_word' id='word_1_224' title='bbox 1348 1920 1466 1961; x_wconf 88' lang='lat' dir='ltr'>Idem</span> <span class='ocrx_word' id='word_1_225' title='bbox 1499 1924 1595 1975; x_wconf 90' lang='lat' dir='ltr'>post</span> <span class='ocrx_word' id='word_1_226' title='bbox 1626 1934 1780 1975; x_wconf 89' lang='lat' dir='ltr'>paruu-</span> 
     </span>
     <span class='ocr_line' id='line_1_36' title="bbox 344 1976 1884 2034; baseline -0.001 -14"><span class='ocrx_word' id='word_1_227' title='bbox 344 1979 430 2020; x_wconf 90' lang='lat' dir='ltr'>lum</span> <span class='ocrx_word' id='word_1_228' title='bbox 472 1980 673 2034; x_wconf 82' lang='lat' dir='ltr'>tcmporis</span> <span class='ocrx_word' id='word_1_229' title='bbox 718 1976 996 2034; x_wconf 65' lang='lat' dir='ltr'>interluallum</span> <span class='ocrx_word' id='word_1_230' title='bbox 1037 1978 1150 2019; x_wconf 88' lang='lat' dir='ltr'>solus</span> <span class='ocrx_word' id='word_1_231' title='bbox 1189 1978 1374 2019; x_wconf 89' lang='lat' dir='ltr'>hostium</span> <span class='ocrx_word' id='word_1_232' title='bbox 1405 1979 1515 2019; x_wconf 85' lang='lat' dir='ltr'>acies</span> <span class='ocrx_word' id='word_1_233' title='bbox 1557 1978 1598 2018; x_wconf 89' lang='lat' dir='ltr'>in</span> <span class='ocrx_word' id='word_1_234' title='bbox 1636 1977 1778 2032; x_wconf 84' lang='lat' dir='ltr'>fugam</span> <span class='ocrx_word' id='word_1_235' title='bbox 1800 2002 1825 2026; x_wconf 83' lang='lat' dir='ltr'>p.</span> <span class='ocrx_word' id='word_1_236' title='bbox 1850 1993 1884 2019; x_wconf 61' lang='grc' dir='ltr'>ιε·</span> 
     </span>
     <span class='ocr_line' id='line_1_37' title="bbox 341 2035 1778 2092; baseline 0 -15"><span class='ocrx_word' id='word_1_237' title='bbox 341 2038 540 2092; x_wconf 88' lang='lat' dir='ltr'>propulit,</span> <span class='ocrx_word' id='word_1_238' title='bbox 574 2037 827 2091; x_wconf 86' lang='lat' dir='ltr'>mirificeque</span> <span class='ocrx_word' id='word_1_239' title='bbox 851 2035 980 2078; x_wconf 89' lang='lat' dir='ltr'>cladis</span> <span class='ocrx_word' id='word_1_240' title='bbox 1012 2039 1156 2078; x_wconf 89' lang='lat' dir='ltr'>auctor</span> <span class='ocrx_word' id='word_1_241' title='bbox 1177 2036 1334 2091; x_wconf 89' lang='lat' dir='ltr'>pariter</span> <span class='ocrx_word' id='word_1_242' title='bbox 1365 2050 1413 2077; x_wconf 88' lang='lat' dir='ltr'>ac</span> <span class='ocrx_word' id='word_1_243' title='bbox 1434 2036 1611 2077; x_wconf 89' lang='lat' dir='ltr'>nuncius</span> <span class='ocrx_word' id='word_1_244' title='bbox 1641 2035 1778 2077; x_wconf 88' lang='lat' dir='ltr'>rediit.</span> 
     </span>
     <span class='ocr_line' id='line_1_38' title="bbox 342 2093 1778 2148; baseline -0.001 -12"><span class='ocrx_word' id='word_1_245' title='bbox 342 2095 642 2136; x_wconf 89' lang='lat' dir='ltr'>Ammiracioni</span> <span class='ocrx_word' id='word_1_246' title='bbox 687 2094 879 2137; x_wconf 90' lang='lat' dir='ltr'>omnibus</span> <span class='ocrx_word' id='word_1_247' title='bbox 925 2098 1041 2145; x_wconf 84' lang='lat' dir='ltr'>erat,</span> <span class='ocrx_word' id='word_1_248' title='bbox 1102 2093 1211 2148; x_wconf 90' lang='lat' dir='ltr'>quod</span> <span class='ocrx_word' id='word_1_249' title='bbox 1268 2098 1385 2135; x_wconf 80' lang='lat' dir='ltr'>tanta</span> <span class='ocrx_word' id='word_1_250' title='bbox 1441 2093 1493 2134; x_wconf 94' lang='lat' dir='ltr'>de</span> <span class='ocrx_word' id='word_1_251' title='bbox 1550 2093 1778 2134; x_wconf 88' lang='lat' dir='ltr'>innumeris</span> 
     </span>
     <span class='ocr_line' id='line_1_39' title="bbox 342 2150 1776 2208; baseline -0.001 -15"><span class='ocrx_word' id='word_1_252' title='bbox 342 2156 504 2207; x_wconf 85' lang='lat' dir='ltr'>strages</span> <span class='ocrx_word' id='word_1_253' title='bbox 536 2154 659 2194; x_wconf 89' lang='lat' dir='ltr'>unius</span> <span class='ocrx_word' id='word_1_254' title='bbox 690 2152 825 2208; x_wconf 89' lang='lat' dir='ltr'>accipi</span> <span class='ocrx_word' id='word_1_255' title='bbox 856 2152 1016 2193; x_wconf 87' lang='lat' dir='ltr'>uiribus</span> <span class='ocrx_word' id='word_1_256' title='bbox 1047 2151 1266 2207; x_wconf 90' lang='lat' dir='ltr'>potuisset.</span> <span class='ocrx_word' id='word_1_257' title='bbox 1313 2151 1477 2199; x_wconf 83' lang='lat' dir='ltr'>Quibus</span> <span class='ocrx_word' id='word_1_258' title='bbox 1509 2151 1666 2193; x_wconf 86' lang='lat' dir='ltr'>meritis</span> <span class='ocrx_word' id='word_1_259' title='bbox 1697 2150 1776 2192; x_wconf 86' lang='lat' dir='ltr'>fre-</span> 
     </span>
     <span class='ocr_line' id='line_1_40' title="bbox 341 2208 1776 2265; baseline -0.001 -14"><span class='ocrx_word' id='word_1_260' title='bbox 341 2214 422 2263; x_wconf 87' lang='lat' dir='ltr'>tus,</span> <span class='ocrx_word' id='word_1_261' title='bbox 453 2211 578 2252; x_wconf 89' lang='lat' dir='ltr'>tacite</span> <span class='ocrx_word' id='word_1_262' title='bbox 608 2225 748 2265; x_wconf 87' lang='lat' dir='ltr'>regem</span> <span class='ocrx_word' id='word_1_263' title='bbox 782 2210 935 2251; x_wconf 89' lang='lat' dir='ltr'>amoris</span> <span class='ocrx_word' id='word_1_264' title='bbox 967 2210 1029 2251; x_wconf 88' lang='lat' dir='ltr'>sui</span> <span class='ocrx_word' id='word_1_265' title='bbox 1062 2209 1274 2250; x_wconf 88' lang='lat' dir='ltr'>conscium</span> <span class='ocrx_word' id='word_1_266' title='bbox 1320 2208 1434 2251; x_wconf 88' lang='lat' dir='ltr'>facit.</span> <span class='ocrx_word' id='word_1_267' title='bbox 1487 2208 1616 2250; x_wconf 86' lang='lat' dir='ltr'>Cuius</span> <span class='ocrx_word' id='word_1_268' title='bbox 1663 2208 1776 2250; x_wconf 89' lang='lat' dir='ltr'>beni-</span> 
     </span>
     <span class='ocr_line' id='line_1_41' title="bbox 340 2267 1776 2322; baseline -0.001 -13"><span class='ocrx_word' id='word_1_269' title='bbox 340 2268 539 2322; x_wconf 83' lang='lat' dir='ltr'>gnissimo</span> <span class='ocrx_word' id='word_1_270' title='bbox 570 2268 720 2310; x_wconf 87' lang='lat' dir='ltr'>fauore</span> <span class='ocrx_word' id='word_1_271' title='bbox 751 2271 990 2321; x_wconf 90' lang='lat' dir='ltr'>recreatus,</span> <span class='ocrx_word' id='word_1_272' title='bbox 1022 2267 1119 2308; x_wconf 86' lang='lat' dir='ltr'>dum</span> <span class='ocrx_word' id='word_1_273' title='bbox 1153 2281 1177 2308; x_wconf 88' lang='lat' dir='ltr'>a</span> <span class='ocrx_word' id='word_1_274' title='bbox 1206 2267 1347 2322; x_wconf 89' lang='lat' dir='ltr'>puella</span> <span class='ocrx_word' id='word_1_275' title='bbox 1379 2267 1567 2308; x_wconf 84' lang='lat' dir='ltr'>osculum</span> <span class='ocrx_word' id='word_1_276' title='bbox 1598 2269 1776 2322; x_wconf 87' lang='lat' dir='ltr'>peteret,</span> 
     </span>
     <span class='ocr_line' id='line_1_42' title="bbox 339 2324 1775 2383; baseline -0.003 -14"><span class='ocrx_word' id='word_1_277' title='bbox 339 2328 507 2383; x_wconf 84' lang='lat' dir='ltr'>alapam</span> <span class='ocrx_word' id='word_1_278' title='bbox 537 2327 708 2381; x_wconf 86' lang='lat' dir='ltr'>recepit.</span> <span class='ocrx_word' id='word_1_279' title='bbox 769 2325 859 2367; x_wconf 87' lang='lat' dir='ltr'>Nec</span> <span class='ocrx_word' id='word_1_280' title='bbox 890 2339 986 2366; x_wconf 92' lang='lat' dir='ltr'>eum</span> <span class='ocrx_word' id='word_1_281' title='bbox 1028 2329 1100 2366; x_wconf 88' lang='lat' dir='ltr'>aut</span> <span class='ocrx_word' id='word_1_282' title='bbox 1132 2325 1387 2367; x_wconf 89' lang='lat' dir='ltr'>contumelie</span> <span class='ocrx_word' id='word_1_283' title='bbox 1428 2324 1670 2367; x_wconf 88' lang='lat' dir='ltr'>deformitas</span> <span class='ocrx_word' id='word_1_284' title='bbox 1702 2329 1775 2365; x_wconf 87' lang='lat' dir='ltr'>aut</span> 
     </span>
     <span class='ocr_line' id='line_1_43' title="bbox 339 2383 1094 2440; baseline 0 -15"><span class='ocrx_word' id='word_1_285' title='bbox 339 2385 488 2427; x_wconf 89' lang='lat' dir='ltr'>iniurie</span> <span class='ocrx_word' id='word_1_286' title='bbox 520 2384 640 2426; x_wconf 90' lang='lat' dir='ltr'>dolor</span> <span class='ocrx_word' id='word_1_287' title='bbox 669 2385 885 2440; x_wconf 86' lang='lat' dir='ltr'>proposito</span> <span class='ocrx_word' id='word_1_288' title='bbox 918 2383 1094 2438; x_wconf 88' lang='lat' dir='ltr'>depulit.</span> 
     </span>
    </p>

    <p class='ocr_par' dir='ltr' id='par_1_13' title="bbox 337 2439 1773 2673">
     <span class='ocr_line' id='line_1_44' title="bbox 478 2439 1773 2496; baseline -0.004 -12"><span class='ocrx_word' id='word_1_289' title='bbox 478 2442 656 2484; x_wconf 88' lang='lat' dir='ltr'>Postero</span> <span class='ocrx_word' id='word_1_290' title='bbox 687 2441 895 2496; x_wconf 88' lang='lat' dir='ltr'>siquidem</span> <span class='ocrx_word' id='word_1_291' title='bbox 926 2454 1050 2495; x_wconf 88' lang='lat' dir='ltr'>anno,</span> <span class='ocrx_word' id='word_1_292' title='bbox 1082 2454 1159 2492; x_wconf 86' lang='lat' dir='ltr'>ne,</span> <span class='ocrx_word' id='word_1_293' title='bbox 1201 2439 1312 2495; x_wconf 91' lang='lat' dir='ltr'>quod</span> <span class='ocrx_word' id='word_1_294' title='bbox 1345 2439 1468 2481; x_wconf 90' lang='lat' dir='ltr'>auide</span> <span class='ocrx_word' id='word_1_295' title='bbox 1511 2453 1629 2481; x_wconf 90' lang='lat' dir='ltr'>orsus</span> <span class='ocrx_word' id='word_1_296' title='bbox 1672 2441 1773 2491; x_wconf 86' lang='lat' dir='ltr'>erat,</span> 
     </span>
     <span class='ocr_line' id='line_1_45' title="bbox 339 2497 1772 2556; baseline -0.002 -15"><span class='ocrx_word' id='word_1_297' title='bbox 339 2500 620 2556; x_wconf 82' lang='lat' dir='ltr'>ignominiose</span> <span class='ocrx_word' id='word_1_298' title='bbox 657 2499 886 2550; x_wconf 86' lang='lat' dir='ltr'>desereret,</span> <span class='ocrx_word' id='word_1_299' title='bbox 917 2499 1142 2554; x_wconf 84' lang='lat' dir='ltr'>peregrina</span> <span class='ocrx_word' id='word_1_300' title='bbox 1177 2502 1296 2540; x_wconf 90' lang='lat' dir='ltr'>ueste</span> <span class='ocrx_word' id='word_1_301' title='bbox 1334 2502 1516 2553; x_wconf 88' lang='lat' dir='ltr'>sumpta,</span> <span class='ocrx_word' id='word_1_302' title='bbox 1548 2497 1657 2552; x_wconf 85' lang='lat' dir='ltr'>regis</span> <span class='ocrx_word' id='word_1_303' title='bbox 1679 2510 1772 2538; x_wconf 91' lang='lat' dir='ltr'>con-</span> 
     </span>
     <span class='ocr_line' id='line_1_46' title="bbox 338 2554 1770 2614; baseline -0.003 -15"><span class='ocrx_word' id='word_1_304' title='bbox 338 2558 580 2600; x_wconf 87' lang='lat' dir='ltr'>tubernium</span> <span class='ocrx_word' id='word_1_305' title='bbox 620 2557 784 2614; x_wconf 85' lang='lat' dir='ltr'>repetit.</span> <span class='ocrx_word' id='word_1_306' title='bbox 854 2556 1005 2612; x_wconf 89' lang='lat' dir='ltr'>Neque</span> <span class='ocrx_word' id='word_1_307' title='bbox 1045 2556 1156 2599; x_wconf 90' lang='lat' dir='ltr'>enim</span> <span class='ocrx_word' id='word_1_308' title='bbox 1195 2555 1317 2597; x_wconf 88' lang='lat' dir='ltr'>facile</span> <span class='ocrx_word' id='word_1_309' title='bbox 1358 2556 1410 2597; x_wconf 88' lang='lat' dir='ltr'>ab</span> <span class='ocrx_word' id='word_1_310' title='bbox 1454 2554 1770 2597; x_wconf 88' lang='lat' dir='ltr'>occurrentibus</span> 
     </span>
     <span class='ocr_line' id='line_1_47' title="bbox 337 2612 1772 2673; baseline -0.004 -15"><span class='ocrx_word' id='word_1_311' title='bbox 337 2616 525 2672; x_wconf 87' lang='lat' dir='ltr'>dignosci</span> <span class='ocrx_word' id='word_1_312' title='bbox 556 2619 735 2673; x_wconf 85' lang='lat' dir='ltr'>poterat,</span> <span class='ocrx_word' id='word_1_313' title='bbox 769 2630 862 2657; x_wconf 91' lang='lat' dir='ltr'>cum</span> <span class='ocrx_word' id='word_1_314' title='bbox 893 2629 1016 2657; x_wconf 82' lang='lat' dir='ltr'>ueras</span> <span class='ocrx_word' id='word_1_315' title='bbox 1048 2614 1130 2656; x_wconf 86' lang='lat' dir='ltr'>oris</span> <span class='ocrx_word' id='word_1_316' title='bbox 1161 2617 1284 2656; x_wconf 86' lang='lat' dir='ltr'>notas</span> <span class='ocrx_word' id='word_1_317' title='bbox 1314 2613 1444 2655; x_wconf 85' lang='lat' dir='ltr'>falsus</span> <span class='ocrx_word' id='word_1_318' title='bbox 1480 2613 1652 2669; x_wconf 90' lang='lat' dir='ltr'>squalor</span> <span class='ocrx_word' id='word_1_319' title='bbox 1682 2612 1772 2654; x_wconf 88' lang='lat' dir='ltr'>abs-</span> 
     </span>
    </p>
   </div>
  </div>
 </body>
</html>
