1884 3126
852 210 1103 252 -Ῑ-
1337 257 1342 265 ,
1646 221 1698 262 21

527 337 660 388 Arma
690 351 888 393 sequens,
920 333 1113 394 iugulum
1145 341 1329 386 siciens?

528 395 621 438 Nec
651 397 815 452 species
845 399 920 439 tua
950 402 1053 440 uota
1084 399 1226 443 trahit.

528 454 699 496 Eximia
730 454 891 511 raperis
923 456 1056 511 rabie,

527 512 688 554 Labilis
719 513 762 554 in
793 512 1008 556 Venerem
1041 515 1225 558 minime.

197 581 214 609 5
528 570 714 613 Oedibus
746 574 874 627 atque
907 585 1054 615 cruore
1085 573 1258 616 madens

526 628 649 671 Bella
679 629 813 671 thoris
844 630 1018 685 pociora
1048 631 1220 687 probas,

524 686 616 730 Nec
647 687 829 730 stimulis
859 689 1046 730 animum
1076 703 1258 733 recreas.

525 745 631 788 Ocia
660 745 779 787 nulla
808 745 897 790 fero
929 747 1145 802 subeunt3

524 803 667 846 Lusus
698 804 835 858 abest,
867 805 1012 848 feritas
1044 806 1219 860 colitur3

178 872 214 900 10
523 861 615 904 Nec
645 877 796 905 manus
825 863 1047 919 impietate
1081 869 1220 919 uacat,

523 920 642 962 Dum
672 919 887 963 Venerem
919 922 1101 965 coluisse
1134 923 1262 978 piget.

525 978 663 1021 Cedat
695 979 863 1022 odibilis
894 980 976 1022 iste
1006 981 1131 1036 rigor,

523 1036 743 1079 Adueniat
773 1037 867 1094 pius
898 1038 969 1080 ille
1003 1039 1132 1091 calor,

522 1094 581 1137 Et
611 1095 792 1139 Veneris
823 1097 952 1148 michi
982 1102 1107 1139 necte
1138 1097 1279 1152 fidem,

180 1163 211 1191 15
524 1152 618 1202 Que
649 1168 782 1210 puero
814 1155 891 1197 tibi
922 1155 1060 1211 prima
1091 1155 1190 1197 dedi

522 1210 671 1255 Vbera
703 1213 836 1265 lactis,
869 1227 1080 1280 opemque
1112 1213 1202 1266 tuli,

526 1269 724 1313 Officium
757 1271 975 1326 genitricis
1006 1286 1152 1328 agens,
1731 1292 1796 1321 vn,

61 1375 64 1378 .
524 1327 682 1371 Vsibus
715 1330 905 1372 officiosa
937 1330 1035 1373 tuis.

38 1373 55 1428 ἶ
384 1386 479 1435 Quo
513 1388 702 1444 corporis
735 1388 825 1430 eius
857 1387 1196 1455 magnitudinem
1237 1389 1430 1431 humanis
1462 1388 1690 1431 inhabilem
1722 1406 1752 1431 1>-
1773 1398 1804 1426 37

37 1430 55 1479 ᾗ
175 1455 211 1482 ‘20
242 1444 511 1501 amplexibus
543 1446 771 1499 referente,
805 1447 922 1489 cuius
954 1453 1107 1489 nature
1130 1452 1380 1489 contextum
1402 1447 1578 1489 dubium
1608 1461 1692 1489 non

244 1508 356 1545 esset
377 1503 579 1558 giganteo
607 1505 787 1560 germini
819 1505 1094 1561 respondere,
1128 1505 1226 1547 Non
1250 1510 1294 1548 te
1325 1509 1511 1558 moueat,
1543 1505 1692 1561 inquit,

38 1568 54 1616 ᾗ
242 1559 447 1603 ‘insolitus
468 1574 562 1603 mee
583 1562 837 1629 granditatis
859 1568 1075 1619 aspectus,
1110 1563 1232 1605 Nunc
1257 1564 1366 1606 enim
1385 1563 1692 1616 contraccioris,

37 1627 57 1684 ζ’
243 1633 354 1662 nunc
395 1621 652 1676 capacioris,
694 1635 809 1663 nunc
849 1622 993 1674 exilis,
1032 1636 1144 1663 nunc
1179 1622 1400 1677 affluentis
1440 1621 1694 1673 substancie,

39 1710 53 1747 ι
242 1677 369 1719 modo
403 1680 639 1733 corrugati,
684 1679 809 1722 modo
851 1680 1053 1735 explicati
1085 1680 1273 1735 corporis
1313 1680 1440 1722 situm
1472 1679 1694 1722 arbitraria

43 1771 58 1792 s
171 1746 210 1773 25
241 1736 482 1779 mutacione
504 1736 780 1789 transform03
814 1752 926 1780 nunc
949 1739 1204 1794 proceritate
1236 1738 1334 1780 celis
1356 1738 1548 1787 inuehor‚
1582 1752 1692 1780 nunc

240 1795 283 1837 in
305 1794 532 1845 hominem,
564 1796 821 1850 angustioris
843 1797 1015 1839 habitus
1038 1796 1218 1850 dicione,
1251 1810 1495 1853 componor.
1538 1795 1694 1837 Adhuc

240 1853 451 1896 hesitante
482 1867 548 1907 e0‚
579 1854 792 1910 fidemque
814 1855 937 1898 dictis
958 1855 1117 1898 habere
1147 1859 1383 1905 cunctante,
1416 1855 1501 1897 tale
1523 1868 1693 1897 carmen

242 1912 420 1954 adiecit:
1228 1937 1232 1943 ·

381 1969 448 2012 Ne
480 1984 637 2026 paueas
668 1971 811 2025 nostri,
844 1971 1023 2026 iuuenis,
1057 1972 1306 2014 commercia
1337 1972 1447 2014 lecti.

175 2035 212 2064 30
382 2028 642 2084 Corpoream
673 2030 845 2085 gemina
874 2030 994 2072 uario
1026 2030 1193 2072 racione
1223 2030 1417 2085 figuram,

380 2086 437 2128 Et
468 2086 680 2143 duplicem
710 2089 853 2130 neruis
883 2088 1023 2144 legem
1055 2088 1317 2144 prescribere
1347 2088 1478 2130 sueui.

379 2143 492 2187 Nam
517 2154 674 2201 sequor
705 2146 890 2189 alternas
921 2146 1087 2188 diuerso
1119 2146 1332 2188 schemate
1362 2146 1518 2188 formas

379 2201 571 2246 Arbitrio
601 2203 768 2247 uariata
798 2218 918 2256 meo3
950 2219 1063 2246 nunc
1095 2204 1234 2246 sidera
1265 2205 1411 2247 ceruix

379 2260 534 2316 Equat,
567 2265 609 2303 et
640 2262 811 2305 excelso
842 2263 1007 2329 rapitur
1037 2263 1177 2305 uicina
1208 2262 1412 2316 Tonanti3

174 2328 229 2365 357
379 2318 544 2361 Rursus
574 2319 618 2361 in
650 2319 885 2362 humanum
914 2321 999 2363 ruit
1030 2321 1233 2362 inclinata
1263 2321 1467 2375 uigorem,

379 2376 725 2443 Contiguumque
756 2378 853 2444 polo
886 2383 1014 2435 caput
1043 2379 1087 2420 in
1118 2378 1270 2421 tellure
1301 2378 1451 2432 refigit.

380 2435 449 2477 Sic
479 2435 585 2477 leuis
616 2435 660 2476 in
691 2436 830 2479 uarios
861 2440 1097 2479 transmuto
1128 2450 1303 2492 corpora
1332 2437 1467 2478 flexus

380 2492 606 2548 Ambiguis
638 2499 862 2560 conspecta
892 2494 1053 2549 modis3
1084 2501 1196 2537 nunc
1227 2494 1390 2548 colligit
1420 2506 1573 2548 anceps

382 2549 561 2592 Strictus
592 2550 783 2593 membra
813 2552 938 2607 rigor,
970 2527 1082 2595 nuric
1111 2552 1255 2607 gracia
1286 2551 1474 2607 corporis
1505 2550 1581 2592 alti
1724 2559 1793 2594 (11)

170 2618 207 2651 40
378 2608 590 2670 Explicat,
624 2613 666 2651 et
697 2623 882 2658 summas
912 2610 1060 2657 tribuit
1093 2611 1335 2665 contingere
1366 2609 1511 2654 nubes.

46 2799 67 2854 ἢν
43 2754 65 2795 82
63 2737 69 2750 ἢ

50 3012 80 3049 Ἣ
