1884 3126
771 258 822 262 —
882 231 923 276 V
986 258 1034 265 ῃ
1549 241 1628 281 169

182 361 392 407 Frothoni
423 362 674 404 beneficium
706 362 894 418 prebuit,
934 377 1027 405 cuin
1069 368 1110 405 et
1152 365 1276 407 saluti
1316 366 1439 408 sociis
1482 371 1524 409 et
1555 367 1628 409 ho-

181 423 316 465 stibus
349 421 485 463 exicio
518 420 657 473 fuerit.

321 480 491 522 Interea
544 478 747 532 Hiberni,
809 478 1104 522 crebrescente
1155 480 1318 523 Danice
1373 483 1628 525 fortitudinis

182 540 307 590 fama,
330 537 527 594 perculsi,
552 552 635 593 quo
656 537 932 580 difficiliorem
950 539 1137 593 parcium
1159 554 1330 581 suarum
1347 541 1628 595 irrupcionem

130 613 147 640 5
180 600 435 652 prestarent,
452 596 612 638 ferreos
629 599 742 638 terre
759 596 939 638 murices
956 597 1255 650 instrauerunt,
1272 599 1423 654 quibus
1440 599 1629 641 littorum

181 658 400 698 uetaretur
431 668 641 697 accessus.
718 654 863 695 Vtitur
907 659 1051 697 autem
1088 655 1376 698 Hibernorum
1409 671 1513 710 gens
1545 658 1629 700 leui

181 718 223 756 et
255 713 437 770 parabili
468 717 700 755 armatura.
762 711 994 755 Nouaculis
1027 728 1192 756 comam
1226 718 1454 768 extenuat3
1494 719 1629 758 totum

182 772 374 828 occipicii
417 772 574 814 crinem
620 770 810 824 abradit,
861 785 914 813 ne
959 771 1126 826 fugiens
1170 773 1376 827 capillicio
1421 778 1626 816 teneatur.

181 830 380 873 Ceterum
412 830 596 872 telorum
628 829 824 884 cuspides
858 829 1045 872 obuertit
1074 830 1341 885 instantibus,
1365 845 1629 873 mucronum-

111 904 147 931 10
179 903 260 944 que
292 889 488 931 acumina
517 888 843 944 insequentibus
876 888 930 930 de
971 888 1179 931 industria
1212 903 1428 944 opponere
1461 891 1627 941 assolet,

178 962 227 989 ac
256 948 492 1003 plerunque
535 953 633 1003 post
671 950 839 1002 tergum
879 947 1049 989 lanceas
1091 947 1287 1002 iaculari,
1320 947 1484 990 doccior
1527 948 1629 998 fuga

178 1019 405 1062 superare,
447 1019 573 1061 quam
618 1005 741 1047 bello.
807 1005 901 1054 Quo
934 1006 1002 1058 fit,
1048 1009 1114 1059 ut,
1160 1020 1252 1047 cum
1296 1006 1515 1047 uictoriam
1556 1007 1629 1048 tibi

178 1064 356 1107 cessisse
389 1068 535 1120 putes,
579 1063 804 1106 discrimen
845 1064 1077 1106 immineat.
1139 1064 1244 1106 Tam
1275 1064 1518 1107 insidiosam
1556 1065 1629 1106 ho-

178 1123 306 1165 stium
329 1122 476 1178 fugam
500 1122 662 1164 Frotho
687 1122 998 1164 consideracius
1022 1136 1148 1177 quam
1172 1122 1363 1178 cupidius
1385 1124 1628 1175 insectatus,

111 1195 146 1222 15
179 1181 329 1223 ducem
362 1181 501 1236 gentis
525 1179 764 1222 Keruillum
797 1181 887 1223 acie
919 1180 1042 1223 fudit.
1093 1180 1222 1222 Cuius
1251 1185 1467 1236 superstes
1486 1181 1630 1235 frater,

179 1239 376 1295 deposita
408 1239 647 1282 rebellandi
669 1239 836 1289 fiducia,
868 1239 1048 1294 patriam
1071 1238 1235 1281 dedidit
1256 1239 1359 1293 regi.
1407 1239 1629 1295 Captiuam

179 1313 256 1340 rex,
274 1297 450 1353 predam
467 1298 589 1339 militi
608 1298 865 1352 dispertiuit,
886 1298 945 1339 uti
963 1311 1020 1349 se,
1039 1298 1175 1339 tocius
1200 1298 1384 1339 auaricie
1409 1303 1628 1352 expertem

178 1361 220 1398 et
251 1371 276 1397 a
306 1357 436 1398 nimia
467 1370 606 1398 rerum
639 1355 871 1411 cupiditate
904 1370 1114 1410 auersum,
1146 1355 1277 1398 solius
1299 1355 1433 1410 glorie
1466 1357 1628 1398 lucrum

178 1418 382 1471 appetere
413 1418 652 1456 testaretur.

111 1488 148 1514 ‘20
319 1473 472 1529 Itaque
493 1476 590 1530 post
612 1472 876 1514 Britannicos
901 1472 1136 1527 triumphos
1159 1472 1459 1527 Hibernasque
1483 1487 1626 1514 manu-

179 1531 270 1572 bias
311 1532 353 1573 in
384 1531 569 1577 Daniam
610 1530 794 1574 reditum
837 1534 920 1585 est,
960 1531 1167 1586 annisque
1208 1530 1377 1572 tricenis
1417 1530 1470 1571 ab
1513 1531 1626 1572 omni

179 1589 386 1632 bellorum
416 1589 594 1645 negocio
627 1593 910 1645 temperatum
953 1593 1029 1631 est.
1100 1588 1194 1636 Quo
1237 1593 1426 1644 tempore
1466 1589 1626 1630 cunctis

177 1661 285 1703 pene
318 1649 441 1690 terris
473 1648 631 1690 eximia
670 1647 928 1690 fortitudinis
967 1646 1095 1688 laude
1125 1647 1335 1689 Danicum
1371 1661 1522 1690 nomen
1562 1648 1625 1688 in-

178 1705 367 1748 claruit.*
426 1706 590 1749 Volens
623 1706 769 1762 itaque
800 1706 964 1748 Frotho
996 1705 1205 1760 fulgorem
1243 1705 1405 1760 imperii
1436 1706 1500 1746 sui
1531 1719 1623 1760 per-

107 1779 143 1806 25
172 1769 307 1820 petuo
338 1765 547 1806 firmitatis
578 1763 728 1806 habitu
758 1777 1014 1820 prorogare,
1046 1764 1227 1818 primum
1258 1763 1483 1805 aduersum
1514 1763 1626 1804 furta

175 1837 225 1865 ac
256 1823 479 1865 latrocinia
501 1827 702 1879 tanquam
725 1822 949 1864 familiaria
969 1822 1079 1863 mala
1102 1835 1149 1863 ac
1176 1821 1180 1874 Ι
1210 1822 1462 1864 domesticas
1483 1825 1625 1876 pestes

176 1882 452 1923 seueritatem
482 1895 601 1923 suam
634 1881 887 1937 distringere
929 1895 1027 1923 cure
1068 1880 1238 1933 habuit,
1282 1880 1431 1934 quibus
1474 1892 1625 1920 uacue-

175 1939 289 1981 facte
321 1943 472 1994 gentes
504 1939 844 1994 tranquilliorem
876 1939 964 1980 uite
995 1953 1118 1980 usum
1152 1937 1539 1993 apprehenderent,
1572 1950 1623 1977 ne

175 2002 415 2053 propagate
446 1998 560 2054 pacis
592 1998 781 2040 incessus
805 1998 893 2040 ullo
925 1996 1204 2051 malignitatis
1225 1996 1440 2038 obstaculo
1464 1994 1624 2036 ledere-

107 2066 143 2093 30
175 2060 256 2099 tur.
318 2055 515 2098 Prouidit
548 2070 741 2112 quoque,
773 2069 847 2108 ne,
880 2059 1073 2098 cessante
1107 2054 1250 2106 hoste,
1282 2054 1414 2096 ciuilis
1445 2053 1624 2108 patriam

175 2114 266 2156 lues
299 2113 519 2166 exederet,
545 2117 621 2156 aut
649 2119 748 2170 post
771 2119 961 2157 exteram
982 2127 1128 2169 pacem
1154 2113 1386 2154 domestica
1416 2124 1625 2167 grassare-

175 2176 244 2214 tur
275 2172 539 2228 improbitas.
587 2173 784 2229 Denique
818 2174 858 2215 in
882 2172 1008 2224 Iutia,
1041 2176 1244 2227 tanquam
1266 2172 1317 2212 ·in
1349 2171 1487 2225 capite
1508 2168 1626 2224 regni

175 2230 253 2282 sui,
285 2231 429 2286 magni
459 2230 660 2286 ponderis
692 2246 867 2274 auream
898 2230 1104 2272 armillam
1135 2229 1269 2272 triuiis
1301 2228 1416 2283 affigi
1448 2227 1623 2279 curauit,

176 2288 315 2331 edicte
346 2303 371 2330 a
401 2303 446 2331 se
477 2290 727 2332 innocencie
769 2290 1109 2346 experimentum
1149 2293 1236 2330 tam
1288 2287 1462 2341 insignis
1493 2283 1624 2341 prede

106 2357 142 2385 35
175 2347 431 2389 documento
470 2347 661 2390 daturus.
736 2347 865 2391 Cuius
911 2348 1220 2389 irritamentum
1268 2358 1503 2401 quanquam
1551 2343 1625 2384 im-

174 2405 331 2460 probas
375 2406 605 2448 lacesseret
642 2411 807 2448 mentes
859 2421 908 2448 ac
951 2405 1118 2447 sinistra
1158 2403 1400 2446 sollicitaret
1438 2400 1622 2456 ingenia,

174 2463 403 2518 superabat
426 2467 566 2505 tamen
590 2464 852 2506 indubitatus
875 2464 1052 2520 periculi
1074 2467 1224 2505 metus.
1265 2460 1401 2502 Tanta
1418 2458 1622 2515 siquidem

173 2520 465 2563 Frothoniane
507 2522 745 2565 maiestatis
781 2522 1011 2563 auctoritas
1053 2524 1167 2575 erat,
1208 2523 1255 2561 ut
1296 2518 1427 2559 eciam
1476 2530 1622 2558 aurum

174 2580 322 2634 rapine
354 2580 597 2635 expositum
631 2580 808 2636 perinde
850 2594 899 2622 ac
930 2579 1185 2621 firmioribus
1219 2576 1409 2618 claustris
1442 2575 1625 2616 obsitum

106 2647 143 2676 40
172 2641 376 2696 tueretur,
449 2637 582 2681 Cuius
622 2639 687 2681 rei
727 2638 899 2685 nouitas
930 2640 1150 2694 ingentem
1192 2634 1353 2679 auctori
1389 2633 1623 2679 claritatem

1694 1705 1754 1733 [11¹³

1681 1830 1707 1854 p.
1726 1820 1777 1847 255
