1884 3126
42 909 78 936 10

41 1200 75 1226 15

39 1488 76 1515 ‘20

39 2351 75 2378 35

655 263 704 269 -
766 237 906 281 XIIII
966 262 1017 268 ——
1475 237 1557 279 499

113 365 279 408 hostem
300 365 444 408 amicis
466 366 628 422 premio
652 367 835 421 equauit.
868 366 1094 422 Burysium
1115 367 1262 421 eciam,
1283 371 1330 409 ut
1351 365 1558 432 sanguine

112 424 203 474 sibi,
234 425 294 465 ita
326 425 466 465 animo
491 424 777 479 obsequioque
800 424 1085 478 coniunctum,
1112 425 1225 480 quod
1248 425 1408 481 optima
1428 423 1557 479 ipsius

114 495 243 537 opera
273 481 503 524 aduersum
536 481 779 524 Suenonem
808 497 908 524 usus
938 482 1092 535 fuerat,
1134 488 1226 524 tum
1257 483 1429 539 opibus,
1469 486 1559 523 tum

113 541 247 581 eciam
278 540 511 582 honoribus
543 544 793 595 prosecutus
826 544 899 582 est.
963 540 1091 582 Ouius
1135 540 1310 582 fratrem
1340 541 1558 584 Kanutum

112 598 198 652 pari
222 598 515 640 munificencia
537 597 589 639 ad
612 598 848 653 prefecture
880 598 1100 652 fastigium
1121 603 1311 641 recenter
1343 604 1558 641 euexerat.

112 655 222 697 Tum
253 671 368 698 uero.
402 657 473 712 qui
506 655 718 697 Kanutice
750 657 904 697 milicie
936 657 1110 698 comites
1152 656 1331 710 fuerant,
1367 657 1558 698 nondum

113 714 298 755 hostium
339 714 526 756 cladibus
567 714 775 767 contenti,
809 715 1089 756 communiter
1121 728 1268 769 regem
1299 714 1480 768 adeunt,
1512 718 1559 755 ut

112 786 205 824 eOS,
248 773 317 827 qui
351 772 539 821 Suenoni
578 772 857 814 interficiendi
889 772 1047 814 Kanuti
1091 773 1308 814 consilium
1340 773 1558 824 dederant,

109 831 422 886 proscripcione
452 834 790 886 prosequeretur,
827 835 1012 872 orantes.
1073 830 1191 872 Inter
1217 835 1383 873 ceteros
1414 834 1558 872 autem

109 888 350 930 Thorberni
381 903 537 944 penam
568 887 758 943 cupidius
791 889 1066 944 expetebant,
1099 902 1337 944 quanquam
1368 890 1430 943 is,
1464 902 1558 930 cum

110 946 222 1000 apud
256 946 484 988 Ran‹lrusii
514 951 687 1001 pontem
719 946 1011 999 dimicaretur,
1045 947 1334 1002 presentibus,
1380 961 1558 1002 quorum

111 1004 285 1045 consilio
330 1004 491 1046 Kanuti
533 1005 657 1046 cedes
700 1005 924 1057 commissa
965 1002 1126 1057 fuerat,
1168 1005 1265 1046 huic
1305 1019 1349 1046 se
1381 1004 1557 1059 perfidie

110 1061 284 1104 affinem
315 1062 512 1116 negabat,
546 1066 740 1104 auctores
773 1063 862 1104 eius
895 1063 1097 1104 acerrime
1129 1062 1358 1104 deuouens.
1402 1062 1460 1103 At
1481 1077 1554 1104 rex

111 1124 328 1173 metuens,
370 1134 447 1173 ne,
490 1121 525 1161 si
564 1124 628 1161 tot
670 1122 806 1175 gentis
847 1135 920 1162 sue
954 1120 1117 1162 nobiles
1162 1120 1288 1162 exilio
1320 1120 1558 1172 mulctaret,

112 1178 330 1219 Kanutum
351 1178 680 1234 Burysiumque,
704 1177 832 1220 dubia
854 1179 937 1221 fide
960 1182 1194 1232 suspectos,
1227 1179 1557 1234 proscriptorum

111 1236 336 1278 aduersum
367 1250 411 1278 se
443 1237 569 1277 armis
590 1237 831 1290 instrueret,
858 1238 1026 1278 ueniam
1049 1237 1238 1278 sontibus
1261 1250 1387 1292 quam
1409 1236 1555 1278 emulis

111 1308 236 1348 opem
268 1295 420 1336 afferre
443 1294 606 1336 maluit.
654 1294 722 1336 Ad
745 1295 941 1336 ultimum
962 1295 1215 1336 instancium
1236 1295 1557 1350 perseuerancia

109 1352 266 1405 uictus,
313 1367 366 1394 ne
409 1366 432 1392 a
475 1350 649 1403 Kalnuti
696 1352 1032 1394 interfectoribus
1081 1353 1296 1393 remissius
1343 1352 1555 1393 ulcionem

110 1410 281 1464 exigere
322 1410 558 1461 uideretur,
599 1411 933 1465 proscripturum
973 1425 1030 1463 se,
1063 1424 1165 1465 quos
1200 1410 1429 1462 iussissent,
1461 1424 1555 1465 pro-

110 1469 242 1519 misit,
284 1483 361 1510 nec
401 1468 482 1509 alio
523 1474 648 1523 pacto
681 1469 816 1524 patrie
848 1468 1132 1522 redditurum,
1177 1481 1301 1522 quam
1342 1469 1377 1509 si
1409 1482 1554 1509 eorum

110 1526 304 1580 precibus
355 1530 679 1579 reuocarentur,
727 1540 908 1582 quorum
959 1526 1181 1568 sentenciis
1235 1526 1360 1567 exilio
1413 1525 1553 1567 adacti

108 1584 299 1625 fuissent.
362 1584 531 1626 Sciebat
565 1584 688 1634 enim,
721 1585 891 1627 facilem
922 1584 1095 1626 humani
1127 1584 1254 1626 animi
1286 1584 1338 1625 ab
1373 1584 1470 1625 odio
1498 1583 1551 1624 ad

109 1643 296 1695 graciam
327 1642 542 1684 deflexum
563 1644 769 1692 existere,
805 1657 856 1684 ac
886 1643 1119 1698 plerunque
1151 1642 1347 1684 mortales
1379 1642 1552 1684 affectus

110 1714 205 1740 cum
246 1702 337 1755 ipsa
378 1715 520 1742 rerum
560 1701 771 1743 uarietate
803 1702 1057 1743 consentire.
1119 1699 1233 1741 Nihil
1275 1700 1458 1742 enimin
1490 1700 1552 1740 his

60 1775 76 1801 5
107 1762 194 1798 tam
210 1772 405 1813 asperum
419 1757 606 1814 reperiri,
622 1758 735 1813 quod
750 1763 916 1814 tempus
931 1764 1002 1800 aut
1018 1772 1138 1800 casus
1152 1759 1285 1800 lenire
1306 1772 1390 1799 non
1406 1758 1551 1813 possit.

111 1815 274 1857 Ceteris
299 1816 487 1858 eiusdem
512 1817 667 1871 gregis,
692 1821 738 1857 ut
754 1817 903 1859 iisdem
926 1817 1070 1873 pocius
1094 1817 1214 1857 bonis
1237 1816 1438 1857 militibus
1461 1820 1552 1857 ute-

109 1878 237 1926 retur,
271 1889 397 1929 quam
426 1874 466 1916 in
500 1888 574 1916 eos
606 1874 977 1925 animaduerteret,
1009 1879 1211 1916 exoratus
1233 1874 1552 1928 ignouit,tanto-

109 1946 190 1986 que
223 1946 266 1973 se
298 1933 387 1974 eius
419 1932 608 1974 amicicia
638 1934 881 1988 propiorem
927 1933 1130 1984 exhibuit,
1163 1938 1316 1987 quanto
1349 1933 1465 1987 ipsos
1498 1931 1552 1973 ab

109 1990 219 2031 illius
251 1991 512 2045 parricidalis
545 1992 775 2032 commenti
797 1992 1061 2033 consciencia
1083 1991 1338 2032 remociores
1360 1990 1550 2044 agnouit.

245 2048 325 2089 His
357 2049 417 2090 ita
449 2049 717 2104 compositis,
760 2054 807 2091 ut
838 2050 958 2104 regni
988 2049 1114 2090 inicia
1144 2048 1354 2090 strennuis
1398 2047 1551 2088 milicie

111 2106 307 2162 operibus
338 2107 641 2162 auspicaretur,
674 2109 953 2162 patriamque,
982 2111 1045 2148 tot
1077 2107 1196 2147 annis
1235 2106 1412 2162 piratica
1441 2105 1550 2146 lace-

108 2169 245 2205 ratam
285 2178 333 2205 ac
372 2164 503 2206 ferme
545 2165 677 2206 tercia
717 2178 769 2206 ex
815 2170 936 2220 parte
977 2164 1030 2206 ad
1071 2165 1198 2205 situm
1229 2170 1272 2206 et
1306 2164 1549 2205 uastitatem

108 2235 242 2277 usque
263 2222 492 2276 redactam,
523 2222 768 2264 iniuriarum
790 2223 955 2264 ulcione
977 2222 1184 2272 reficeret,
1215 2221 1386 2277 publica
1417 2221 1549 2262 classe

109 2279 276 2320 Masnet
321 2280 527 2331 insulam,
571 2280 730 2320 bellum
772 2280 932 2322 Solauis
973 2280 1186 2332 facturus,
1228 2278 1402 2321 accedit.
1465 2276 1550 2319 Vbi

108 2336 205 2378 du'm
237 2338 443 2392 populum
486 2339 528 2379 in
556 2338 760 2380 concione
800 2339 1120 2391 exhortaretur,
1164 2338 1366 2390 seniores,
1398 2337 1549 2391 quibus

109 2407 183 2448 pro
221 2395 364 2437 rostris
404 2395 572 2436 dicendi
611 2409 703 2436 mos
751 2400 860 2447 erat,
885 2397 1079 2439 classem
1122 2400 1213 2437 tuto
1255 2407 1551 2450 processuram

109 2452 334 2507 negabant.
405 2452 514 2494 Nam
561 2457 602 2494 et
643 2467 742 2495 suos
789 2454 1095 2496 commeatibus
1149 2452 1273 2495 defici
1327 2456 1368 2493 et
1406 2452 1550 2493 hostes

109 2515 375 2566 compertum
419 2511 531 2565 regis
578 2511 735 2553 habere
781 2512 1059 2567 propositum.
1135 2509 1404 2564 Aucupande
1448 2523 1548 2564 ergo

110 2569 439 2624 opportunitatis
479 2569 621 2623 gracia
661 2568 794 2610 dilatu
837 2583 944 2625 opus
986 2570 1191 2615 existere,
1232 2567 1372 2623 quoad
1404 2567 1551 2609 melior

40 2640 76 2667 40
106 2627 292 2681 gerende
321 2626 381 2669 rei
411 2626 587 2668 facultas
620 2627 833 2670 incideret.
876 2627 1075 2669 Ceterum
1106 2640 1190 2668 non
1221 2639 1351 2682 parue
1383 2625 1551 2667 temeri-

1345 2693 1413 2730 32*

1634 1378 1638 1382 .
1658 1357 1709 1384 73ss
