1884 3126
61 918 96 945 10

59 1208 95 1236 15

57 1498 94 1525 :20

55 1789 92 1816 ‘25

56 2079 94 2106 30

57 2368 94 2396 35

674 273 723 280 —-
784 250 924 292 XIIII
988 276 1037 283 —-
1497 252 1579 294 503

131 378 332 421 futurum.
395 379 479 422 Sed
518 379 630 422 hunc
668 379 757 422 eius
803 393 1010 434 errorem,
1056 378 1232 421 sinistris
1276 378 1444 421 monitis
1486 394 1581 421 con-

131 438 320 491 citatum,
354 438 520 480 fortune
552 438 761 480 uiolencia
791 438 904 479 felici
935 438 1121 480 remedio
1152 438 1424 493 precucurrit.
1467 437 1580 479 Nam

131 510 225 537 cum
257 510 333 537 rex
365 497 530 551 magnis
551 497 712 538 uiribus
743 497 976 538 succinctus
1003 496 1083 538 iter
1104 495 1270 550 ingredi
1299 496 1443 549 uellet,
1465 496 1579 551 apud

130 553 446 609 Ryngstadium
476 555 615 596 subita
646 554 756 595 febri
797 554 1046 609 implicitus,
1078 553 1364 606 Absalonem‚
1396 554 1580 596 remissis

130 613 273 666 copiis,
306 613 418 654 ocius
449 612 503 654 ad
534 626 577 654 se
608 612 753 654 uenire
783 612 914 653 iubet.
974 611 1042 653 Ita
1075 612 1273 666 pestifere
1318 612 1431 667 regis
1462 613 1579 654 moli-

129 671 241 712 cioni
272 674 513 725 opportuna
534 670 779 712 ualitudinis
801 670 1096 725 conquassacio
1127 670 1315 712 remedio
1348 670 1441 712 fuit.
1489 669 1581 712 Nec

130 729 266 770 minus
298 728 562 770 Waldemari
595 729 839 770 innocencie
887 742 1014 783 quam
1045 728 1220 770 insontis
1263 729 1409 783 populi
1440 729 1579 783 saluti,

130 787 254 828 misso
286 787 434 828 celitus
464 787 685 841 languore,
719 787 968 828 consultum.
1031 786 1167 835 Quam
1207 800 1334 841 porro
1366 791 1466 828 tunc
1496 801 1580 829 non

128 845 263 887 solum
296 845 542 897 deformem,
575 845 648 887 sed
679 845 813 887 eciam
843 844 1126 887 miserabilem
1158 845 1219 886 rei
1240 843 1402 886 Danice
1422 849 1579 887 statum

127 903 254 945 fuisse
302 903 558 945 credendum
605 907 688 952 est.
736 918 832 945 cum
871 903 975 944 foris
1015 902 1258 949 hostilibus,
1299 903 1412 944 intus
1452 903 1580 958 regiis

129 961 255 1003 armis
300 963 604 1016 appeteretur?
667 961 770 1010 Quis
816 975 917 1003 uero
966 961 1109 1003 diuino
1158 961 1330 1002 numine
1381 960 1579 1003 effectum

129 1019 332 1074 ambigat,
364 1033 416 1061 ne
447 1020 584 1075 patrie
614 1020 846 1075 imperator
875 1019 1043 1061 futurus
1073 1020 1117 1061 in
1148 1019 1238 1074 ipso
1269 1033 1377 1074 pene
1399 1018 1579 1074 fulgoris

128 1078 192 1119 sui
222 1077 456 1132 primordio
489 1091 682 1144 regnum,
715 1078 828 1133 quod
851 1092 906 1120 ex
927 1077 1109 1119 hostium
1131 1077 1325 1118 manibus
1357 1082 1579 1132 erepturus

128 1140 232 1188 erat,
253 1135 462 1188 obrueret,
485 1137 584 1191 quia
604 1137 741 1191 patrie
763 1136 951 1178 habenas
972 1136 1133 1177 tenenti
1155 1133 1405 1177 difficillimo
1430 1136 1578 1177 morbo

127 1208 254 1249 quam
286 1194 470 1235 maximo
514 1194 690 1236 facinori
719 1194 929 1250 implicari
959 1195 1094 1236 sacius
1137 1194 1248 1235 fuit?
1308 1193 1459 1248 Itaque
1490 1194 1580 1235 lan-

127 1266 260 1306 guore
302 1252 345 1293 in
376 1252 464 1293 dies
496 1253 632 1294 acrius
662 1257 906 1306 grassante,
946 1251 1139 1294 Absalon
1178 1266 1253 1307 pro
1294 1252 1430 1293 salute
1460 1252 1580 1307 regia

126 1310 235 1352 uotis
277 1310 487 1352 excubare
527 1325 612 1351 non
653 1310 827 1353 destitit.
888 1310 959 1351 Ad
1000 1311 1198 1351 ultimum
1237 1310 1372 1351 ueluti
1402 1310 1579 1352 remedii

127 1368 428 1423 desperacione
459 1368 668 1423 perfusus,
700 1383 795 1410 cum
816 1370 987 1410 unicum
1018 1369 1061 1409 in
1092 1369 1249 1410 uirtute
1281 1368 1426 1410 diuina
1457 1369 1576 1410 auxi-

127 1426 232 1467 lium
253 1424 424 1481 rellstare
446 1427 817 1480 animaduerteret,
849 1426 904 1468 ad
936 1441 1030 1468 eam
1062 1426 1383 1482 propiciandam
1414 1441 1578 1468 summa

125 1499 219 1526 cum
251 1485 568 1526 examinacione
599 1489 699 1527 uota
740 1499 816 1540 pro
847 1489 992 1539 egroto
1033 1489 1351 1540 nuncupaturus
1389 1485 1576 1536 accessit,

127 1542 398 1598 diuinamque
440 1557 529 1584 rem
566 1541 848 1585 saoerdotali‘ff‘
890 1547 1007 1585 ueste
1049 1543 1226 1584 amictus
1266 1543 1345 1584 rite
1385 1543 1574 1598 peregitt,

126 1601 331 1642 sacrificia
362 1600 513 1643 deinde
543 1601 743 1656 legitimis
774 1602 914 1643 uerbis
937 1601 1127 1643 confecta
1152 1601 1206 1642 ad
1229 1615 1378 1655 egrum
1409 1601 1574 1655 detulit,

126 1673 174 1701 ac
206 1673 313 1714 pene
346 1659 532 1701 exanimi
563 1659 792 1701 delibanda
822 1660 1026 1715 porrexit.
1081 1658 1243 1707 Quibus
1275 1659 1346 1700 ille
1377 1659 1574 1714 refectus,

127 1717 323 1759 continuo
354 1717 504 1759 oborto
535 1717 708 1770 sudore,
749 1718 857 1759 bone
896 1717 1141 1759 ualitudinis
1173 1716 1365 1758 habitum
1403 1731 1576 1772 recupe-

125 1775 249 1817 rauit.
296 1774 486 1816 Antistes
507 1779 666 1830 tamen,
698 1775 837 1817 adhuc
859 1775 911 1817 de
934 1776 1022 1818 eius
1045 1775 1386 1817 conualescencia
1408 1775 1574 1829 dubius,

126 1833 330 1888 languore
362 1848 415 1875 ex
447 1834 640 1875 molestia
671 1837 905 1887 contracto,
947 1837 1122 1889 repente
1154 1834 1344 1888 corporis
1374 1833 1574 1875 firmitate

126 1890 247 1932 defici
286 1892 409 1946 cepit.
479 1890 545 1933 Ac
590 1892 670 1933 nisi
715 1892 869 1933 celeste
911 1892 1147 1934 remedium
1189 1891 1438 1944 affulsisset,
1479 1905 1575 1946 spes

126 1954 242 1991 tante
282 1949 434 1991 indolis
477 1950 520 1991 in
560 1950 649 2005 ipso
691 1954 787 1991 ortu
830 1964 907 1991 suo
943 1950 1218 1992 occubuisset.
1280 1948 1364 1991 Sed
1404 1963 1482 1991 nec
1512 1949 1576 1990 illi

125 2008 317 2049 sanitatis
364 2008 568 2050 alienacio
614 2008 917 2063 impedimento
962 2008 1051 2050 fore
1097 2008 1260 2063 potuit,
1306 2021 1388 2062 quo
1438 2007 1575 2048 minus

125 2080 268 2107 curam
314 2066 451 2121 regis,
498 2080 624 2121 quam
670 2080 812 2122 sospes
858 2070 1070 2121 gesserat,
1114 2079 1215 2120 eger
1259 2069 1573 2120 exsequeretur.

126 2123 265 2165 Ratus
296 2124 514 2179 siquidem,
547 2124 816 2166 emendatam
838 2124 969 2179 ipsius
990 2123 1269 2166 ualitudinem
1292 2124 1401 2165 tristi
1421 2123 1572 2164 nuncio

126 2183 337 2237 corrumpi
363 2195 499 2248 posse,
530 2182 804 2224 affeccionem
836 2197 955 2224 suam
986 2183 1025 2224 ei
1046 2182 1235 2223 nunciari
1266 2181 1495 2236 prohibuit,
1519 2195 1573 2223 ne

126 2240 264 2281 subita
305 2240 434 2281 animi
465 2240 640 2282 tristicia
666 2240 904 2295 implicatus
934 2241 978 2281 in
1008 2241 1230 2296 pristinam
1273 2243 1437 2295 pestem
1467 2239 1574 2280 rela-

126 2297 310 2339 beretur.
373 2297 587 2352 Sospitate
631 2298 818 2351 reddita,
859 2298 984 2340 ambo
1026 2304 1114 2339 tam
1153 2297 1342 2339 exicialis
1372 2297 1574 2352 propositi

124 2356 435 2410 interpellatori
475 2356 552 2397 deo
584 2355 858 2398 saluberrime
890 2356 1208 2397 ammonicionis
1247 2359 1389 2410 grates
1425 2351 1572 2410 sollue-

126 2413 251 2465 bant,
298 2414 531 2478 errorisque
577 2428 647 2455 eos
690 2428 774 2455 non
813 2414 902 2455 sine
948 2415 1103 2456 rubore
1149 2414 1387 2469 penitencia
1433 2413 1574 2465 subiit,

127 2471 309 2525 cogitate
330 2471 558 2526 impietatis
579 2471 776 2513 effectum
797 2471 938 2514 diuine
960 2471 1342 2513 animaduersionis
1372 2470 1574 2512 beneficio

127 2529 341 2570 sublatum
357 2543 459 2581 esse,
477 2529 723 2583 gaudentes.
743 2528 977 2571 Salubriori
993 2530 1134 2585 itaque
1156 2528 1370 2570 sentencia
1386 2528 1574 2569 animum

127 2587 424 2640 amplectente,
456 2600 482 2627 a
503 2587 658 2628 ciuium
678 2587 875 2642 periculis
906 2587 960 2630 ad
991 2587 1134 2631 hostes
1155 2600 1287 2643 usque
1309 2585 1573 2630 lacessendos

59 2657 96 2685 40
127 2644 312 2688 studium
343 2644 634 2690 traduxerunt.

1633 1433 1728 1468 (283)

1596 1549 1752 1578 oxhlxa

1625 2369 1655 2395 p.
1677 2362 1725 2388 741
