1884 3126
110 895 142 923 10

108 1188 143 1216 15

107 1478 144 1506 ‘20

49 1792 61 1802 ¹
107 1769 144 1796 25

51 1813 55 1822 .

109 2060 147 2088 30

5 2642 150 2671 .,·,40

764 251 815 256 -—
876 227 923 271 II
984 254 1036 258 —
1566 233 1615 273 51

173 355 351 399 dicionis
391 356 707 408 insimulatum,
753 355 864 399 bello
893 356 1075 410 lacessit,
1119 371 1204 399 non
1234 358 1417 399 telorum
1447 358 1509 410 ui,
1551 357 1624 399 sed

174 428 385 457 armorum
431 415 625 470 pondere
673 418 715 456 et
760 415 948 470 corporis
992 419 1086 457 estu
1124 416 1411 471 strangulatus
1453 416 1623 470 interiit,

173 472 387 528 Haldano,
420 474 511 516 Roe
546 476 590 516 et
621 472 747 515 Scato
782 473 876 515 filiis
913 474 1084 516 relictis.

312 531 405 586 His,
439 533 600 574 uirtute
631 532 819 587 paribus),
855 545 964 586 equa
994 532 1200 587 regnandi
1231 532 1399 573 incessit
1430 531 1623 574 auiditas.

172 588 347 656 Imperii
389 591 541 646 cuique
585 604 687 631 cura
732 590 899 643 extitit3
945 590 1157 632 fraternus
1201 590 1362 632 nullum
1406 594 1624 646 respectus

172 648 382 691 astrinxit.
453 649 592 698 Quem
634 648 745 690 enim
785 648 913 690 nimia
955 648 1019 690 sui
1063 649 1215 690 caritas
1261 648 1445 702 ceperit,
1489 649 1625 691 aliena

173 706 342 760 deserit,
375 722 453 749 nec
484 707 562 749 sibi
595 707 817 763 quisquam
850 707 1077 749 ambiciose¹
1109 713 1237 762 atque
1261 707 1349 747 aliis
1373 707 1506 749 amice
1529 722 1624 748 con-

174 765 314 808 sulere
347 769 502 822 potest.
565 766 735 808 Horum
767 766 978 807 maximus
1012 765 1258 819 Haldanus,
1299 765 1393 806 Roe
1425 769 1467 806 et
1498 765 1624 806 Scato

173 823 373 866 fratribus
404 824 650 878 interfectis,
674 827 867 865 naturam
901 823 1058 866 scelere
1089 824 1255 879 polluit,
1287 837 1464 879 regnum
1495 823 1626 877 parri-

173 880 282 923 cidio
317 883 487 938 carpsit
520 886 561 925 et
592 897 648 925 ne·
678 882 811 923 ullum
845 882 1106 924 crudelitatis
1132 883 1374 937 exemplum
1398 881 1624 935 omitteret,

174 940 506 1007 comprehensos
528 955 677 983 eorum
700 940 891 982 fautores
922 941 1015 996 piiu
1062 941 1325 982 uinculorum
1348 954 1459 1006 pena
1481 940 1627 980 choer-

175 999 275 1052 cuit,
307 1013 409 1041 mox
442 998 671 1055 suspendio
707 956 1161 1102 consumpsitquius
1184 1013 1238 1040 ex
1261 1013 1308 1041 eo
1340 998 1523 1039 maxime
1544 998 1626 1039 for-

172 1060 275 1098 tuna
299 1057 571 1100 ammirabilis
593 1057 687 1111 fuit,
715 1058 828 1113 quod
872 1058 950 1100 lice
993 1072 1133 1099 omma
1153 1045 1394 1113 tempoium
1412 1060 1627 1097 momenta

174 1115 228 1156 ad
262 1116 501 1158 exetcenda
523 1116 755 1158 atrocitatis
779 1115 919 1158 officia
948 1116 1209 1169 contulisset,
1243 1119 1458 1157 senectute
1481 1116 1626 1167 uitam,

173 1187 259 1215 non
290 1173 404 1217 ferro
436 1175 605 1217 finierit.
1413 1226 1415 1230 ,

312 1232 455 1274 Η111113
497 1233 572 1274 filii
602 1233 693 1275 Roe
737 1235 779 1275 et
819 1232 963 1288 Helgo
1005 1232 1137 1274 fuere.
1198 1231 1240 1273 A
1279 1232 1373 1274 Roe
1407 1231 1627 1273 Roskildia

174 1290 346 1333 condita
367 1296 640 1344 memoratur,
664 1305 788 1347 quam
811 1295 908 1346 post
931 1291 1104 1333 modum
1128 1291 1285 1341 sueno,
1308 1290 1471 1332 furcate
1495 1290 1625 1332 barbe

174 1354 457 1403 cognomento
493 1350 641 1401 clarus,
674 1350 838 1391 ciuibus
873 1350 1006 1399 auxit,
1038 1349 1316 1405 amplitudine
1356 1348 1623 1403 propagauit.

174 1407 258 1448 Hic
301 1408 420 1449 breui
463 1412 730 1474 angustoque
783 1422 961 1464 corpore
1003 1407 1096 1449 fnit.
1170 1408 1413 1462 Helgonem
1455 1407 1623 1448 habitus

176 1465 390 1521 plocerior
421 1467 546 1522 cepit.
596 1465 681 1514 Qui
712 1466 846 1509 diuiso
879 1481 974 1508 cum
1006 1467 1136 1507 fratre
1166 1480 1313 1520 regno,
1343 1464 1469 1506 maris
1493 1466 1507 1519 Η
1530 1479 1626 1531 pos-

175 1524 407 1566 sessionem
439 1525 632 1582 sortitus,
660 1538 705 1565 re
741 1540 806 1567 em
828 1524 994 1566 Sclauie
1017 1524 1209 1566 Scalcum
1241 1523 1460 1564 1116111111113
1495 1523 1624 1579 copiis

174 1583 420 1624 lacessitum
452 1584 662 1639 oppressit
734 1583 871 1632 Quam
895 1597 990 1624 cum
1021 1583 1063 1623 in
1094 1582 1356 1648 prouinciam
1379 1581 1624 1636 redegisset,

175 1641 318 1682 uarios
340 1641 480 1696 pelagi
502 1656 696 1684 recessus
715 1655 826 1708 uago
844 1642 1136 1696 nauigacionis
1154 1654 1308 1696 genere
1326 1640 1622 1695 perlustrabat.

175 1698 260 1740 Hic
291 1699 389 1742 licet
419 1699 637 1742 ferocioris
669 1700 827 1754 ingenii
859 1706 994 1753 63361,
1038 1700 1209 1741 luxuria
1249 1704 1391 1740 tamen
1425 1698 1624 1739 seuiciam

178 1757 375 1812 equabat.
425 1757 549 1800 Adeo
583 1758 793 1814 siquidem
826 1759 1037 1814 proiectus
1069 1759 1110 1798 in
1143 1758 1357 1799 Venerem
1390 1756 1545 1809 extitit,
1578 1760 1625 1797 ut

176 1816 375 1870 ambigue
407 1817 737 1859 existimacionis
772 1821 906 1869 esset,
942 1816 1166 1872 tyrannide
1201 1816 1331 1870 magis
1364 1830 1418 1856 611
1451 1814 1623 1855 libidine

176 1875 337 1916 arserit.
388 1874 517 1929 Apud
548 1876 733 1917 insulam
765 1874 909 1918 Thero
941 1876 1105 1930 uirgine
1138 1847 1293 1915 Τ116111Ο
1310 1878 1504 1928 stuprum
1537 1872 1625 1927 pati

179 1936 345 1984 coacta,
387 1933 517 1974 filiam
557 1934 766 1988 suscepit,
810 1934 877 1976 cui
908 1937 1002 1989 post
1033 1932 1204 1974 modum
1226 1931 1335 1974 Vrse
1367 1931 1622 1972 uocabulum

177 1964 353 2046 aptauit’.
415 1990 697 2048 Hundingum
743 1991 930 2034 Saxonie
974 1992 1086 2046 iegis
1131 1991 1265 2046 Syrici
1309 1990 1465 2042 filium,
1512 1988 1624 2044 apud

180 2048 375 2091 Stadium
409 2049 612 2105 oppidum
643 2050 777 2105 prelio
811 2051 923 2102 uicit,
947 2050 1212 2104 eundemque
1235 2063 1286 2089 ex
1313 2049 1626 2103 prouocacione

178 2107 352 2149 adortus
385 2106 526 2150 duello
559 2109 804 2164 pr.ostrauit
861 2109 928 2150 Ob
961 2107 1075 2163 quod
1097 2106 1321 2162 Hundingi
1351 2107 1626 2161 inteiemptoi

177 2169 371 2218 uocatus,
393 2165 571 2208 uictorie
593 2166 722 2209 decus
740 2168 992 2233 cognomine
1017 2164 1020 2222 1
1044 2166 1282 2220 usmpauit.
1315 2165 1426 2206 Iutie
1449 2163 1626 2205 Saxoni-

179 2223 258 2265 bus
282 2227 427 2278 erepte
449 2223 513 2266 ius
537 2226 974 2281 ptwoculacionemque
997 2224 1150 2274 Hesce,
1172 2222 1259 2279 Eyr
1284 2227 1323 2264 61
1346 2222 1429 2263 Ler
1451 2222 1626 2263 ducibus

180 2281 401 2323 commisit.
463 2281 591 2337 Apud
625 2283 856 2325 Saxoniam
902 2283 1076 2338 ingenui
1108 2295 1157 2323 ac
1188 2282 1328 2323 liberti
1358 2294 1505 2322 necem
1535 2279 1627 2334 pari

180 2353 342 2381 summa
363 2334 684 2394 'rependendam
707 2342 938 2394 constituit,
970 2340 1145 2397 pe11nde
1167 2354 1215 2381 ac
1245 2339 1405 2394 liquido
1435 2343 1627 2379 constare

179 2397 357 2449 uolens,
405 2397 517 2453 quod
561 2403 734 2440 cunctas
781 2399 1021 2441 Teutonum
1068 2397 1247 2439 familias
1292 2410 1400 2452 equa
1442 2396 1625 2437 seruitus

180 2459 367 2509 teneret,
409 2457 684 2512 omniumque
725 2461 921 2513 corrupta
960 2458 1132 2500 libertas
1165 2469 1323 2512 parem
1366 2453 1625 2496 condicionis

182 2513 455 2582 ignominiam
490 2515 715 2557 redoleret.

323 2570 429 2612 Oum
461 2571 514 2613 ad
546 2572 726 2615 insulam
757 2572 899 2614 Thoro
931 2574 1152 2628 piraticam
1184 2572 1433 2623 leflexisset,
1470 2569 1626 2620 Thma,

180 2629 385 2701 necdum>
406 2631 557 2672 amisse
599 2631 857 2687 uirginitatis
900 2645 1065 2674 merore
1109 2631 1327 2686 deposito,
1366 2629 1479 2683 tuipi
1516 2641 1627 2668 com-

382 2705 390 2711 ·
1445 2696 1489 2732 4ss

1659 1466 1728 1500 (28)
