1884 3126
125 1020 161 1047 10

121 1346 157 1373 15

122 1638 159 1665 20

120 2219 159 2246 30

119 2509 156 2535 35

801 208 1048 250 “I-
1593 215 1645 256 35

196 353 411 393 reuersus,
443 344 538 381 cum
563 337 781 393 Hadingo,
813 351 934 379 suam
966 352 1093 394 quam
1123 338 1303 380 militum
1333 338 1543 381 fortunam
1576 354 1648 382 ex-

195 399 382 454 pendere
413 401 680 453 preoptante,
719 411 773 438 ex
804 397 1114 452 prouocacione
1145 410 1399 452 congressus
1433 397 1648 442 occiditur.

196 457 412 499 Nolebant
456 456 567 499 enirn
610 454 746 511 prisce
787 454 1048 497 fortitudinis
1080 455 1209 497 duces
1240 455 1538 498 uniuersorum
1571 456 1650 498 dis-

197 516 370 558 crimine
402 514 571 570 exequi,
605 513 719 569 quod
751 527 985 568 paucorum
1019 517 1132 555 sorte
1163 514 1313 569 peragi
1343 514 1562 569 potuisset,

337 585 419 627 His
461 584 612 640 gestis,
653 583 858 639 Hadingo
904 582 1105 626 defuncte
1146 583 1334 639 coniugis
1373 584 1534 639 species
1573 598 1650 640 per

198 646 384 702 quietem
417 643 643 685 obuersata
674 643 734 684 sic
767 642 939 684 cecinit:

398 737 534 779 Belua
565 739 667 777 nata
698 735 774 777 tibi
807 738 870 776 est
901 734 1063 777 rabiem
1096 733 1309 777 domitura
1340 735 1540 791 ferarum,
1666 746 1730 774 xla

401 795 585 850 Queque
618 795 726 836 truci
757 792 930 849 rapidos
962 797 1118 836 atteret
1150 794 1393 849 ore-lupos,

606 899 665 940 At
698 901 794 955 post
825 911 962 954 pauca
994 898 1233 940 subiunxit·

400 1004 488 1046 Fac
520 1017 698 1057 caueas:
731 1017 784 1045 ex
816 1007 858 1045 te
890 1017 1049 1046 nocuus
1081 1002 1155 1044 tibi
1187 1002 1345 1059 prodiit
1376 1003 1475 1057 ales,

401 1062 522 1105 Felle
553 1062 677 1104 ferox
709 1062 838 1135 bubo,
871 1075 978 1103 uoce
1011 1075 1189 1104 canorus
1224 1062 1328 1104 olor.

331 1155 428 1196 Rex
460 1168 606 1208 mane,
648 1168 803 1210 sopore
849 1154 1066 1207 discusso,
1110 1153 1277 1195 cuidam
1309 1154 1738 1199 coniecturarumms)

191 1212 335 1267 sagaci
376 1213 514 1254 uisum
554 1214 742 1268 exponit.
806 1212 890 1261 Qui
921 1212 1010 1268 lupi
1042 1213 1212 1254 nomine
1243 1213 1390 1254 future
1416 1212 1644 1255 ferocitatis

192 1271 323 1312 filium
354 1271 671 1326 interpretatus,
704 1271 831 1313 oloris
863 1270 1071 1313 uocabulo
1104 1270 1232 1312 filiam
1264 1270 1496 1324 denotauit,
1527 1271 1643 1313 illum

190 1329 379 1371 hostibus
403 1330 701 1385 perniciosum,
732 1330 844 1371 hanc
874 1329 983 1385 patri
1005 1328 1248 1377 insidiosam
1270 1330 1359 1371 fore
1383 1330 1644 1385 presagiens.

191 1388 386 1430 Euentus
417 1388 597 1443 augurio
629 1387 861 1443 respondit.
909 1387 1127 1444 Siquidem
1146 1387 1336 1442 Hadingi
1358 1388 1444 1429 filia
1458 1387 1645 1440 Vluilda,

190 1447 359 1502 priuato
388 1446 554 1488 cuidam
576 1446 817 1488 Guthormo
850 1445 1054 1501 denupta,
1086 1446 1175 1487 siue
1208 1447 1360 1501 copule
1390 1446 1644 1500 indignitate

191 1505 282 1546 siue
325 1505 526 1547 claritatis
567 1505 845 1547 affectacione
882 1508 1094 1560 permota,
1140 1504 1335 1545 maritum
1375 1504 1415 1545 in
1455 1505 1644 1560 parentis

192 1563 336 1605 cedem
370 1562 530 1619 absque
562 1562 731 1619 pietatis
763 1568 958 1618 respectu
982 1562 1195 1617 sollicitat,
1217 1564 1406 1618 reginam
1429 1577 1487 1613 se,
1519 1576 1644 1618 quam

189 1621 300 1676 regis
346 1622 475 1663 filiam
528 1622 688 1663 censeri
736 1621 861 1663 malle
907 1621 1088 1677 prefata.
1152 1620 1281 1663 Cuius
1330 1621 1644 1663 exhortacionis

190 1679 363 1722 modum
396 1680 543 1722 iisdem
590 1694 702 1735 pene
734 1680 897 1732 uerbis,
929 1680 1078 1735 quibus
1112 1680 1165 1721 ab
1196 1680 1289 1736 ipsa
1323 1679 1460 1721 editus
1491 1678 1643 1732 fuerat,

191 1739 404 1794 explicare
436 1739 661 1792 constitui3
694 1739 766 1794 qui
795 1737 884 1779 fere
916 1738 1156 1780 huiusmodi
1189 1743 1300 1780 erat:

307 1796 554 1839 Omiseram
572 1812 653 1849 me,
674 1797 792 1838 cuius
808 1796 1071 1838 nobilitatem
1089 1797 1230 1852 dispar
1244 1795 1394 1851 copule
1412 1810 1550 1837 nexus
1568 1794 1641 1836 ob·
1661 1810 1687 1835 Ρ.
1707 1802 1740 1828 58

190 1854 405 1896 tenebrat!
451 1855 488 1897 O
506 1855 731 1922 infelicem,
746 1855 865 1897 cuius
883 1855 1093 1896 stemmati
1112 1855 1270 1896 rustica
1286 1854 1459 1908 iugatur
1477 1853 1642 1895 humili-

141 1929 154 1955 ῑ
188 1913 271 1955 tas!
300 1913 335 1955 O
350 1913 652 1955 infortunatam
669 1913 871 1980 principis
884 1914 1061 1968 prolem,
1077 1927 1202 1969 quam
1217 1913 1327 1955 thori
1343 1913 1437 1968 lege
1451 1912 1641 1968 plebeius

192 1971 435 2026 equiparat!
477 1972 759 2014 Miserandam
785 1972 895 2027 regis
927 1971 1070 2026 filiam,
1104 1972 1223 2013 cuius
1245 1971 1473 2012 decorem
1462 1983 1642 2024 ignauus

189 2035 311 2085 pater
342 2030 382 2070 in
417 2030 626 2073 obsoletos
648 2045 697 2073 ac
720 2030 1001 2086 despicabiles
1035 2029 1265 2072 transmisit
1297 2028 1542 2084 amplexus!
1575 2026 1642 2069 In-

189 2089 372 2129 faustam
405 2091 551 2130 matris
583 2089 797 2142 sobolem,
830 2090 947 2130 cuius
979 2088 1170 2130 felicitati
1199 2087 1312 2129 thori
1344 2086 1640 2137 commercium

191 2146 395 2200 derogat;
429 2142 547 2189 cuius
578 2147 832 2188 mundiciam
866 2146 1122 2188 inmundicia
1151 2145 1301 2188 ruralis
1332 2149 1548 2197 attrectat,
1582 2143 1641 2185 di-

190 2205 397 2259 gnitatem
419 2205 648 2260 indignitas
670 2205 858 2259 uulgaris
890 2205 1077 2258 inclinat,
1110 2203 1420 2259 ingenuitatem
1453 2202 1640 2244 condicio

189 2261 392 2304 maritalis
417 2263 641 2305 extenuat!
686 2264 742 2307 At
763 2263 891 2319 siquis
919 2263 995 2305 tibi
1018 2263 1139 2317 uigor
1161 2263 1283 2315 inest,
1314 2262 1434 2317 siqua
1455 2264 1639 2303 mentem

188 2321 321 2362 uirtus
348 2321 552 2387 possidet,
584 2336 619 2363 Sl
635 2320 808 2375 dlgnum
840 2326 882 2362 te
914 2321 1024 2376 regis
1056 2335 1261 2375 generum
1292 2320 1462 2386 probas,
1494 2331 1639 2359 socero

189 2378 325 2420 fasces
357 2380 496 2434 eripe,
539 2393 675 2433 genus
706 2380 917 2446 probitate
957 2378 1141 2433 redime,
1182 2379 1378 2434 prosapie
1422 2376 1639 2418 defectum

188 2437 347 2478 uirtute
380 2437 554 2491 cstima,
598 2438 815 2493 sanguinis
847 2436 1048 2480 damnum
1079 2437 1219 2479 animo
1251 2449 1398 2492 pensa.
1458 2433 1640 2475 Felicior

190 2499 252 2536 est
283 2495 418 2537 honos
450 2495 647 2548 audacia,
681 2509 808 2551 quam
838 2496 1073 2538 hereditate
1107 2491 1312 2551 quesitus
1372 2492 1525 2534 Melius
1556 2491 1639 2532 uir-

189 2557 278 2595 tute
312 2554 493 2605 culmen,
525 2567 649 2609 quam
679 2555 946 2596 successione
980 2553 1286 2596 conscenditur.
1323 2550 1484 2605 Apcius
1506 2550 1638 2591 hono-

188 2624 255 2653 res
277 2612 486 2686 merstum,
518 2626 643 2667 quam
667 2617 821 2654 natura
843 2613 1052 2655 conciliat.
1095 2611 1219 2653 Adde
1241 2609 1353 2666 quod
1375 2611 1636 2650 senectutem

1455 2677 1497 2712 3*
