1884 3126
657 238 711 245 —
770 213 910 256 XIIII
972 239 1023 244 ——
1479 217 1562 257 565

116 343 295 384 culmine
319 342 566 397 tegebatur,
599 342 775 384 interior
797 358 909 396 uero,
934 349 1111 399 quatuor
1134 345 1337 386 subnixus
1358 344 1563 399 postibus,

115 401 323 455 parietum
356 401 445 442 loco
477 401 706 456 pensilibus
739 402 870 442 auleis
901 403 1075 452 nitebat,
1108 417 1184 443 nec
1215 403 1438 458 quiequam
1469 417 1563 444 cum

115 459 326 499 exteriore
358 463 498 513 preter
530 463 686 499 tectum
719 465 760 499 et
792 473 925 513 pauca
958 461 1185 515 laquearia
1212 460 1560 502 communicabat.

114 516 269 571 Ingens
301 517 343 557 in
366 517 441 558 ede
464 516 746 558 simulacrum.
780 531 947 558 omnem
970 518 1140 559 humani
1163 519 1349 573 corporis
1372 518 1563 559 habitum

67 584 82 607 5
114 575 354 628 granditate
386 574 699 624 transcendens,
732 580 913 629 quatuor
947 576 1152 630 capitibus
1184 576 1441 630 totidemque
1475 590 1561 617 cer-

48 873 78 900 10

43 1164 78 1191 15

39 1453 76 1479 ‘20

38 1742 74 1769 ‘25

37 2032 74 2058 30

37 2320 73 2347 35

24 2610 71 2637 ·40

114 632 272 673 uicibus
292 632 529 673 mirandum
552 632 783 686 perstabat,
816 647 837 673 e
860 633 1007 687 quibus
1030 634 1112 674 duo
1138 639 1280 688 pectus
1304 634 1560 689 totidemque

113 695 280 744 tergum
323 690 529 744 respicere
575 690 841 731 uidebantur.
914 690 1110 732 Ceterum
1160 697 1245 732 tam
1292 696 1389 732 ante
1436 705 1560 745 quam

113 753 223 789 retro
267 748 563 789 collocatorum
608 762 738 788 unum
781 748 1070 797 dextrorsum,
1118 750 1298 789 altorum
1345 750 1559 790 lenorsum

113 806 519 860 contemplacionem
550 805 732 859 dirigere
763 806 999 847 uidebatur.
1053 806 1229 847 Oorrase
1253 807 1394 852 barbe,
1427 807 1561 848 crines

110 864 263 904 attonsi
279 863 583 918 figurabantur,
606 870 651 903 ut
669 863 837 905 artificis
855 864 1104 905 industriam
1121 864 1417 918 Rugianorum
1434 865 1560 905 ritum

112 921 154 961 in
187 922 302 962 cultu
333 922 518 976 capitum
552 921 782 962 emulatam
810 926 993 974 putares.
1047 922 1096 962 In
1119 922 1270 963 dextra
1293 936 1420 963 cornu
1442 923 1559 964 uario

113 979 273 1019 metalli
303 993 458 1033 genere
490 979 707 1020 excultum
739 980 950 1033 gestabat,
984 980 1093 1033 quod
1125 980 1316 1021 sacerdos
1348 994 1558 1021 sacrorum

111 1037 198 1078 eius
239 1037 398 1091 peritus
441 1036 656 1077 annuatim
703 1051 816 1078 mero
863 1037 1116 1102 perfundere
1160 1043 1458 1087 consueuerat,
1506 1053 1556 1079 ex

111 1095 200 1149 ipso
249 1095 419 1150 liquoris
465 1094 612 1135 habitu
657 1095 867 1150 sequentis
913 1095 1013 1136 anni
1059 1096 1200 1149 copi1s
1251 1101 1558 1150 prospecturus.

108 1152 228 1193 Leua
259 1167 402 1194 areum
432 1153 588 1194 reflexo
620 1153 663 1193 in
695 1153 804 1194 latus
836 1153 1007 1194 blachio
1041 1153 1264 1207 figulabat.
1317 1153 1478 1194 Tunica
1507 1154 1559 1194 ad

109 1210 233 1251 tibias
263 1211 506 1265 prominens
537 1210 800 1264 fingebatur,
843 1225 924 1265 que
963 1225 1015 1252 ex
1049 1211 1215 1252 diuersa
1247 1211 1352 1264 ligni
1382 1212 1560 1252 mate1ia

109 1274 261 1320 create,
295 1273 381 1309 tam
403 1282 555 1309 arcano
578 1283 691 1309 nexu
711 1269 888 1323 genibus
910 1269 1207 1322 iungebantur,
1230 1274 1276 1309 ut
1297 1270 1559 1323 compaginis

109 1326 222 1367 locus
244 1340 329 1368 non
357 1326 436 1367 nisi
460 1326 677 1367 curiosiori
699 1327 1057 1381 contemplacione
1080 1326 1340 1381 deprehendi
1363 1327 1557 1380 potuerit.

109 1384 245 1425 Pedes
276 1384 404 1426 humo
436 1384 620 1438 contigui
662 1386 953 1437 cernebantur,
981 1399 1125 1425 eorum
1165 1384 1254 1425 basi
1284 1385 1395 1426 intra
1426 1385 1558 1425 solum

107 1442 278 1483 latente.
322 1442 450 1482 Haud
473 1442 620 1496 procul
645 1444 811 1483 frenum
832 1457 880 1484 ac
903 1443 1006 1487 sella
1028 1443 1240 1483 simulacri
1257 1443 1556 1496 compluraque

109 1499 352 1552 diluinitatis
398 1500 579 1554 insignia
625 1500 884 1542 uisebantur.
970 1500 1157 1548 Quorum
1212 1500 1553 1541 ammiracionem

108 1558 328 1612 conspicue
359 1558 609 1612 granditatis
641 1559 750 1599 ensis
771 1559 968 1611 augebat,
1001 1559 1117 1599 cuius
1140 1558 1339 1612 uaginam
1362 1572 1410 1599 ac
1430 1572 1556 1612 capu-

107 1616 208 1667 lum,
240 1621 382 1671 preter
414 1616 693 1657 excellentem
725 1617 910 1657 celature
944 1617 1152 1666 decorem,
1185 1616 1369 1656 exterior
1390 1616 1554 1670 argenti

107 1674 267 1728 species
300 1674 636 1715 commendabat.
699 1673 894 1715 Solennis
937 1674 1072 1715 eidem
1116 1675 1249 1715 cultus
1292 1674 1372 1714 hoc
1410 1673 1554 1715 ordine

106 1731 385 1786 pendebatur.
437 1731 575 1772 Semel
598 1733 836 1786 quotannis,
860 1738 954 1787 post
977 1732 1106 1773 lectas
1131 1732 1290 1784 fruges,
1314 1732 1551 1786 promiscua

107 1789 239 1831 tocius
262 1789 395 1831 insule
418 1789 664 1844 frequencia
687 1797 785 1830 ante
807 1789 925 1830 edem
950 1790 1173 1837 simulacri,
1195 1790 1322 1830 litatis
1340 1789 1552 1844 pecudum

107 1847 267 1900 hostiis,
291 1848 464 1888 solenne
489 1847 658 1903 epulum
682 1848 896 1901 religionis
920 1849 1089 1889 nomine
1114 1847 1367 1889 celebrabat.
1414 1847 1551 1888 Huius

106 1905 318 1951 sacerdos,
350 1912 492 1960 preter
525 1919 788 1946 communem
830 1907 964 1961 patrie
1011 1906 1135 1946 ritum
1179 1905 1307 1945 barbe
1347 1918 1553 1960 comeque

109 1964 350 2017 prolixitate
390 1963 669 2018 spectandus,
714 1963 847 2017 pridie
889 1979 1013 2019 qnam
1057 1978 1143 2004 rem
1187 1963 1370 2004 diuinam
1410 1962 1551 2004 facere

105 2021 333 2070 debuisset,
366 2021 579 2064 sacellum,
615 2021 727 2077 qnod
763 2022 798 2063 ei
831 2023 907 2064 soli
929 2021 1112 2062 intrandi
1136 2022 1199 2062 fas
1223 2026 1323 2071 erat,
1360 2020 1551 2061 adhibito

105 2093 327 2134 scoparum
361 2093 460 2131 usu,
504 2080 824 2133 diligentissime
866 2094 1048 2135 purgare
1079 2079 1267 2129 solebat,
1311 2078 1551 2128 obseruato,

107 2151 158 2178 ne
190 2138 297 2178 intra
330 2136 449 2178 edem
483 2138 659 2178 halitum
692 2137 914 2191 funderem,
957 2151 1040 2193 quo
1074 2137 1245 2192 quocies
1290 2135 1548 2190 capessendo

105 2196 172 2236 uel
206 2195 436 2236 emittendo
470 2209 576 2250 opus
606 2195 801 2261 habebat,
835 2196 966 2237 tocies
990 2195 1040 2235 ad
1068 2197 1236 2236 ianuam
1261 2195 1550 2249 procuri-ebat,

105 2266 156 2293 ne
189 2253 385 2294 uidelicet
418 2253 482 2294 dei
514 2254 735 2308 presencia
766 2254 954 2294 mortalis
988 2253 1159 2308 spiritus
1194 2252 1392 2306 contagio
1415 2251 1552 2307 pollu-

106 2314 258 2353 eretur.
292 2311 470 2352 Postero
488 2310 570 2364 die,
594 2312 753 2377 populo
775 2326 846 2366 pre
864 2311 1025 2352 foribus
1044 2310 1297 2361 excubante,
1316 2310 1549 2350 detractum

105 2368 327 2410 simulacro
360 2369 558 2423 poculum
604 2369 807 2410 curiosius
850 2370 1116 2421 speculatus
1158 2367 1293 2421 siquid
1335 2382 1388 2408 ex
1428 2367 1551 2408 inditi

106 2427 279 2481 liquoris
325 2441 516 2468 mensura
563 2428 826 2468 subtractum
872 2427 1042 2479 fuisset,
1090 2425 1143 2465 ad
1190 2426 1404 2479 sequentis
1450 2426 1548 2466 anni

104 2485 286 2539 inopiam
320 2485 531 2539 pertinere
564 2485 754 2540 putabat.
809 2484 903 2532 Quo
928 2487 1144 2535 annotato,
1166 2487 1386 2537 presentes
1407 2482 1549 2536 fruges

107 2542 147 2582 in
179 2547 394 2596 posterum
418 2548 585 2596 tempus
608 2543 819 2584 asserii-ari
843 2543 1027 2584 iubebat.
1083 2540 1127 2595 Si
1149 2541 1248 2581 nihil
1271 2555 1324 2581 ex
1347 2546 1549 2582 consuete

103 2599 377 2643 fecunditatis
410 2600 557 2643 habitu
592 2601 841 2642 diminutum
882 2599 1083 2654 uidisset,
1127 2603 1308 2640 uentura
1348 2612 1549 2652 agrorum

1620 468 1714 502 (320)

1607 1514 1633 1539 p,
1654 1505 1707 1531 324
