1884 3126
1406 193 1483 224 XLI

37 324 210 365 Luam-tq
236 323 310 365 (Jo.
331 322 434 356 Petri
459 321 519 363 de)
544 319 738 364 Reliquiae
755 317 1088 361 Manuscriptorum
1113 314 1228 349 omnis
1255 314 1337 347 aevi
1366 312 1485 356 diplo-

171 373 307 404 matum
332 380 374 403 ac
401 369 725 404 monumentorum,
751 364 971 398 ineditorum
998 361 1128 397 adhuc.
1179 361 1294 394 Tomo
1313 359 1364 392 IX
1393 385 1400 392 .
1423 385 1428 390 .
1449 384 1456 391 .
1477 383 1484 390 .

172 415 406 450 Francofurti
432 418 467 449 et
491 413 652 458 Lipsiae,
681 413 780 445 1731.
825 411 872 444 8⁰.

33 473 269 519 [Luoedorph,
294 474 398 507 Bolle
424 468 602 514 Willum]
628 470 790 504 Nuoleus
817 467 1084 511 Clironologiae.
1135 466 1207 499 Det
1233 475 1291 499 er:
1320 464 1483 498 Chrono-

170 521 314 565 logiens
334 520 482 561 Kierne,
509 520 604 558 isaer,
624 516 770 550 saavidt
795 515 866 548 den
892 525 1056 558 angaaer
1084 512 1127 547 de
1154 512 1283 545 trende
1301 510 1485 544 Nordiske

170 568 296 611 Riger.
349 566 406 599 Til
430 565 570 599 Publici
610 563 735 597 videre
767 562 881 606 Nytte
918 562 1033 594 haver
1067 571 1151 592 man
1189 558 1291 601 foyet
1329 559 1364 591 et
1401 557 1485 590 kort

171 614 296 657 Udtog
323 612 363 646 af
386 611 456 645 den
474 609 852 655 Kg1.For0rdninger
879 605 1095 651 angaaende
1124 605 1156 638 d.
1176 603 1326 647 Stempl.
1346 603 1485 647 Papiir,

171 662 265 693 samt
290 659 382 692 Dom
409 669 457 702 og
483 656 724 700 Brev-Penge
750 666 794 688 m.
822 666 853 688 v.
905 654 999 687 Kbh.
1029 649 1162 694 [1755]

35 719 340 762 Lttxdorphessanm
356 717 445 751 eller
463 716 603 759 Bidrag
628 715 670 748 til
695 714 766 747 den
784 712 924 746 danske
941 709 1269 751 Literairhistorie,
1294 707 1486 751 uddragne

171 765 212 799 af
234 765 337 798 Bolle
362 763 512 796 Willum
528 761 749 805 Liixdorphs
776 759 972 793 efterladte
991 756 1200 799 Samlinger
1226 754 1288 796 (ed
1325 754 1367 787 R.
1387 753 1486 796 Nyc-

171 810 264 855 rup).
314 810 558 854 Kjobenhavn
593 810 693 841 1791.
736 808 782 840 80.
833 805 867 838 S.
897 805 1105 838 115—118.
1132 803 1341 835 469—471.
1370 802 1489 833 473—

174 859 250 890 474.

36 916 269 960 Lyschandri
287 914 460 957 (Claudii)
480 914 523 947 de
543 912 783 957 scriptoribus
802 910 952 944 Danicis
978 908 1134 942 libellus.
1166 909 1226 940 In:
1252 906 1487 940 Monumenta

172 962 312 995 inedita
361 972 482 995 rerum
531 959 832 993 Germanicarum
900 956 1084 1000 praecipue
1143 953 1406 987 Cimbricarum
1455 954 1492 984 et

171 1007 525 1052 Megalopolensium
551 1032 558 1039 .
578 1033 585 1040 .
607 1031 614 1038 .
642 1005 719 1038 erui
746 1003 885 1038 studuit
920 1002 1139 1045 notulasque
1174 1000 1311 1043 adjecit
1346 1000 1381 1030 et
1407 1008 1488 1031 cum

171 1055 388 1098 praefatione
443 1053 616 1086 instruxit
666 1052 844 1084 Ernestus
887 1049 1103 1083 Joachimus
1145 1047 1190 1080 dc
1233 1044 1486 1088 WVestphalen.

172 1101 305 1145 Tomus
331 1100 399 1133 III.
447 1098 583 1143 Lipsiae
608 1097 868 1145 impens'is'Jo.
896 1094 1096 1129 Christiani
1123 1093 1270 1127 Martini
1301 1093 1401 1124 1743.
1441 1090 1486 1123 4⁰.

171 1147 256 1181 mai.
282 1147 349 1181 col.
377 1145 456 1179 40³4.

37 1204 273 1251 Lyschancler
308 1203 518 1245 (Johann.),
552 1202 821 1245 Antiquitatum
843 1200 1065 1233 Danicarum
1102 1207 1288 1231 sermones
1317 1194 1416 1228 xvi.
1444 1205 1488 1227 ex

172 1251 388 1295 Bojoaricae
422 1249 610 1283 Historiae
649 1248 705 1281 Jo.
742 1247 917 1281 Aventini
953 1245 1031 1279 Lib.
1060 1245 1086 1277 I.
1127 1243 1272 1282 selecti,
1310 1245 1346 1275 et
1384 1241 1490 1274 novis

175 1296 445 1331 commentariis
473 1296 530 1329 Jo.
555 1294 785 1339 Lyschandri
811 1293 997 1334 illustrati,
1024 1291 1113 1325 editi
1139 1301 1254 1334 opera
1280 1288 1378 1322 Erici
1408 1287 1491 1321 olai

173 1343 320 1376 Tormii.
370 1342 530 1376 Hafniae
558 1343 656 1375 1642.
707 1341 755 1374 4⁰.
972 1357 974 1359 ·

37 1402 273 1445 Lysa-hamler
299 1400 407 1441 (Olav
439 1398 775 1443 Christopherson),
802 1397 976 1442 Synopsis
1004 1397 1226 1430 Danicarum
1251 1393 1487 1428 historiarum

173 1448 262 1481 elIer
280 1447 429 1481 Danske
452 1446 622 1490 Kongers
649 1445 870 1489 Slaegtebog.
921 1443 1167 1487 Kjobenhavn
1195 1443 1292 1474 1622.
1343 1439 1387 1472 40-

36 1494 208 1539 Lysholm
247 1493 500 1535 (Fredericus,
539 1492 717 1526 Johannis
758 1491 836 1533 R),
874 1490 1099 1524 Exercitium
1132 1488 1368 1527 historicum,
1412 1484 1487 1518 sive

174 1540 312 1574 Theses
339 1539 595 1583 apologeticae
621 1549 689 1582 pro
716 1537 859 1572 Saxone
886 1536 1145 1570 Grammatico.
1198 1536 1295 1568 1712Δ
1346 1533 1392 1565 4⁰.

34 1587 79 1620 M.
108 1586 153 1620 G.
179 1599 222 1614 =
247 1586 482 1620 Monumenta
508 1584 729 1618 Germaniae
754 1583 932 1617 historica
959 1582 1013 1616 ed.
1033 1582 1151 1615 Pertz.
1203 1580 1419 1621 Scriptores.

34 1632 203 1675 Mayirus
228 1632 409 1674 (Tobias‘),
436 1631 767 1675 Eponymologium
792 1630 969 1663 criticum.
1019 1627 1255 1662 Francofurti
1291 1627 1388 1658 1644.
1439 1623 1486 1656 4⁰.

171 1678 407 1713 Francofurti
434 1681 470 1711 et
495 1676 630 1721 Lipsiae
660 1678 759 1710 1687.
810 1677 858 1709 4⁰.

36 1736 193 1778 Mafflms
212 1735 434 1778 (Joannes)],
453 1735 656 1769 Gothorum
675 1734 928 1777 Sveonumque
946 1732 1113 1766 Historia
1130 1734 1258 1765 autore
1277 1730 1334 1763 Jo.
1352 1729 1488 1772 Magno

171 1782 292 1816 Gotho
319 1782 599 1826 archiepiscopo
633 1781 831 1825 Vpsalensi
860 1779 898 1821 Η·
923 1778 1037 1821 1544}
1091 1778 1313 1822 Impressum
1349 1776 1488 1808 Romae

174 1829 272 1872 apud
304 1829 478 1863 Ioannem
511 1828 666 1861 Mariam
702 1827 747 1860 de
782 1826 919 1860 Viottis
944 1825 1180 1859 Parmensem
1215 1824 1252 1856 in
1285 1822 1436 1857 aedibus
1463 1832 1490 1854 s.

172 1875 340 1919 Birgittae
373 1885 467 1908 anno
502 1874 524 1907 a
559 1873 704 1907 Christo
739 1876 826 1906 nato
860 1872 908 1905 M.
935 1870 1111 1905 D.L111[
1146 1880 1269 1904 mense
1306 1868 1489 1903 Ianuario.

174 1920 331 1955 Scdente
357 1920 451 1955 Iulio
471 1920 537 1954 ΙΙΙ.
575 1920 681 1953 Pont.
707 1919 804 1953 Max.
823 1917 1064 1952 Pontificatus
1091 1916 1178 1950 vero
1205 1916 1368 1950 eiusdem
1394 1925 1488 1949 anno

175 1970 316 2011 quarto.
366 1970 412 2001 6⁰.

38 2045 77 2050 —
105 2025 308 2059 Gothorum
343 2024 595 2068 Sueonumque
629 2022 816 2065 Historia,
843 2033 888 2056 ex
913 2021 1080 2066 probatis
1107 2021 1339 2064 antiquorum
1364 2030 1490 2053 monu-

174 2072 305 2105 mentis
331 2071 495 2111 collecta‚
523 2071 607 2104 &in
623 2069 783 2103 XXIIII.
803 2069 916 2102 libros
941 2067 1106 2110 redacta,
1132 2070 1259 2101 autore
1286 2067 1335 2099 Io.
1355 2066 1491 2110 Magno

173 2117 311 2154 Gotho,
358 2117 649 2161 Arehiepiscopo
690 2115 899 2152 Vosalensi.
969 2113 1057 2147 Cum
1110 2113 1232 2147 Indice
1278 2123 1401 2146 rerum
1449 2123 1491 2146 ac

174 2166 362 2207 gestorum
396 2163 687 2197 memorabilium
722 2161 1009 2205 locupletissimo.
1058 2160 1229 2194 Basileae
1264 2169 1310 2193 ex
1344 2158 1492 2192 officina

174 2210 433 2254 Isingriniana,
460 2220 555 2243 anno
582 2209 604 2242 a
630 2208 778 2242 Christo
803 2210 889 2241 nato
919 2209 1017 2241 1558.
1067 2208 1112 2239 8⁸.

41 2267 198 2309 Maynus
224 2266 382 2310 (Olaus)]
409 2267 577 2301 Historia
595 2266 678 2300 Olai
694 2266 820 2310 Magni
839 2265 951 2299 Gothi
969 2264 1238 2308 archiepiscopi
1256 2263 1487 2308 Vpsalensis,

168 2314 220 2347 (de
254 2313 418 2358 gentium
451 2313 801 2357 Septentrionalium
825 2312 940 2346 uariis
974 2310 1242 2345 conditionibus
1268 2309 1490 2347 statibusiie‚

173 2361 202 2393 ἀ
227 2359 271 2393 de
296 2370 456 2399 morum,
482 2360 628 2402 rituum,
655 2358 968 2402 superstitionum,
998 2357 1269 2397 exercitiorum,
1288 2355 1489 2399 regiminis,

174 2406 394 2450 disciplinae,
433 2406 612 2450 uictusq‘a,
654 2405 814 2438 mirabili
860 2404 1086 2438 diuersitate.
1149 2403 1243 2436 Item
1285 2402 1329 2435 de
1372 2402 1491 2437 bellis,

173 2452 376 2494 structuris,
399 2449 693 2495 instrumentisq'3
717 2450 956 2484 mirabilibus.
1002 2449 1095 2483 Item
1117 2448 1161 2482 de
1186 2448 1336 2481 mineris
1362 2448 1491 2481 metal-

172 2498 265 2540 licis,
292 2498 321 2531 &
346 2498 458 2541 uarijs
486 2498 696 2532 animalium
714 2497 924 2541 generibus,
950 2496 987 2529 in
1011 2496 1085 2528 illis
1111 2494 1324 2538 regionibus
1352 2493 1489 2537 degen-

173 2545 274 2578 tium.
310 2540 423 2588 Opus,
449 2544 614 2578 omnibus
637 2543 853 2587 cuiuscunq3
879 2542 1097 2576 conditionis
1122 2540 1329 2574 hominibus
1356 2550 1490 2584 magno

175 2590 255 2625 usui
277 2590 452 2632 futurum,
483 2601 604 2624 rerum
639 2588 848 2633 cognitione
884 2587 1171 2632 delectationeq'3
1204 2586 1402 2631 refertum,
1429 2596 1492 2622 ex-
