1884 3126
719 214 766 219 —
830 191 920 236 VII
979 217 1034 224 —-
1514 199 1595 240 217

154 317 314 358 cientes
346 316 708 372 suppellectilem,
749 319 844 374 plus
886 319 1102 363 muliebris
1133 322 1225 363 rixe
1265 322 1430 377 iurgiis,
1472 338 1595 378 quam

154 374 339 416 fraterne
373 375 558 417 caritatis
590 375 736 418 officiis
767 377 1047 432 indulgerent.

295 432 377 474 Sed
419 436 461 475 et
500 433 689 488 Frotho,
736 434 877 476 fratris
923 436 1113 479 claritate
1153 437 1384 481 deformem
1424 453 1468 480 se
1507 441 1596 482 fieri

156 494 532 546 contemptumque
563 491 642 533 sibi
673 492 777 534 strui
806 492 1023 547 iudicans,
1065 508 1090 535 a
1120 495 1301 550 quodam
1332 496 1596 540 familiarium

104 564 120 591 5
152 548 317 590 occulte
350 563 447 590 eum
476 549 655 592 interfici
686 550 817 603 iubet,
849 551 975 606 quod,
1009 566 1132 607 quem
1165 557 1276 595 etate
1310 554 1511 606 uinceret,
1543 556 1595 598 ab

153 621 203 648 eo
237 621 282 648 se
315 607 475 650 uirtute
508 609 701 663 superari
729 607 907 651 uideret.
971 609 1065 658 Quo
1108 616 1293 666 peracto,
1320 626 1371 653 ne
1402 613 1540 655 scelus
1572 629 1595 655 a

154 664 322 707 conscio
345 664 610 720 proderetur,
628 666 873 708 insidiarum
894 669 1129 709 ministrum
1152 670 1278 711 tacite
1301 670 1594 713 trucidandum

152 723 328 765 curauit.
372 723 478 769 Post
509 723 600 775 hec,
632 729 679 766 ut
705 725 951 767 innocencie
975 726 1054 767 sibi
1075 726 1199 768 fidem
1222 732 1401 781 pareret,
1432 734 1596 770 notam-

152 795 234 838 que
265 782 434 823 seeleris
479 783 679 836 euitaret,
724 783 916 838 quisnam
957 798 1093 826 rerum
1137 798 1257 826 casus
1302 785 1473 841 inopina
1505 801 1596 841 ger-

87 855 120 882 10
150 854 321 881 manum
354 840 472 882 clade
504 840 747 894 sustulerit,
787 842 919 883 lacius
962 843 1209 898 inuestigari
1249 844 1451 898 precepit.
1513 844 1595 886 Sed

152 911 294 954 neque
325 902 389 940 tot
421 898 580 940 artibus
612 900 818 954 perficere
858 900 1020 955 potuit,
1063 915 1144 956 quo
1176 901 1311 943 minus
1344 916 1438 943 eum
1471 903 1596 944 tacita

153 956 271 1010 uulgi
302 961 473 998 notaret
506 957 662 1012 opinio.
725 958 761 999 A
795 972 878 1014 quo
911 963 1008 1014 post
1052 959 1222 1000 modum
1253 958 1462 1006 Karolus,
1505 961 1595 1016 quis

152 1014 390 1056 Haraldum
425 1015 660 1069 occidisset,
693 1021 881 1071 rogatuS,
915 1017 1228 1059 dissimulanter
1258 1017 1312 1058 ab
1346 1032 1395 1059 eo
1419 1023 1517 1060 note
1540 1019 1597 1060 rei
1654 1021 1658 1024 ⁴

152 1073 417 1129 questionem
440 1074 509 1129 agi
533 1074 765 1130 respondit.
809 1075 903 1123 Quo
936 1075 1045 1117 dicto
1068 1075 1212 1117 mortis
1236 1089 1402 1116 causam
1426 1076 1594 1127 adciuit,

86 1145 118 1172 15
147 1131 365 1174 Frothone
406 1132 711 1187 exprobratum
749 1133 826 1174 sibi
858 1134 1040 1175 latenter
1072 1133 1337 1189 parricidium
1368 1134 1592 1177 iudicante.

288 1190 394 1232 Post
435 1191 514 1231 hec
552 1189 768 1232 Haraldus
811 1195 852 1232 et
895 1191 1146 1246 Haldanus,
1187 1190 1364 1232 Haraldi
1403 1193 1497 1245 filii,
1542 1207 1594 1234 ex

151 1249 315 1304 Sygne,
356 1248 505 1290 Karoli
532 1249 537 1300 1
565 1249 670 1301 filia,
719 1249 926 1304 suscepti,
974 1264 1067 1291 cum
1111 1249 1164 1290 ad
1197 1247 1341 1291 neceni
1382 1265 1407 1291 a
1447 1255 1594 1305 patruo

150 1312 450 1362 quererentur,
491 1307 544 1348 ab
587 1321 734 1349 eorum
774 1308 983 1349 tutoribus
1027 1307 1215 1349 callidior
1247 1308 1550 1349 seruandorum
1583 1306 1593 1363 Η

150 1365 405 1420 pupillorum
447 1366 561 1406 racio
603 1366 847 1420 excogita-ta
890 1371 965 1407 est.
1026 1365 1136 1408 Nam
1183 1371 1353 1407 truncos
1395 1366 1590 1421 luporum

82 1436 117 1463 ‘20
148 1437 312 1477 ungues
344 1423 594 1465 subtellibus
639 1427 936 1477 annectentes,
979 1424 1223 1479 contiguum
1254 1424 1476 1478 penatibus
1508 1426 1590 1465 suis

149 1482 284 1523 lutum
317 1481 598 1537 obfusamque
630 1482 798 1524 niuibus
832 1482 1004 1523 humum
1038 1482 1190 1523 crebris
1219 1481 1463 1523 decursibus
1493 1497 1591 1523 exa-

149 1555 243 1581 rare
277 1544 493 1595 ceperunt,
524 1540 647 1581 ferini
680 1540 867 1582 incessus
899 1541 1080 1595 speciem
1111 1539 1326 1594 prebituri.
1368 1540 1472 1582 Post
1506 1540 1590 1590 hec,

150 1597 367 1640 trucidatis
400 1598 648 1640 ancillarum
679 1598 834 1650 liberis,
864 1612 1094 1653 eorumque
1122 1597 1362 1652 corporibus
1384 1597 1590 1639 frustatim

148 1656 383 1711 discerptis,
415 1656 553 1698 lacera
583 1657 737 1712 passim
770 1657 957 1698 membra
989 1656 1209 1697 disiieiunt.
1261 1655 1422 1709 Itaque,
1454 1657 1590 1710 requi-

79 1725 114 1753 ‘25
146 1716 234 1756 sitis
279 1713 621 1756 adolescentibus
671 1728 749 1755 nee
788 1715 993 1767 inuentis,
1035 1714 1117 1755 fusi
1158 1714 1422 1767 reperiuntur
1461 1718 1589 1762 artus,

148 1773 332 1814 ferarum
364 1773 543 1827 uestigia
575 1773 931 1825 demonstrantur,
963 1772 1086 1814 tellus
1115 1786 1264 1813 eruore
1288 1771 1473 1812 delibuta
1495 1786 1590 1812 con-

145 1831 333 1886 spicitur.
377 1830 595 1872 Creditum
627 1836 704 1884 est,
736 1844 892 1885 pueros
924 1830 1068 1886 lupina
1099 1829 1281 1884 ingluuie
1305 1834 1589 1883 consumptos,

149 1903 226 1930 nec
257 1890 452 1944 cuiquam
483 1889 572 1931 fere
603 1889 655 1931 de
687 1894 771 1930 tam
806 1888 1027 1930 manifesto
1051 1887 1322 1929 laceracionis
1344 1894 1589 1940 argumento

148 1946 344 1989 dubitare
377 1961 638 2000 concessum.
702 1947 831 1988 Cuius
864 1947 1094 2000 spectaculi
1125 1944 1228 1986 fides
1258 1946 1426 2000 pupillis
1458 1945 1588 1999 presi-

79 2018 115 2044 30
147 2005 214 2046 dio
236 2004 326 2047 fuit.
369 2005 453 2053 Qui
474 2020 574 2047 mox
597 2020 621 2047 a
643 2005 856 2047 tutoribus
888 2019 993 2046 caua
1024 2004 1211 2044 conclusi
1242 2003 1350 2056 ilice,
1383 2017 1435 2043 ne
1458 2002 1587 2042 ullum

146 2063 234 2104 uite
256 2076 401 2105 eorum
433 2063 634 2105 indicium
667 2063 877 2116 ederetur,
911 2063 983 2104 diu
1004 2062 1081 2104 sub
1104 2076 1250 2103 eanum
1273 2062 1413 2116 speeie
1435 2061 1588 2102 nutrie-

147 2121 323 2175 bantur-3
355 2122 586 2164 latrantum
619 2135 789 2177 quoque
820 2121 878 2163 eis
911 2120 1119 2162 uocabula
1150 2119 1303 2171 indita,
1337 2133 1419 2174 quo
1452 2118 1588 2159 minus

146 2180 372 2222 latencium
406 2180 547 2235 opinio
581 2181 843 2234 uulgaretur.
905 2178 1028 2221 Solus
1062 2178 1231 2227 Frotho,
1268 2177 1411 2218 mortis
1442 2190 1587 2218 eorum

146 2237 229 2280 fide
269 2237 514 2293 repudiata,
560 2238 724 2280 latebre
770 2238 908 2279 locum
951 2251 1003 2278 ex
1045 2237 1181 2291 perita
1225 2236 1390 2289 augurii
1431 2234 1587 2276 femina

78 2308 114 2335 35
146 2310 400 2351 cognoscere
439 2297 605 2338 institit.
670 2295 800 2337 Cuius
832 2294 1087 2337 *carm'mum
1131 2297 1251 2335 tanta
1293 2293 1356 2334 uis
1389 2296 1500 2344 erat,
1543 2296 1587 2332 ut

147 2368 249 2402 rem,
274 2352 537 2409 quantalibet
563 2353 773 2396 nodorum
805 2353 1076 2395 consercione
1108 2351 1349 2407 perplexam
1384 2365 1406 2391 e
1428 2349 1588 2401 longin-

147 2426 230 2467 quo
254 2412 334 2453 soli
356 2412 433 2454 sibi
457 2412 727 2468 conspicuam
753 2411 806 2453 ad
838 2415 1081 2452 contactum
1112 2422 1289 2452 euocare
1320 2422 1444 2463 posse
1473 2407 1588 2447 uide-

147 2475 275 2512 retur.
331 2469 426 2511 Hec
456 2470 705 2525 Regnonem
738 2469 947 2525 quendam
980 2469 1143 2518 occulte
1177 2467 1285 2507 circa
1314 2466 1406 2507 illos
1438 2465 1588 2507 educa·-

147 2528 275 2570 eionis
308 2527 494 2570 officium
525 2529 739 2584 peregisse
772 2541 927 2582 eosque
958 2526 1139 2581 tegende
1171 2524 1229 2565 rei
1253 2523 1393 2579 gracia
1429 2522 1587 2564 caninis

78 2599 114 2627 40
146 2586 361 2634 censuisse
392 2586 634 2628 nominibus
666 2586 897 2628 astruebat.
961 2584 1041 2633 Qui
1072 2598 1165 2625 cum
1198 2595 1242 2624 se
1272 2581 1471 2623 inusitata
1502 2593 1589 2622 car-

1650 1266 1676 1290 p.
1694 1257 1739 1283 321

1664 1313 1754 1346 (121)

1643 2295 1746 2324 LXVa
