1884 3126
161 891 195 917 10

161 1181 195 1209 15

158 1471 195 1498 20

159 1761 196 1788 25

160 2048 197 2075 30

160 2338 196 2365 35

160 2626 197 2653 40

228 232 312 273 182
804 257 858 262 ——
918 231 983 273 VI
1043 255 1096 261 -

228 358 354 400 enixa
406 363 491 410 est,
540 358 594 399 ab
641 357 794 399 eximia
823 357 828 410 Ι
856 362 1119 399 mutuantem
1170 358 1368 412 largitate
1419 372 1668 412 cognomen.

226 417 381 472 Itaque
410 416 569 458 Frotho
613 416 665 457 ob
706 416 819 458 auito
859 416 1069 458 felicitatis
1112 417 1381 469 memoriam,
1428 431 1551 471 quam
1593 431 1670 459 suo

226 475 396 516 nomine
427 473 652 521 referebat,
684 473 736 515 ab
767 474 1032 515 incunabulis
1073 474 1299 529 primisque
1346 474 1527 515 infancie
1556 474 1670 517 rudi-

227 532 378 574 mentis
409 531 516 573 adeo
550 532 710 573 cunctis
744 546 864 573 carus
897 532 1053 585 euasit,
1097 538 1145 573 ut
1176 546 1228 573 ne
1262 531 1377 573 humi
1409 531 1580 587 quidem
1611 533 1671 574 in-

227 590 379 632 cedere
413 595 484 631 aut
516 589 746 632 consistere
779 591 1002 642 toleratus,
1045 589 1138 630 sinu
1170 590 1325 644 iugiter
1357 595 1484 645 atque
1517 591 1670 632 osculis

227 647 461 690 foueretur.
503 647 570 688 Ita
599 661 682 689 non
716 648 787 688 uni
820 647 946 689 modo
969 647 1191 702 pedagogo
1214 646 1421 700 addictus,
1453 648 1524 689 sed
1553 649 1672 703 quasi

229 706 459 748 communis
481 706 665 747 omnium
685 705 880 747 alumnus
904 705 1111 747 exstabat.
1153 705 1369 747 Defuncto
1403 719 1504 746 uero
1537 711 1671 762 patre,

228 777 322 805 cum
355 762 652 805 duodecimum
686 764 810 804 etatis
853 778 1011 804 annum
1049 768 1218 818 ageret,
1261 763 1447 805 saxonie
1487 764 1671 818 regulos,

228 821 499 876 Suertingum
534 826 574 862 et
610 821 854 875 Haneuum,
885 820 1107 875 imperium
1133 820 1412 863 detrectantes
1443 835 1491 862 ac
1528 822 1671 876 palam

226 878 434 921 rebellare
481 879 698 931 connisos,
745 879 834 920 acie
880 879 1121 934 superauit,
1169 878 1429 934 deuictisque
1475 879 1672 933 gentibus

228 936 445 979 seruitutis
491 937 663 978 nomine
708 936 918 991 pendendi
965 950 1040 992 pro
1083 937 1221 992 capite
1266 936 1425 978 nummi
1471 937 1671 979 mulctam

228 994 394 1037 inflixit.
437 994 558 1036 Adeo
589 1007 771 1049 namque
802 994 985 1035 liberalis
1017 994 1171 1048 extitit,
1202 998 1249 1035 ut
1279 994 1439 1036 recenti
1464 995 1672 1048 largitatis

230 1052 536 1094 consuetudine
582 1052 720 1108 prisca
768 1052 922 1094 milicie
963 1051 1172 1107 stipendia
1215 1051 1462 1107 duplicaret.
1522 1052 1673 1108 Neque

230 1110 341 1152 enim
371 1125 418 1152 se
450 1114 726 1165 tyrannorum
758 1124 873 1152 more
907 1110 1199 1152 communibus
1231 1110 1438 1151 uiciorum
1463 1110 1672 1163 illecebris

230 1167 476 1217 obiiciebat,
517 1168 590 1210 sed
634 1167 830 1223 quicquid
880 1168 1094 1210 honestati
1126 1168 1365 1223 proximum
1408 1168 1672 1223 peruidebat,

229 1225 427 1267 ardenter
458 1230 672 1282 appetere,
706 1239 807 1281 opes
839 1226 879 1267 in
912 1226 1140 1281 propatulo
1173 1225 1357 1278 habere,
1390 1231 1555 1269 ceteros
1590 1228 1672 1268 lar-

227 1283 382 1338 giendo
405 1297 663 1338 precurrere,
697 1297 843 1326 omnes
866 1283 1139 1325 humanitatis
1165 1283 1311 1326 officiis
1344 1284 1593 1327 anteuenire
1617 1289 1671 1337 et,

229 1341 342 1396 quod
365 1341 655 1383 difficillimum
681 1347 756 1392 est,
780 1341 936 1383 uirtute
957 1341 1159 1383 inuidiam
1182 1341 1352 1384 uincere
1376 1341 1671 1384 contendebat.

230 1399 360 1441 Cuius
391 1400 452 1441 rei
483 1400 625 1454 gracia
658 1400 778 1441 breui
809 1405 969 1441 tantam
1002 1400 1115 1456 apud
1147 1413 1291 1442 omnes
1325 1399 1558 1442 claritatem
1580 1415 1673 1443 con-

226 1457 371 1509 traxit,
403 1462 449 1498 ut
481 1457 826 1500 adolescentulus
871 1471 956 1499 non
990 1457 1115 1499 modo
1147 1458 1260 1499 fama
1291 1458 1496 1500 maiorum
1528 1459 1673 1500 titulos

228 1519 472 1570 exequaret,
503 1516 579 1558 sed
612 1516 746 1557 eciam
777 1516 1062 1558 uetustissima
1094 1530 1242 1571 regum
1274 1516 1532 1558 monimenta
1560 1520 1672 1558 tran-

229 1572 464 1615 scenderet.

365 1630 522 1672 Iisdem
573 1631 835 1687 temporibus
883 1631 1182 1674 Sta'rcatherus
1220 1631 1403 1688 quidam,
1452 1631 1672 1674 Storuerki

230 1688 352 1741 filius,
383 1688 631 1743 periclitatis
663 1689 885 1744 naufragio
918 1690 1055 1742 sociis,
1086 1691 1200 1731 solus
1234 1690 1277 1731 ui
1308 1693 1381 1731 aut
1410 1689 1581 1731 fortuna
1604 1690 1673 1732 de-

227 1746 388 1802 lapsuS,
420 1747 472 1789 ob
503 1746 791 1790 incredibilem
823 1748 1010 1802 corporis
1042 1748 1254 1802 animique
1286 1748 1564 1802 prestanciam
1598 1748 1672 1790 ho-

229 1817 325 1859 spes
357 1818 382 1845 a
413 1804 625 1847 Frothone
672 1805 895 1861 colligitur.
959 1805 1090 1847 Cuius
1122 1819 1216 1847 cum
1248 1804 1491 1860 aliquandiu
1526 1811 1673 1849 contu-

229 1861 447 1904 bernalem
489 1862 664 1917 egisset,
708 1864 749 1904 in
795 1863 883 1906 dies
929 1863 1086 1905 culcius
1133 1877 1183 1904 ac
1223 1862 1447 1905 decencius
1487 1862 1671 1917 habitus,

228 1919 398 1961 tandem
430 1921 620 1975 specioso
654 1920 835 1963 donatus
867 1921 1056 1976 nauigio,
1088 1921 1316 1962 maritimas
1349 1920 1548 1963 excubias
1578 1935 1671 1977 pro-

230 1977 418 2019 curando
441 1978 663 2033 piraticum
686 1993 841 2020 munus
872 1979 1034 2034 agitare
1064 1978 1305 2034 precipitur.
1348 1978 1566 2033 Siquidem
1599 1995 1672 2022 ex-

228 2034 456 2077 cellencius
488 2036 674 2077 humano
707 2037 856 2078 habitu
887 2050 1039 2091 corpus
1072 2051 1096 2077 a
1127 2041 1280 2078 natura
1311 2037 1510 2090 sortitus,
1541 2037 1599 2078 ita
1629 2037 1670 2079 id

229 2093 354 2134 animi
402 2094 694 2148 magnitudine
740 2094 944 2149 equabat,
992 2098 1038 2135 ut
1080 2094 1182 2135 nulli
1231 2092 1471 2136 mortalium
1515 2094 1672 2137 uirtute

230 2150 382 2193 cedere
414 2149 664 2207 putareltur.
729 2151 858 2194 Cuius
889 2157 975 2194 tam
1007 2152 1092 2194 late
1122 2151 1269 2208 patens
1302 2151 1469 2199 claritas
1501 2152 1594 2204 fuit,
1627 2157 1673 2194 ut

229 2208 367 2250 adhuc
383 2222 553 2266 quoque
586 2210 856 2252 celeberrima
876 2209 1082 2252 factorum
1106 2210 1121 2264 ΙΙ
1145 2210 1232 2252 eius
1254 2224 1303 2251 ac
1323 2210 1504 2252 nominis
1528 2210 1669 2266 opinio

228 2271 486 2323 perseueret.
528 2266 681 2324 Neque
712 2269 822 2310 enim
853 2268 992 2311 solum
1023 2267 1136 2323 apud
1169 2272 1335 2310 nostros
1367 2269 1547 2323 egregiis
1570 2282 1668 2324 ope-

227 2339 322 2366 ium
344 2325 476 2367 titulis
498 2325 791 2379 choruscabat,
825 2340 971 2368 uerum
996 2326 1127 2368 eciam
1150 2325 1263 2382 apud
1287 2340 1432 2368 omnes
1455 2326 1671 2368 Sueonum

229 2382 531 2439 Saxonumque
563 2383 802 2439 prouincias
844 2384 1152 2450 speciosissima
1183 2384 1263 2426 sibi
1294 2389 1569 2426 monumenta
1598 2399 1670 2440 pe-

228 2445 410 2495 pererat
471 2440 600 2483 Hunc
642 2442 684 2483 in
726 2456 777 2483 ea
818 2442 1014 2497 regione,
1053 2455 1134 2497 que
1177 2441 1371 2484 Sueciam
1414 2442 1467 2483 ab
1509 2442 1671 2484 oriente

229 2498 535 2553 complectitur,
570 2514 784 2556 quamque
814 2513 927 2544 nunc
942 2499 1147 2542 Estonum
1180 2499 1443 2555 aliarumque
1474 2500 1669 2554 gencium

227 2569 452 2598 numerosa
483 2556 697 2599 barbaries
730 2553 838 2600 latis
857 2557 1028 2600 sedibus
1071 2561 1209 2611 tenet,
1252 2557 1456 2611 originem
1485 2557 1669 2611 duxisse,

228 2614 431 2662 memorie
470 2613 685 2671 proditum
728 2619 906 2665 constat.
967 2615 1186 2665 Fabulosa
1227 2619 1372 2663 autem
1411 2619 1453 2657 et
1482 2615 1669 2673 uulgaris

1725 381 1751 404 p.
1771 372 1822 398 273

1727 2173 1754 2197 p.
1773 2164 1824 2190 274

1733 2220 1825 2255 (103)
