1884 3126
649 347 702 353 —
765 322 903 364 XIIII
964 345 1016 351 ——
1475 322 1558 364 633

105 454 279 502 uectus,
313 449 500 491 Iulinum
532 450 757 506 oppidum,
801 450 1037 492 incolarum
1078 449 1183 505 fuga
1227 450 1466 505 desertum,
1496 450 1559 493 in-

106 507 255 549 cendio
287 511 436 560 tentat,
471 508 660 550 Henrico
685 508 903 550 Diminum
937 508 1159 551 obsidione
1189 509 1430 564 complexo.
1476 509 1558 558 Qui

106 580 201 608 cum
234 567 604 622 expugnacionem
635 566 807 609 dubiam
841 566 1141 623 difficilemque
1184 566 1557 622 animaduerteret,

106 638 287 678 amnem,
321 626 392 680 qui
424 630 562 667 castra
583 639 658 667 sua
681 639 705 666 a
726 625 921 667 menibus
944 624 1176 678 diuidebat,
1204 630 1453 668 transuerso
1486 625 1558 668 de-

57 697 73 724 5
106 682 281 724 ductum
327 684 477 736 alueo,
518 683 751 726 remociore
793 697 917 724 cursu
949 683 1095 725 urbem
1139 683 1372 738 preterlabi
1403 684 1557 740 coegit,

108 740 202 789 Quo
234 741 351 782 facto
383 742 569 783 hostium
602 741 731 784 muris
763 755 971 784 summam
1003 740 1262 783 defensionis
1301 755 1427 798 opem
1460 756 1558 784 con-

106 798 278 851 ciliauit,
311 800 543 854 presidium
574 799 663 841 eius
694 813 772 855 pro
807 800 1132 856 oppugnacione
1174 800 1357 842 molitus.
1419 799 1483 841 Ea
1512 814 1558 842 re

106 857 310 899 effectum
335 861 410 907 est,
433 862 481 899 ut
502 862 639 900 actam
673 861 809 900 estate
834 857 1098 900 obsidionem
1120 862 1326 900 autumno
1352 858 1557 913 inglorius

106 915 307 957 solueret.
380 915 510 959 Cuius
552 916 854 959 discessionem
893 915 1115 957 fortuitum
1154 916 1269 958 urbis
1314 916 1556 959 incendium

34 986 73 1014 10
105 973 378 1015 subsecutum
412 978 490 1028 est,
522 975 608 1017 suis
640 974 801 1016 uiribus
823 974 1035 1016 tribuente
1067 973 1248 1028 fortuna,
1282 975 1396 1029 quod
1421 974 1556 1017 Saxo-

105 1031 209 1073 nicis
242 1031 408 1074 deferre
441 1033 616 1086 dignata
648 1047 729 1075 non
752 1033 906 1075 fuerat.
958 1031 1119 1074 Eadem
1143 1032 1389 1087 benigniore
1410 1033 1557 1075 Danos

103 1090 263 1131 lumine
287 1092 587 1146 contemplata,
619 1091 854 1134 eorundem
875 1091 1107 1132 ministerio
1132 1089 1375 1133 Criztouam
1409 1091 1557 1133 urbem

105 1149 367 1203 conflagrare
406 1149 620 1206 permisit,
663 1149 887 1205 indigenas
927 1163 1054 1202 uero,
1095 1154 1229 1190 metu
1251 1149 1471 1215 palantes,
1503 1149 1556 1191 ad

104 1206 199 1248 loca
221 1206 447 1262 paludibus
470 1207 609 1249 obsita
631 1208 784 1249 uirium
806 1207 952 1263 inopia
975 1207 1205 1263 confugere
1228 1207 1380 1263 coegit.
1428 1207 1554 1256 Quod

35 1278 71 1306 15
104 1264 299 1306 Absalon
333 1266 491 1321 captiui
522 1265 767 1318 cuiusdam,
799 1280 892 1307 cum
924 1265 1055 1307 fratre
1094 1265 1256 1308 minore
1288 1266 1553 1321 coniugeque

106 1326 147 1364 et
177 1323 322 1365 liberis
349 1323 656 1379 comprehensi,
688 1324 843 1366 indicio
868 1328 1086 1379 expertus,
1118 1338 1273 1391 rogare
1306 1339 1400 1366 eum
1431 1324 1555 1380 cepit,

104 1395 157 1422 an
180 1395 299 1422 suam
318 1378 322 1437 Ι
339 1396 600 1438 suorumque
624 1382 864 1424 libertatem
880 1383 1110 1425 latencium
1134 1383 1286 1424 ciuium
1309 1382 1558 1438 prodicione
1613 1398 1639 1422 υ
1660 1387 1714 1414 922

104 1440 282 1481 mercari
305 1445 495 1495 cuperet.
534 1440 624 1482 Ille
658 1440 949 1482 condicionem
972 1440 1124 1495 cupide
1156 1445 1319 1496 pactus,
1352 1454 1398 1482 se
1417 1440 1556 1495 ipsum

103 1497 374 1540 terrestribus
417 1499 549 1554 copiis
590 1498 817 1554 petendam
851 1498 1050 1554 paludem
1085 1500 1339 1549 cincturum,
1382 1498 1556 1540 fratrem

32 1568 70 1596 20
102 1569 207 1597 uero
239 1556 505 1611 nauigaturis
536 1555 688 1599 ducem
719 1557 942 1612 promittit.
1005 1556 1073 1599 Sic
1105 1557 1214 1599 enim
1247 1557 1450 1610 Sclauos,
1483 1570 1555 1598 an-

103 1614 219 1669 cipiti
242 1613 347 1670 fuga
364 1615 606 1670 implicitos,
624 1629 832 1671 nusquam
851 1615 1064 1658 dilabendi
1083 1615 1304 1657 materiam
1323 1615 1554 1657 habituros.

101 1671 166 1713 Ea
184 1672 307 1726 palus
326 1687 350 1714 a
374 1673 592 1728 superiore
611 1687 686 1729 per
709 1679 939 1729 angustum
961 1674 1095 1716 amnis
1118 1673 1342 1716 discrimen
1360 1673 1554 1728 abrupta,

102 1729 336 1772 minoribus
369 1730 580 1772 duntaxat
625 1745 797 1773 accessa
839 1732 1021 1787 nauigiis
1067 1736 1170 1773 erat.
1242 1732 1406 1780 Quibus
1453 1732 1554 1772 dum

102 1788 295 1829 Absalon
327 1802 422 1830 eam
451 1792 633 1845 peteret,
666 1803 690 1830 a
713 1790 885 1845 captiuo
908 1803 1094 1832 errorem
1123 1790 1348 1832 simulante
1381 1789 1555 1831 ductum

33 1859 71 1887 25
104 1847 227 1888 minis
261 1848 455 1901 extorsit,
488 1847 730 1903 saltumque
762 1847 1005 1890 meditantis
1038 1848 1190 1890 ceruici
1221 1862 1379 1890 nexum
1410 1847 1554 1889 inferri

103 1905 308 1960 precepit.
370 1905 495 1946 Multi
536 1906 576 1947 in
620 1920 718 1947 eum
761 1921 815 1948 ex
847 1905 1040 1958 Sclauis,
1084 1906 1185 1947 dum
1230 1907 1376 1948 cimbis
1408 1905 1555 1960 fugam

105 1967 345 2017 capessunt,
378 1963 581 2005 incidunt.
635 1964 852 2017 Armenta,
886 1964 939 2005 ab
970 1964 1121 2006 iisdem
1152 1965 1261 2006 inter
1293 1978 1406 2005 mare
1436 1963 1555 2019 palu-

104 2020 287 2076 demque
346 2026 515 2071 coacta,
558 2035 582 2062 a
638 2021 983 2064 Sialandensibus
1023 2030 1157 2078 'capta
1202 2037 1251 2064 ac
1296 2036 1373 2077 per
1416 2025 1553 2063 totum

107 2079 344 2121 exercitum
378 2078 570 2122 distribui
615 2085 762 2122 curata
794 2084 904 2122 sunt.
967 2081 1061 2129 Quo
1093 2095 1159 2122 res
1193 2081 1229 2121 ei
1270 2080 1366 2136 plus
1397 2078 1554 2121 inuidie

34 2149 72 2177 30
102 2136 215 2191 apud
238 2136 376 2179 socios
399 2151 527 2193 quam
549 2138 684 2193 glorie
715 2138 911 2194 quesiuit,
944 2138 1059 2194 quod
1082 2140 1135 2181 ab
1159 2138 1366 2180 uniuersis
1390 2138 1554 2192 capien-

107 2194 208 2235 dum
240 2199 355 2248 erat,
398 2210 423 2236 a
454 2195 553 2237 solis
586 2195 935 2239 Sialandensibus
967 2197 1166 2252 occupari
1198 2196 1397 2237 dicentes.
1460 2194 1554 2243 Quo

105 2251 307 2309 paludem
342 2267 536 2308 egresse,
580 2254 750 2308 quidam
793 2269 847 2297 ex
880 2255 1020 2296 nautis
1065 2254 1369 2310 petulancioris
1408 2254 1553 2307 lingue

107 2310 256 2352 ducem
297 2311 504 2366 supplicio
548 2312 724 2367 dignum
765 2327 842 2368 per
880 2313 1019 2354 iocum
1064 2313 1235 2363 dixere
1282 2311 1416 2367 quod,
1459 2325 1552 2352 cum

107 2369 430 2424 nauigacionem
461 2374 776 2425 premonstrare
797 2371 815 2422 ΙΙ
837 2371 1058 2423 deberet,
1047 2371 1334 2426 lgnoranciam
1370 2368 1553 2422 finxerit,
1610 2378 1703 2413 (360)

36 2438 72 2466 35
103 2427 444 2482 promissumque
500 2442 621 2470 suum
674 2432 844 2471 secutos
895 2429 1095 2470 simulato
1155 2441 1297 2470 errore
1344 2426 1553 2469 fallendos

106 2485 328 2526 curauerit.
391 2484 483 2538 Ille,
515 2486 708 2528 ludibriis
740 2500 816 2542 pro
850 2486 961 2528 serio
985 2486 1134 2537 ductis,
1164 2486 1318 2542 laqueo
1351 2484 1552 2527 destinari

106 2557 151 2583 se
196 2546 337 2595 ratus,
385 2543 486 2584 dum
531 2558 683 2599 aquam
732 2559 754 2586 e
801 2549 953 2599 stagno
1002 2549 1202 2600 tanquam
1248 2542 1553 2584 mundiciarum

107 2601 252 2655 gracia
278 2603 457 2655 peteret,
488 2602 600 2643 ultro
622 2603 874 2658 precipitato
898 2616 1076 2657 corpore
1096 2601 1358 2657 profundum
1380 2600 1552 2654 insiluit,

108 2659 340 2713 anticipare
371 2658 505 2700 fatum
537 2673 663 2715 quam
695 2664 925 2716 expectare
952 2665 1195 2715 preoptans.
1258 2659 1353 2708 Qua
1386 2658 1554 2700 temeri-

39 2729 75 2756 40
106 2719 195 2758 tate
228 2716 404 2758 dubium
434 2717 617 2773 reliquit,
649 2719 892 2774 perieritne,
925 2732 978 2760 an
1011 2718 1089 2759 sub
1123 2717 1246 2760 undis
1281 2716 1424 2762 saluus
1457 2730 1554 2761 ena-
