1884 3126
707 228 757 236 -—-
819 205 930 251 VIII
993 233 1042 239 ——
1512 212 1594 256 273

208 335 495 378 Biarmenses.
540 335 689 377 Gentis
720 335 911 378 Hiberne
943 338 1131 394 principe
1163 345 1301 395 capt0,

209 395 379 436 Dufline
410 393 646 449 populabar
679 407 805 447 opes,
837 409 1087 451 semperque
1117 397 1305 438 manebit

210 451 369 494 Nostra
401 451 662 493 Brawellinis
694 452 828 493 uirtus
860 459 1085 508 conspecta
1117 454 1316 510 tropheis.
1650 478 1674 503 p.
1696 469 1748 495 405

213 510 324 559 Quid
355 508 528 552 moror?
560 509 788 551 Excedunt
820 525 1053 562 numerum,
1085 526 1168 567 que
1198 513 1362 556 fortiter
1394 516 1475 569 egi,

103 580 119 607 5
209 567 418 623 Quodque
452 582 580 610 manu
612 568 739 623 gessi,
773 568 824 608 ad
858 568 1038 610 solidum
1072 571 1283 612 celebrare
1309 586 1536 615 recensens

209 627 398 679 Defici03
431 630 530 668 sunt-
563 631 712 668 cuncta
742 641 835 668 meo
867 627 1025 668 maiora
1057 629 1215 682 relatu,

209 685 353 727 Vincit
384 698 491 739 opus
522 684 674 726 famam
708 698 785 725 nec
818 699 958 726 sermo
992 686 1180 741 suppetit
1212 687 1327 729 actis.

291 800 386 842 Hec
425 799 734 841 Starcatherus.
796 800 1008 854 Tandem,
1049 815 1141 842 cum
1175 802 1414 844 Hatherum
1445 803 1592 845 Lenno

153 863 274 915 patre
296 864 435 900 ortum
457 864 604 899 mutuo
629 873 824 900 sermone
848 866 1052 913 expertus
1073 859 1233 913 fuisset,
1257 860 1594 903 animaduertens

90 930 121 956 10
151 919 350 958 iuuenem
405 916 626 971 splendido
680 918 772 958 loco
825 923 988 969 natum,
1035 918 1268 959 feriendum
1319 920 1356 959 ei
1404 920 1593 973 iugulum

152 976 344 1031 prebuit,
384 975 601 1027 hortatus,
642 989 695 1015 ne
729 990 751 1015 a
784 975 969 1029 parentis
1011 976 1077 1017 sui
1118 975 1386 1018 interfectore
1423 990 1554 1031 penas
1586 976 1596 1031 ll

155 1034 326 1088 exigere
356 1037 588 1074 uereretur.
652 1032 745 1074 Hec
776 1033 998 1074 facientem
1033 1048 1149 1084 auro,
1192 1034 1305 1089 quod
1338 1049 1362 1074 a
1392 1035 1595 1077 Lennone
1659 1041 1752 1074 (153)

154 1095 388 1147 receperat,
419 1091 654 1146 potiturum
688 1105 779 1132 esse
810 1091 1030 1146 promittit.
1092 1092 1147 1133 Et
1180 1101 1226 1132 ut
1257 1092 1447 1133 eiusdem
1479 1094 1519 1133 in
1553 1107 1598 1134 se

154 1150 457 1192 uehemencius
504 1149 704 1190 amimum
753 1147 965 1202 efferaret,
1012 1150 1252 1191 huiusmodi
1298 1151 1598 1192 exhortacione

88 1219 121 1247 15
154 1223 253 1250 usus
287 1205 380 1250 esse
413 1207 618 1249 traditur:
1344 1226 1346 1229 ·

211 1325 428 1375 Preterea,
461 1322 667 1374 Hathere,
700 1323 865 1379 priuaui
896 1327 936 1365 te
967 1328 1084 1378 patre
1118 1324 1289 1376 Lenn03

214 1382 339 1424 Hanc
371 1382 484 1435 mihi,
517 1395 665 1436 queSO,
699 1381 834 1422 uicem
867 1382 1034 1432 referas,
1067 1386 1107 1423 et
1140 1382 1255 1423 obire
1287 1384 1502 1424 uolentem

213 1441 360 1482 Sterne
393 1454 551 1493 senem,
583 1439 857 1494 iugulumque
892 1454 1027 1481 meum
1059 1445 1157 1495 pete
1189 1441 1355 1481 uindice
1386 1440 1506 1482 ferro.

214 1498 382 1553 Quippe
415 1512 586 1552 operam
621 1498 721 1539 clari
755 1511 871 1539 mens
902 1498 1160 1553 percussoris
1192 1499 1381 1553 adoptat.

87 1566 122 1594 ρο
213 1556 368 1598 Horret
400 1556 453 1597 ab
485 1557 642 1609 ignaua
675 1555 809 1597 fatum
843 1556 1073 1611 deposcere
1106 1556 1268 1597 dextra.

214 1615 374 1670 Sponte
409 1614 478 1669 pia
509 1613 646 1669 legem
680 1613 758 1655 fati
789 1628 1037 1669 precurrere
1067 1615 1130 1656 fas
1163 1619 1239 1655 est.

214 1672 337 1720 Quod
368 1686 553 1727 nequeas
585 1671 748 1726 fugere,
782 1672 860 1714 lioc
892 1673 1022 1714 eciam
1055 1673 1283 1726 anticipare
1315 1671 1469 1714 licebit.
1612 1686 1785 1714 Lxxxm

213 1730 355 1772 Arbor
386 1730 729 1782 alendarecens,
764 1735 887 1771 uetus
920 1730 1167 1772 excidenda.
1230 1730 1418 1771 Minister

213 1787 375 1830 Nature
408 1792 484 1833 est,
517 1788 706 1844 quisquis
738 1787 826 1830 fato
861 1789 1042 1830 confinia
1075 1788 1226 1839 fundit,

88 1857 125 1884 25
214 1846 271 1888 Et
303 1847 464 1899 sternit,
499 1846 614 1902 quod
646 1852 760 1888 stare
790 1847 948 1902 nequit.
1001 1846 1116 1888 Mors
1148 1847 1305 1901 optima
1335 1850 1434 1886 tunc
1465 1850 1539 1899 est,

219 1904 327 1946 Cum
357 1905 530 1960 petitur,
563 1905 736 1959 uiteque
769 1906 899 1960 piget,
932 1919 1024 1946 cum
1058 1905 1185 1946 funus
1216 1908 1393 1964 amatur,

216 1962 306 2004 Nec
339 1963 513 2005 miseros
545 1977 667 2005 casus
698 1963 964 2005 incommoda
994 1967 1198 2018 proroget
1230 1966 1332 2004 ctas.

297 2078 391 2120 Hec
442 2079 584 2121 dicens
645 2083 838 2121 exertam
898 2093 1097 2121 crumena
1154 2077 1374 2132 pecuniam
1433 2077 1599 2131 promit.

157 2136 376 2178 H'atherus
408 2142 573 2190 autem,
607 2141 691 2178 tam
723 2136 919 2178 fruendi.
939 2138 1019 2178 eris
1055 2150 1179 2192 quam
1211 2139 1386 2190 paterne
1426 2135 1600 2175 ulcionis

91 2207 127 2234 30
157 2195 417 2250 capessende
454 2194 650 2249 cupidine
688 2195 947 2245 concitatus,
980 2196 1280 2236 obsecuturum
1320 2207 1365 2234 se
1409 2192 1599 2246 precibus

161 2267 239 2294 nec
260 2253 421 2307 premia
443 2253 724 2308 repulsurum,
749 2253 990 2309 spopondit.
1039 2252 1115 2293 Cui
1139 2250 1430 2293 Starcathems
1454 2249 1602 2304 cupide

165 2325 266 2352 ense
296 2311 485 2365 prebito.
519 2325 695 2365 pronam
726 2316 823 2366 post
855 2311 1026 2351 modum
1059 2310 1262 2351 ceruicem
1296 2307 1516 2362 applicuit,
1549 2321 1602 2348 ne

164 2367 312 2410 timide
343 2369 601 2424 percussoris
635 2383 740 2424 opus
778 2374 1059 2423 exequeretur
1090 2373 1162 2410 aut
1199 2367 1308 2408 ferro
1347 2365 1603 2406 muliebriter

166 2430 379 2479 uteretur,
423 2426 637 2471 hortatus,
685 2427 980 2482 prefatusque,
1022 2426 1155 2481 quod,
1196 2426 1229 2466 si
1274 2428 1445 2478 peracta
1486 2422 1601 2474 cede,

96 2494 134 2523 35
165 2489 262 2525 ante
284 2485 502 2526 cadaueris
524 2485 691 2540 lapsum
716 2488 841 2540 caput
871 2498 919 2525 ac
943 2488 1135 2525 truncum
1167 2482 1326 2523 medius
1349 2481 1602 2527 intersiliret,

164 2542 288 2583 armis
320 2543 527 2585 innocuus
557 2542 820 2584 redderetur.
893 2542 1016 2590 Quod
1049 2546 1187 2582 utrum
1230 2538 1473 2594 inlstruendi
1510 2551 1602 2593 per·
1657 2557 1755 2591 p‚405

165 2601 348 2642 cussoris
379 2599 564 2655 (gracia)
595 2614 647 2642 an
680 2599 883 2655 puniendi
915 2600 1080 2652 dixerit,
1110 2599 1314 2640 incertum
1357 2602 1431 2637 est.
1496 2595 1601 2637 Fore

231 2673 310 2706 Saxo
331 2674 565 2702 Grammaticus.
1425 2665 1464 2698 18
