1884 3126
47 910 80 938 10

44 1206 78 1234 15

41 1498 78 1526 20

43 2080 81 2108 30

42 2369 78 2396 35

42 2662 79 2690 40

656 269 712 275 —
772 244 912 287 XIIII
972 269 1027 275 -
1487 245 1571 288 539

115 387 238 429 quem
272 373 460 414 oblatum
493 372 776 428 repudiasset,
811 373 990 413 uetitum
1024 386 1271 439 occupasse,
1305 386 1440 428 seque
1472 385 1570 412 cau-

115 446 203 473 sam
236 446 354 472 suam
387 431 575 486 generali
604 431 857 487 pontificum
880 431 1118 485 oognicioni
1141 430 1446 497 inspiciendam
1477 444 1571 486 pre-

115 490 264 542 bente,
307 490 424 531 illum
467 490 696 545 impietatis
744 489 1006 531 consciencia
1049 490 1249 531 canonice
1297 489 1568 538 discrecionis

113 549 313 590 iudicium
357 548 874 590 for-mida1e.P1-eterea
917 548 969 588 ad
1000 548 1288 590 conciliandos
1322 547 1399 589 sibi
1434 547 1571 603 ponti-

115 608 238 649 ficum
271 608 432 649 animos
465 621 610 648 eorum
643 605 894 661 dignitatem
927 606 1118 661 honio-nis
1148 606 1416 648 decretorum
1450 620 1570 648 sanc-

113 666 302 708 cionibus
336 664 737 718 ado1nauit,haud
779 665 894 719 ptius
926 664 1168 706 Romanam
1211 665 1263 705 ad
1296 664 1442 706 sedem
1473 679 1571 730 pro-

112 723 355 765 uocandum
387 725 667 776 constituens,
700 736 827 778 quam
860 724 891 763 si
924 723 1188 778 lis1psorum
1198 723 1572 790 pronunciacione

112 783 221 824 finiri
255 797 338 824 non
370 789 528 838 posset.
591 781 787 823 Finiente
821 795 882 831 eo,
917 780 1046 823 Cesar
1087 782 1400 837 prouinciarum
1436 778 1568 837 reges}

112 841 237 882 huius
281 840 572 882 controuersie
614 839 836 882 finiende*
879 840 1023 894 gracia
1071 841 1122 881 ad
1168 841 1425 895 colloquium
1459 855 1482 880 a
1526 855 1570 882 se

110 900 312 942 inuitatos
350 899 531 950 dicebat,
554 913 701 940 eorum
725 899 941 940 sentencie
964 913 1202 954 repugnare
1225 899 1344 939 nefas
1377 899 1568 940 ducturo.

113 958 232 1006 Quos
266 958 360 999 ideo
393 972 476 999 non
511 958 685 1010 adesse,
712 956 725 1011 Η
750 958 861 1011 quous]
904 957 944 997 in
979 957 1162 998 Romani
1207 957 1473 1012 imperatoris
1508 958 1566 998 in-

110 1017 260 1058 iuriam
298 1017 432 1057 Rome
465 1016 708 1072 pontificem
742 1030 887 1057 creare
923 1017 1107 1070 cupiant,
1132 1016 1267 1056 aliene
1291 1016 1473 1057 ciuitatis
1505 1015 1570 1057 ius

112 1076 198 1116 suis
231 1074 444 1129 suffrag-iis
477 1075 786 1115 amministrare
811 1080 1030 1115 conantes.
1076 1075 1176 1115 l'ost
1210 1074 1286 1116 hec
1309 1073 1572 1128 Regnaldus,

113 1133 290 1175 Oolonie
325 1134 438 1174 urbis
472 1134 676 1185 antistes,
708 1129 935 1199 relilgionis
971 1147 1140 1174 causam
1186 1132 1328 1174 dicere
1377 1133 1569 1182 adorsus,

110 1196 269 1248 quanto
304 1192 455 1234 iniurie
488 1191 679 1247 pondere
712 1191 894 1233 Romani
923 1191 1192 1246 imperatoris
1217 1191 1450 1247 equitatem
1474 1205 1571 1247 pro-

111 1250 355 1291 uincialium
387 1265 537 1305 regum
577 1251 796 1292 temeiitas
829 1253 1083 1302 attentaret,
1117 1250 1459 1304 argumentando
1500 1249 1570 1291 de-

111 1312 349 1350 monstrare
400 1309 624 1364 peimgebat
707 1307 816 1349 Nam
864 1308 897 1349 si
949 1308 1286 1350 controuersiam
1332 1308 1373 1349 in
1423 1322 1569 1350 corum

111 1366 357 1408 ciuitatibus
391 1367 444 1409 de
475 1367 729 1422 pontificatu
759 1371 895 1410 ortam
929 1366 1058 1408 Cesar
1091 1368 1178 1409 suis
1205 1366 1418 1421 suffragiis
1451 1366 1569 1408 finire

111 1426 256 1476 uellet,
289 1425 403 1467 haud
439 1425 568 1467 dubie
611 1425 654 1467 id
688 1426 885 1480 grauium
926 1426 1176 1467 iniuriarum
1217 1425 1311 1466 loco
1346 1425 1570 1473 ducerent,

110 1497 208 1525 cum
237 1484 318 1538 ipsi
349 1484 487 1525 simile
519 1484 559 1525 in
594 1483 698 1525 urbe
729 1484 870 1526 Roma
891 1489 1140 1540 perpetrare
1164 1488 1382 1526 conentur.
1430 1483 1568 1532 Quam

111 1542 397 1584 assercionem
429 1546 516 1583 tam
549 1542 689 1583 ualido
713 1542 895 1584 racionis
918 1543 1103 1596 presidio
1127 1543 1355 1584 subnixam
1389 1541 1569 1596 putauit,

113 1606 160 1642 ut
182 1613 294 1642 nunc
315 1600 553 1654 Latialiter,
586 1615 698 1642 nunc
721 1600 887 1643 Gallice
909 1600 1248 1657 Germaniceque
1272 1600 1417 1653 fando,
1440 1599 1570 1641 ternis

111 1660 327 1701 accionem
376 1659 553 1700 uocibus
598 1659 787 1702 iteraret.
862 1659 943 1701 Sed
994 1663 1197 1715 quantum
1247 1659 1327 1700 hac
1373 1659 1571 1701 oracione

112 1718 253 1772 gentis
287 1732 364 1759 sue
397 1716 591 1759 fauorem
622 1717 772 1771 illexit,
804 1721 969 1759 tantum
1002 1724 1148 1759 nostre
1190 1717 1392 1772 suffragia
1424 1716 1568 1758 detur-

112 1776 242 1818 bauit.
305 1775 506 1817 Assensis
537 1776 682 1831 itaque
714 1775 1013 1831 pontificibus,
1046 1791 1142 1818 cum
1176 1776 1462 1827 Octauianus,
1498 1774 1569 1830 qui

112 1834 189 1876 sibi
222 1834 373 1875 falsum
396 1833 583 1875 Victoris
615 1847 770 1875 nomen
792 1834 1078 1890 inscripserat,
1112 1834 1298 1876 accensis
1325 1833 1568 1886 luminibus,

112 1893 341 1934 aduersum
375 1891 670 1933 Alexandrum
703 1894 879 1948 eiusque
903 1892 1210 1948 suffragatores
1238 1896 1242 1942 l
1271 1892 1436 1934 solenni
1470 1905 1569 1933 exe-

114 1951 305 1992 cracione
327 1965 480 1992 usurus
503 1950 736 2002 uideretur,
760 1950 1076 2004 Waldemarus,
1108 1952 1308 1992 hortante
1332 1950 1568 2002 Absalone,

113 2024 166 2051 ne
213 2008 418 2063 sacrilego
467 2009 558 2050 eius
601 2008 775 2051 facinori
819 2010 1075 2063 interesset,
1122 2010 1327 2051 concione
1371 2008 1569 2061 excessit,

111 2067 378 2121 aduerseque
412 2067 544 2122 partis
575 2067 784 2109 iusticiam
807 2067 1035 2118 emulatus,
1068 2069 1276 2123 presentis
1310 2066 1422 2108 curie
1457 2079 1570 2107 erro-

111 2140 201 2167 rem
248 2138 374 2180 quam
423 2125 611 2166 absentis
657 2126 958 2167 rectitudinem
1005 2131 1264 2181 postponere
1311 2124 1569 2180 preoptauit.

112 2184 242 2226 Cuius
276 2196 495 2237 egressum
518 2189 688 2225 secutus
711 2183 916 2235 Absalon,
949 2198 1044 2225 cum
1077 2184 1131 2225 ab
1155 2183 1394 2225 Octauiano
1426 2197 1570 2238 super-

112 2241 260 2283 sedere
302 2246 547 2295 rogaretur,
593 2241 644 2282 ab
688 2241 779 2283 eius
825 2242 1017 2297 uestigiis
1065 2258 1134 2295 se,
1175 2243 1295 2283 cuius
1341 2239 1568 2282 comitandi

111 2300 256 2355 gracia
295 2299 541 2352 aduenerit,
582 2300 700 2340 nullo
741 2300 833 2341 iure
875 2300 1092 2355 prohiberi
1136 2299 1386 2355 perdocuit3
1436 2313 1571 2354 eoque

110 2371 317 2413 responso
352 2357 582 2398 execrabili
616 2358 865 2412 pontificum
911 2358 1088 2409 collegio
1120 2358 1349 2409 liberatus,
1394 2372 1446 2398 ne
1492 2358 1568 2398 sci-

113 2413 260 2457 smatis
304 2428 447 2457 errore
487 2415 726 2470 laberetur,
759 2416 910 2458 effecit.
984 2416 1065 2457 Die
1097 2421 1272 2472 postero
1307 2415 1570 2457 Octauianus

112 2474 337 2525 Liuonem,
371 2473 695 2515 Othoniensium
730 2474 927 2526 electum,
960 2475 1241 2517 uehementer
1274 2474 1327 2515 ab
1351 2471 1570 2514 Absalone

113 2532 389 2588 prohibitum,
421 2531 529 2573 falsa
559 2532 770 2586 pontificis
803 2533 1007 2575 unccione
1038 2532 1323 2588 prosequitur.
1372 2531 1482 2573 Inde
1515 2530 1565 2573 ad

115 2590 318 2645 oppidum
350 2589 595 2631 Bisuntium
626 2603 876 2632 concessum
910 2596 988 2633 est.
1051 2591 1137 2632 Vbi
1170 2603 1378 2645 equorum
1410 2589 1568 2644 pabulo

113 2663 193 2690 non
226 2652 493 2702 suppetente,
526 2661 711 2705 regeque
745 2648 923 2691 emende
956 2649 1046 2690 eius
1079 2648 1326 2690 facultatem
1368 2648 1445 2689 sibi
1488 2661 1569 2690 non

1626 843 1654 868 ρ.
1674 834 1728 861 782

1615 869 1737 898 Chlxb

1624 963 1717 998 (304³

1626 1149 1654 1173 p.
1674 1139 1727 1167 783

1625 1906 1652 1931 p.
1672 1897 1724 1925 784
