1884 3126
231 219 314 260 282
787 241 838 248 --
898 218 1013 261 VIII
1071 245 1126 252 —

231 350 519 402 reponeretur.
574 346 668 394 Quo
695 346 850 398 euenit,
872 350 920 388 ut
942 346 1182 389 Gothorum
1213 361 1288 388 rex
1310 351 1673 402 propugnatorum

230 419 402 447 suorum
419 404 647 445 infortunio
670 403 931 460 supe*ratus,
952 419 1082 458 regno
1100 405 1234 446 Danis
1258 405 1407 446 cedere
1423 408 1877 460 cogeretur.11XXX1111b

231 463 360 504 Cuius
383 462 511 504 filiam
536 461 635 504 Snio
658 476 748 503 cum
780 462 822 502 in
846 462 1058 504 Sueonum
1081 463 1191 516 regis
1215 463 1469 504 connubium
1492 469 1669 518 paterno

232 521 413 576 impulsu
447 520 720 575 comperisset
751 519 985 574 abductam,
1028 518 1245 576 quenldam
1289 521 1480 562 obsoleto
1525 520 1671 562 habitu
1725 522 1823 555 2⁴¹⁶

182 591 198 617 5
229 593 303 634 per
344 579 495 620 itinera
535 578 704 633 publica
743 578 891 633 stipem
934 583 1078 633 petere
1109 579 1277 621 solitum
1319 578 1369 620 ad
1405 592 1497 620 eam
1538 592 1672 634 usque

230 636 477 678 tentandam
517 636 755 677 transmisit.
828 636 910 685 Qui
951 651 1044 677 eum
1089 637 1308 691 egeneium
1349 651 1465 678 more
1502 637 1671 692 propin-

230 709 358 749 quum
402 694 612 736 liminibus
655 694 906 736 discubitum
950 695 1190 745 habuisset,
1232 694 1322 735 uisa
1365 693 1475 736 forte
1513 695 1670 749 regina,

230 753 329 794 exili
359 753 513 794 uocula
543 753 762 794 succinens
781 784 790 802 ,
837 752 976 804 Amat,
1009 752 1156 807 inquit,
1189 757 1231 794 te
1252 752 1367 794 Snio.
1415 752 1508 797 Illa„
1539 753 1670 808 allap-

229 825 319 853 sum
354 811 526 852 auribus
557 825 708 852 sonum
743 810 1053 852 dissimulanter
1086 810 1315 866 excipiens,
1355 824 1433 851 nec
1468 811 1560 852 uisu
1592 824 1670 852 nec

164 878 197 906 10
228 868 363 923 gradu
396 869 530 911 relato
564 868 755 923 procedit
785 869 825 909 in
858 868 1030 922 regiam,
1061 872 1187 923 atque
1221 882 1243 909 e
1263 869 1444 923 uestigio
1477 882 1671 923 regressa

230 927 408 968 obscuro
443 932 483 968 et
516 926 586 967 uix
620 939 741 968 aures
774 926 1013 967 offendente
1046 926 1196 980 sibilo,
1243 925 1485 978 Amantem,
1521 926 1669 980 inquit,

229 999 295 1027 me
326 985 508 1026 redamo.
579 984 643 1026 Eo
685 984 796 1025 dicto
838 985 1064 1039 uestigium
1105 984 1270 1026 extulit.
1332 983 1469 1032 Quam
1509 998 1669 1039 egenus

228 1043 361 1084 mutui
393 1042 546 1084 amoris
586 1056 734 1084 uocem
770 1041 951 1084 edidisse
983 1042 1169 1097 gauisus,
1202 1042 1269 1083 die
1301 1046 1474 1098 postera
1508 1042 1668 1084 foribus

229 1100 437 1152 assidens,
482 1104 679 1155 presente
717 1100 910 1154 domina,
953 1103 1159 1142 consueta
1200 1100 1668 1151 sermonisbreuitate,

163 1169 195 1196 15
226 1159 401 1209 Locum,
435 1159 504 1212 ait,
538 1164 639 1200 uoto
672 1162 900 1213 suppetere
932 1157 1147 1199 conuenit.
1209 1157 1288 1198 Illa
1318 1172 1485 1199 rursum
1518 1162 1669 1213 argute

227 1217 344 1258 uocis
377 1217 626 1258 industriam
661 1216 873 1270 colligens⁷
903 1230 1066 1257 summa
1098 1230 1191 1257 cum
1219 1215 1555 1257 dissimulacione
1588 1215 1669 1257 dis-

229 1275 365 1316 cessit.
442 1274 584 1316 Paruo
633 1279 727 1329 post
772 1277 1113 1328 percontatorem
1156 1274 1418 1329 preteriens,
1458 1273 1668 1316 Becherer

227 1333 348 1374 breui
379 1347 423 1374 se
453 1336 753 1387 peruenturam
787 1332 978 1373 asseruit.
1038 1331 1167 1372 Hunc
1200 1331 1354 1387 quippe
1387 1332 1525 1373 locum
1565 1331 1668 1386 fuga

227 1394 372 1445 petere
416 1389 658 1432 destinauit.
735 1389 829 1438 Qua
873 1389 925 1431 de
967 1403 1012 1431 re
1057 1403 1218 1443 egenus
1261 1390 1421 1431 cercior
1466 1388 1666 1443 redditus,

156 1458 193 1485 20
224 1448 345 1490 solito
379 1449 714 1502 percontacionis
747 1447 939 1489 acumine
973 1452 1217 1502 competens
1252 1447 1457 1502 promisso
1500 1452 1666 1502 tempus

226 1519 483 1560 cognoscere
522 1509 782 1561 perseuerat.
856 1505 935 1546 Illa
976 1519 1100 1559 uero,
1132 1519 1210 1547 nec
1241 1510 1338 1547 astu
1377 1505 1550 1546 inferior
1590 1519 1668 1546 nee

226 1578 418 1606 sermone
449 1564 636 1615 lucidior,
677 1578 801 1620 quam
832 1563 1078 1605 breuissime
1109 1563 1259 1618 potuit,
1296 1563 1459 1619 hyemis
1499 1563 1667 1604 inicium

225 1621 497 1677 nuncupauit.
561 1621 761 1664 Ceterum
793 1622 1020 1676 stipatores
1055 1622 1159 1674 eius,
1192 1621 1262 1677 qui
1293 1621 1432 1663 leuem
1462 1621 1667 1662 amatorie

227 1681 343 1721 uocis
375 1681 531 1722 iactum
564 1683 834 1734 exceperant,
868 1679 1041 1734 plenum
1076 1679 1314 1721 calliditatis
1345 1679 1562 1734 ingenium
1595 1692 1667 1719 ex-

156 1747 192 1774 ‘25
227 1743 359 1780 treme
392 1737 632 1780 stoliditatis
664 1737 986 1779 deliramentum
1018 1751 1109 1779 esse
1142 1737 1381 1779 credebant.
1446 1736 1539 1785 Que
1572 1750 1665 1777 cum

226 1796 326 1837 Snio
350 1796 510 1838 cercius
543 1810 597 1837 ex
619 1809 753 1850 egeno
778 1800 1067 1850 cognosceret,
1090 1795 1293 1850 reginam,
1325 1795 1503 1836 sublatis
1528 1794 1664 1835 mariti

227 1854 376 1907 opibus
398 1853 572 1895 lauandi
594 1854 870 1895 simulacione
893 1854 1142 1907 digressam,
1164 1853 1336 1907 nauigio
1360 1851 1666 1907 deportandam

225 1911 398 1954 curauit.
461 1911 618 1954 Postea
657 1926 758 1954 uero
791 1925 1067 1966 sepenumero
1106 1911 1212 1952 inter
1242 1911 1378 1965 ipsum
1410 1925 1458 1952 ac
1489 1910 1665 1952 Suethie

224 1984 380 2023 regem,
403 1970 536 2012 altero
559 1971 693 2012 iustas
710 1973 932 2024 repetente
953 1969 1082 2020 faces,
1105 1969 1238 2011 altero
1255 1968 1418 2010 illicitas
1439 1968 1551 2010 tueri
1571 1981 1665 2023 per-

156 2036 193 2064 30
225 2032 462 2081 seuerante,
495 2029 668 2082 ancipiti
691 2031 846 2069 euentu
881 2028 1084 2083 uariaque
1106 2026 1282 2069 uictoria
1313 2027 1555 2068 dimicatum
1587 2031 1664 2068 est.

361 2084 425 2127 Ea
471 2089 722 2141 tempestate
778 2100 854 2141 per
908 2098 1112 2127 summam
1164 2084 1242 2126 celi
1291 2084 1664 2139 intemperanciam

224 2158 423 2197 agrorum
454 2143 648 2186 ubertate
682 2149 903 2199 corrupta,
944 2144 1092 2198 ingens
1123 2157 1290 2185 annone
1324 2143 1477 2184 caritas
1507 2141 1664 2183 incidit.

226 2201 419 2257 Cumque
460 2201 610 2244 oborta
652 2201 897 2243 uictualium
938 2202 1111 2243 raritate
1151 2201 1292 2251 grauis
1323 2199 1491 2255 plebem
1522 2199 1664 2242 inedia

225 2260 445 2310 laceraret,
476 2274 564 2313 rex,
598 2274 783 2316 quonam
815 2258 943 2301 modo
981 2259 1183 2314 temporis
1215 2257 1455 2300 difficultati
1497 2271 1664 2298 succur-

154 2327 192 2354 35
222 2322 355 2367 reret,
395 2318 573 2371 anxius,
617 2331 711 2359 cum
755 2318 968 2373 aliquanto
1011 2317 1214 2358 maiorem
1254 2315 1493 2357 bibulorum
1538 2328 1663 2369 quam

224 2375 415 2417 edacium
458 2375 691 2430 impensam
737 2372 1128 2430 animadluerteret,
1175 2373 1458 2428 frugalitatem
1501 2372 1660 2427 populo

222 2433 375 2475 intulit.
452 2432 752 2475 Conuiuiorum
804 2447 924 2475 usum
971 2432 1206 2488 abrogans,
1257 2445 1395 2486 nequa
1442 2445 1494 2472 ex
1540 2430 1662 2483 fruge

222 2490 345 2545 pocio
368 2486 599 2546 pararetur,
632 2490 776 2540 edixit,
808 2490 1082 2532 acerbitatem
1114 2490 1235 2532 famis
1261 2488 1462 2543 superflui
1484 2487 1660 2529 haustus

222 2548 447 2603 interdicto
478 2549 717 2604 pellendam
749 2553 875 2606 atque
908 2562 932 2590 a
962 2548 1029 2591 siti
1056 2546 1363 2593 abundanciam
1397 2560 1491 2591 esus
1523 2549 1660 2589 mutu-

155 2618 191 2645 40
224 2605 376 2649 andam
409 2607 670 2653 existimans,
