1884 3126
245 888 280 915 10

244 1177 279 1204 15

243 1466 279 1492 ΩΟ

242 2047 278 2073 30

244 2335 278 2361 35

320 230 400 274 494
854 247 907 254 -—
968 222 1104 268 XIIII
1169 247 1217 254 --

318 361 481 414 lapsum
523 355 813 406 collideretur,
854 354 1044 396 tenacius
1093 355 1397 396 astrinxerunt.
1467 351 1630 395 Eadem
1671 368 1760 395 nox

319 418 505 467 Sclauos,
538 414 589 453 ad
622 412 895 453 IIallandiam
926 413 1038 453 mille
1073 413 1399 467 quingentarum
1421 413 1593 452 nauium
1627 413 1758 453 classe

317 473 535 528 appulsos,
579 469 801 523 naufragio
843 470 996 512 obluit.
1067 469 1103 511 Ε
1146 469 1297 524 quibus
1340 473 1550 525 quotquot
1594 470 1679 511 uiui
1719 471 1760 511 in

317 531 432 571 littus
466 530 702 578 euaserant,
735 528 845 568 ferro
880 528 1101 582 periclitati
1134 533 1244 569 sunt.

450 585 646 627 Diluculo
680 585 996 639 Waldemarus,
1030 586 1333 627 amministrato
1377 599 1454 640 per
1486 586 1757 627 Hesbernum

316 644 484 697 uiatico,
516 643 716 684 militibus
749 643 917 685 abunde
949 644 1136 698 firmatis,
1169 643 1355 685 secundo
1388 644 1492 684 mari
1523 644 1564 685 in
1602 643 1759 684 Iutiam

314 702 523 756 peruenit.
585 701 822 756 Vibergum
853 715 1128 767 progressus,
1160 701 1456 767 Suenonisque
1498 701 1640 744 dolum
1682 716 1757 756 pro

315 760 519 800 concione
551 765 772 812 causatus,
816 761 1006 801 omnium
1037 761 1200 800 animos
1244 759 1297 800 ad
1329 760 1562 801 mesticiam
1594 759 1759 815 lachry-

314 831 433 858 mosa
473 816 643 858 fortune
694 832 767 858 sue
811 819 1059 859 narracione
1102 818 1289 859 deflexit.
1362 817 1490 859 Cuius
1532 818 1758 859 assercioni

312 889 392 916 non
426 875 562 916 minus
595 875 894 929 miseracionis,
927 889 1053 931 quam
1075 876 1174 917 fidei
1201 876 1387 917 uulneris
1420 876 1640 931 presencia
1662 889 1758 917 con-

313 933 481 974 ciliauit.
543 933 695 987 Itaque
729 934 913 983 nescias,
950 934 1142 975 miserior
1173 934 1299 989 plaga
1331 948 1384 975 an
1423 934 1586 975 felicior
1617 933 1758 975 fuerit.

312 991 369 1031 At
407 990 573 1041 Sueno,
617 992 716 1045 fuge
762 991 850 1032 eius
898 992 1095 1047 opinione
1138 996 1334 1046 accepta,
1368 992 1537 1033 refectis
1567 991 1760 1044 nauibus,

312 1062 416 1102 quas
462 1053 560 1090 ante
609 1054 911 1103 quassauerat,
964 1049 1290 1105 expedicionem
1336 1050 1379 1090 in
1422 1050 1577 1091 Iutiarn
1624 1055 1758 1105 parat.

312 1106 431 1146 Tunc
464 1111 598 1147 mater
628 1107 858 1148 Absalonis
892 1113 933 1149 et
965 1121 1084 1149 soror
1125 1108 1342 1163 egregium
1385 1108 1516 1149 uirilis
1553 1108 1760 1149 industrie

310 1164 473 1205 facinus
506 1164 689 1206 edidere.
738 1165 966 1220 Siquidem,
999 1170 1046 1207 ut
1078 1168 1188 1221 regis
1222 1166 1445 1207 transitum
1477 1170 1758 1219 morarentur,

313 1223 496 1276 nauigia,
529 1223 681 1277 quibus
714 1225 907 1265 traiicere
936 1223 1185 1269 destinabat„
1218 1227 1644 1279 nocturnotempore
1677 1224 1759 1265 dis-

312 1280 495 1321 secanda
540 1286 753 1322 curarunt.
817 1281 1007 1328 Quarum
1048 1282 1191 1323 Sueno
1235 1281 1454 1323 refeccioni
1492 1282 1654 1323 diucius
1686 1283 1760 1322 im-

311 1342 523 1390 moratus,
557 1353 674 1391 cum,
718 1338 1019 1394 redintegratis
1052 1339 1268 1394 omnibus,
1313 1340 1355 1381 in
1386 1340 1577 1381 Fioniam
1610 1354 1759 1395 perue-

311 1396 454 1449 nisset,
479 1396 796 1451 waldomarus,
830 1398 946 1439 ocius
982 1399 1123 1440 emulo
1157 1398 1463 1440 occurrendum
1498 1398 1758 1448 existimans,

311 1454 453 1508 primis
502 1469 596 1495 eum
644 1455 755 1495 Iutie
806 1455 1018 1498 liminibus
1070 1456 1297 1511 prohibere
1351 1456 1583 1498 constituit.
1666 1456 1758 1503 Quo

313 1513 497 1566 cognito,
520 1513 559 1553 in
587 1512 844 1554 Sialandiam
877 1527 921 1555 se
946 1515 1137 1565 eontulit,
1161 1515 1335 1568 eiusque
1358 1518 1399 1554 et
1422 1514 1572 1555 Scanie
1599 1515 1757 1568 populo

311 1583 386 1624 per
409 1571 589 1611 edictum
613 1576 844 1623 contracto,
866 1572 1042 1626 priuatis
1074 1571 1200 1614 armis
1222 1572 1390 1627 publica
1414 1572 1560 1613 miscet
1582 1571 1757 1614 auxilia.

311 1628 480 1669 Interea
523 1628 851 1683 waldemarus,
893 1629 1098 1671 incertum
1131 1631 1230 1672 belli
1262 1631 1499 1684 suspicatus
1543 1635 1757 1682 euentum,

311 1687 493 1740 repetito
526 1685 736 1741 Vibergo,
781 1689 957 1743 nupcias
999 1689 1108 1742 agit,
1141 1692 1228 1728 tum
1266 1693 1313 1729 ut
1356 1702 1428 1729 eos
1470 1687 1635 1728 facilius
1667 1687 1757 1740 sibi,

242 1776 255 1783 -
310 1744 381 1798 qui
416 1743 592 1786 Kanuto
628 1746 928 1796 militauerant,
952 1744 1324 1801 ad<s>cisoere[n]t,
1356 1750 1445 1786 tum
1477 1759 1530 1787 ne
1565 1745 1758 1800 pulcher—

311 1802 413 1842 rime
443 1816 596 1857 sponse
632 1803 870 1844 castitatem
903 1803 1096 1846 hostibus
1132 1804 1240 1844 forte
1264 1803 1530 1845 delibandam
1555 1807 1757 1844 seruaret.

311 1859 478 1901 Deinde
511 1861 789 1915 expedicione
825 1862 935 1904 coire
966 1863 1092 1915 iussa,
1119 1861 1407 1903 Randrusium
1440 1862 1558 1916 petit,
1593 1862 1754 1902 Sialan-

311 1917 443 1969 diam,
484 1918 596 1974 quod
638 1920 821 1961 Suenoni
863 1921 1127 1975 receptaculo
1170 1924 1305 1972 esset,
1341 1922 1346 1971 l
1381 1920 1505 1961 armis
1545 1923 1755 1961 attentare

312 1977 584 2017 constituens.
646 1977 712 2017 Ex
756 1978 965 2019 Suenonis
1006 1993 1175 2034 quoque
1214 1978 1366 2019 milicia
1408 1980 1667 2032 complures,
1701 1977 1754 2017 ob

308 2034 488 2074 immane
522 2048 618 2075 eum
649 2037 787 2076 scelus
819 2037 986 2090 perosi,
1019 2036 1296 2077 Waldemaro
1339 2050 1382 2077 se
1414 2036 1615 2089 iungunt,
1648 2035 1755 2076 tanti

311 2092 510 2133 facinoris
551 2100 715 2134 reatuin
760 2094 1014 2135 auxiliorum
1053 2095 1248 2136 fomentis
1279 2094 1478 2148 prosequi
1518 2093 1639 2134 nefas
1681 2093 1754 2133 ‹lu-

311 2154 475 2201 centes,
536 2150 596 2192 At
644 2151 807 2203 Sueno,
855 2152 924 2207 qui
976 2152 1132 2193 bellum
1176 2152 1332 2192 inferre
1382 2165 1509 2206 quam
1557 2151 1753 2206 excipere

312 2209 543 2263 speciosius
586 2208 782 2261 duceret,
827 2209 1163 2264 magnitudinem
1205 2209 1330 2250 animi
1372 2210 1435 2251 sui
1477 2209 1587 2249 intra
1630 2209 1752 2250 unius

311 2265 445 2307 insule
476 2267 581 2308 fines
614 2266 866 2309 concludere
898 2268 1117 2322 nequiens,
1149 2267 1331 2321 nauigiis
1364 2282 1386 2309 e
1408 2267 1560 2307 Fionia
1593 2266 1752 2307 Sialan-

311 2323 462 2378 diaque
493 2325 661 2379 petitis,
694 2324 744 2365 ad
777 2324 931 2366 Iutiam
964 2326 1147 2381 appulit3
1180 2325 1414 2379 iisdemque
1444 2325 1554 2365 intra
1583 2324 1752 2379 Dyurso

312 2381 493 2423 fluminis
526 2383 696 2424 alueum
729 2384 859 2438 recipi
889 2384 1027 2436 iussis,
1060 2397 1153 2424 cum
1186 2382 1510 2437 promptissimis
1551 2382 1753 2437 equitum,

313 2439 388 2478 sub
421 2439 549 2480 (lubia
581 2439 888 2495 oppidanorum
927 2441 1033 2492 fide,
1064 2441 1301 2494 Vibergum
1344 2440 1563 2481 concessit.
1627 2440 1752 2487 Quod

314 2509 405 2536 cum
447 2496 756 2540 Waldemarus
806 2512 880 2553 per
931 2498 1246 2552 transfugarum
1293 2497 1503 2554 quendam
1550 2502 1751 2552 expertus

313 2551 471 2608 fuisset,
504 2556 791 2608 auxiliaribus,
823 2571 906 2611 qua
936 2561 1129 2611 poterat,
1163 2557 1378 2598 celeritate
1409 2556 1658 2609 contractis,
1699 2555 1751 2596 ad

245 2623 281 2649 40
312 2612 619 2654 exturbandam
653 2614 836 2656 hostium
870 2614 1045 2656 classem
1078 2614 1292 2656 Saxonem
1336 2619 1378 2655 et
1409 2613 1622 2655 Burisium
1656 2627 1751 2655 eum
