1884 3126
299 184 380 225 528
835 201 885 206 -—
946 172 1083 217 XIIII
1146 198 1196 205 —-

296 311 517 362 postquam
548 305 589 345 in
621 303 757 344 Dania
787 301 1063 357 percrebruit,
1089 304 1095 352 Ι
1124 301 1363 342 Lundensis
1406 300 1619 355 pontifeX‚
1661 300 1730 357 qui

299 365 459 418 etipse
501 362 685 416 predicte
723 359 1007 414 expedicionis
1047 373 1184 401 comes
1224 359 1386 411 fuerat,
1420 374 1497 411 ne,
1538 359 1731 400 feruente

298 421 510 474 religionis
544 418 741 469 tumultu,
776 417 966 471 deposito
1009 416 1290 468 frauda-retur,
1323 417 1573 471 pecuniam,
1606 432 1732 472 quam

295 480 334 520 in
372 477 508 517 Gallia
542 476 837 525 celfficauerat,
870 488 944 529 per
976 475 1186 516 ministros
1210 473 1511 528 reportandam
1543 475 1731 517 curabat.

296 535 332 576 E
364 535 513 588 quibus
546 547 667 583 unus,
699 532 943 572 monachice
974 532 1262 586 professionis,
1295 531 1406 586 apud
1437 531 1626 573 Stadium
1660 546 1732 587 op-

296 593 454 647 pidum,
486 591 592 631 inter
625 589 918 642 cenitandum,
961 589 1103 643 ligneo
1146 590 1256 630 forte
1300 589 1427 630 calice
1463 603 1545 630 non
1579 604 1731 644 suppe-

296 655 425 701 tente,
459 662 601 701 aureo,
636 662 759 702 quem
799 647 838 686 in
873 647 1065 687 custodia
1106 646 1303 700 habebat,
1335 653 1526 701 arrepto,
1559 648 1731 688 nitidius

296 721 418 762 quam
462 707 598 746 tucius
644 719 787 745 cenam
835 704 988 758 exegit.
1062 704 1189 745 Cuius
1233 704 1331 745 faeti
1377 705 1635 746 irritamento
1670 706 1731 756 iis,

296 778 473 820 quorum
512 763 697 817 hospicio
739 767 934 816 receptus
973 762 1134 812 fuerat⁷
1167 764 1337 803 tacitam
1379 763 1583 803 latrocinii
1617 764 1731 818 cupi-

230 834 262 861 10
293 823 431 863 dinem
464 821 727 861 ministrauit.
771 818 940 859 Maioris
972 833 1154 874 namque
1186 821 1363 874 pecunie
1397 821 1606 861 conscium
1639 835 1725 861 ani-

231 1989 268 2016 30

233 2565 268 2591 40

295 879 641 926 madum-tebaiit,
675 891 797 931 quem
838 877 1109 931 prestancieri
1144 878 1297 931 poculo
1340 878 1528 931 priuatas
1562 892 1726 919 mensas

297 940 571 978 exornantem
605 935 816 976 uidebant.
880 934 1080 975 Ceterum
1112 935 1288 989 hospicii
1318 935 1559 977 reuerencia
1591 936 1729 990 palam

295 996 456 1036 facinus
509 994 658 1047 exequi
711 992 855 1043 ueriti,
908 993 1108 1046 quoniam
1158 993 1268 1033 intra
1317 995 1539 1047 penacium
1587 994 1731 1035 limina

297 1051 591 1107 hospitalitatis
624 1064 743 1091 sacra
774 1050 935 1090 uiolare
968 1050 1084 1090 nefas
1117 1049 1353 1104 ducebant,
1398 1051 1439 1090 in
1472 1051 1731 1092 Holtsatiam

251 1123 262 1137 f
296 1125 391 1152 eum
424 1108 725 1163 subsequendo
758 1107 929 1148 sarcinis
961 1111 1181 1149 exuerunt.
1246 1108 1338 1155 Quo
1373 1108 1597 1163 Eskyllus,
1631 1109 1729 1150 dum

297 1169 348 1209 ab
382 1167 660 1221 expedicione
692 1170 990 1217 reuerteretur,
1023 1164 1194 1217 audito,
1240 1179 1382 1219 regem
1426 1180 1552 1221 super
1584 1181 1730 1207 earum

297 1225 622 1279 recuperacione
646 1223 855 1273 sollicitat,
878 1229 1009 1272 ratus,
1034 1223 1282 1264 auctoritate
1306 1223 1394 1263 eius
1416 1225 1729 1266 restitucionem

298 1299 321 1324 a
355 1282 609 1337 predonibus
642 1282 746 1322 fore.
809 1279 899 1321 Nec
929 1281 1010 1320 iam
1041 1281 1251 1334 precibus,
1285 1281 1358 1321 sed
1380 1282 1581 1336 paccione
1605 1297 1732 1336 agen-

299 1341 398 1381 dum
440 1340 708 1389 existimans,
740 1339 981 1393 porcionem
1016 1338 1205 1391 pecunie,
1238 1338 1338 1379 dum
1370 1338 1496 1380 modo
1530 1353 1603 1394 per
1636 1354 1729 1381 eum

297 1398 458 1439 reddita
481 1397 604 1446 foret,
627 1397 666 1436 in
692 1397 893 1450 premium
927 1395 1164 1449 pollicetur,
1189 1402 1391 1451 tantoque
1416 1397 1504 1437 eius
1526 1398 1729 1438 auxilium

300 1455 526 1497 instaneius
558 1455 799 1509 expetebat,
833 1459 990 1508 quanto
1034 1467 1127 1493 eum
1168 1454 1208 1493 in
1240 1454 1467 1495 annuendo
1505 1455 1730 1496 tardiorem

299 1514 494 1555 aduertit.
583 1513 684 1565 tex,
728 1512 981 1566 peticionum
1027 1511 1118 1552 eius·
1154 1512 1474 1566 perseuerancia
1514 1512 1731 1567 fatigatus,

299 1586 397 1625 egre
431 1584 602 1625 operam
624 1571 861 1625 pollicetur,
884 1570 995 1623 quod
1030 1573 1072 1609 et
1093 1578 1238 1623 raptor
1268 1570 1450 1610 incertus
1484 1574 1526 1610 et
1555 1571 1733 1625 pecunia

299 1637 467 1684 repertu
502 1628 680 1669 difficilis
714 1628 957 1670 uideretur..
1005 1626 1199 1667 Ceterum
1233 1641 1324 1668 eam
1357 1628 1561 1681 requisitu
1592 1642 1731 1683 prom-

297 1688 505 1740 ptiorem,
555 1687 585 1725 si
631 1701 655 1726 a
702 1686 970 1738 potentibus,
1012 1697 1136 1739 quam
1176 1684 1208 1725 si
1254 1699 1278 1725 a
1324 1685 1482 1739 plebeis
1528 1694 1733 1740 occupata

297 1745 460 1794 fuisset,
494 1743 790 1784 arbitrabatur.
863 1742 1000 1796 Igitur
1041 1743 1268 1783 antistitem
1311 1742 1547 1783 Slesuicum
1589 1758 1733 1784 secum

297 1806 442 1857 petere
474 1802 603 1842 iubet.
669 1800 750 1841 Vbi
783 1799 880 1840 dum
914 1800 1023 1840 forte
1054 1814 1129 1854 per
1160 1799 1319 1852 iocum,
1353 1802 1460 1841 inter
1491 1800 1732 1851 familiares,

298 1860 509 1900 amissoris
542 1873 642 1899 auro
675 1858 852 1898 bibentis
875 1858 1122 1899 iactanciam
1146 1858 1352 1908 elusisset,
1384 1859 1623 1911 interfuere,
1648 1860 1732 1914 qui,

298 1918 409 1971 regis
440 1917 551 1957 dicta
584 1916 748 1957 sinistre
782 1915 1054 1969 excipientes,
1105 1916 1353 1956 clandestini
1384 1917 1588 1957 sermonis
1624 1932 1731 1958 mor-

298 1974 476 2016 dacitate
509 1974 698 2029 pontifici
730 1974 895 2014 illusum
928 1978 1138 2028 putarent.
1201 1974 1388 2020 Quorum
1423 1974 1731 2016 obtrectacione

297 2032 499 2087 Eskyllus
547 2032 598 2073 ad
646 2032 923 2072 deserendam
975 2031 1085 2085 regis
1132 2031 1361 2071 amiciciam
1404 2031 1635 2083 adductus,
1680 2047 1729 2073 eo

299 2086 511 2154 demencle
544 2090 748 2145 prorupit,
781 2094 827 2129 ut
859 2102 975 2143 opes,
1008 2103 1110 2143 quas
1134 2088 1356 2140 amisisset,
1388 2091 1441 2130 ab
1463 2104 1513 2130 eo
1538 2091 1731 2130 obtentas

298 2148 596 2203 suspicaretur,
630 2161 810 2201 eumque
842 2147 987 2201 rapine
1019 2147 1098 2188 sibi
1128 2146 1281 2186 inflicte
1320 2148 1531 2187 conscium
1565 2162 1732 2189 asseue-

298 2211 423 2246 raret.
484 2205 550 2246 Ita
581 2221 625 2245 se
649 2210 852 2259 concepte
885 2205 1059 2245 uesanie
1093 2204 1222 2245 moles
1255 2203 1362 2245 falso
1396 2205 1507 2259 regis
1543 2205 1730 2246 conuicio

253 2277 267 2300 π
298 2263 511 2318 patefecit.
574 2263 710 2316 Igitur
751 2263 938 2308 nescias,
980 2266 1121 2302 utrum
1153 2262 1326 2302 antistes
1358 2262 1516 2302 insanie
1547 2263 1731 2314 maioris,

299 2335 349 2361 an
384 2335 459 2363 rex
491 2320 704 2375 paciencie
726 2319 866 2369 fuerit,
899 2333 1075 2374 quorum
1109 2321 1214 2360 alter
1245 2320 1560 2373 integerrimum
1595 2321 1730 2361 uirum

301 2379 513 2420 teterrima
553 2378 788 2432 suspicione
834 2385 980 2417 notare
1025 2376 1250 2428 sustinuit,
1297 2378 1425 2427 alter,
1471 2379 1730 2419 consciencie

299 2437 481 2490 puritate
513 2449 728 2640 synetRls⁷
760 2435 986 2475 aduersum
1029 2434 1274 2475 innocencie
1315 2449 1390 2476 sue
1424 2436 1731 2476 criminatorem

302 2507 409 2547 eque
455 2495 613 2534 lencius
653 2494 754 2533 'ram
795 2492 1020 2534 distrinxit.
1082 2491 1198 2532 Inter
1230 2492 1308 2532 hee
1340 2493 1478 2546 0000,
1510 2494 1575 2533 cui
1607 2507 1729 2548 supe·
1756 2505 1758 2507 ’

299 2552 416 2592 rioris
458 2552 662 2592 scismatis
699 2551 896 2604 contagio
929 2549 1168 2604 deponendi
1195 2552 1200 2601 Ι
1229 2548 1518 2604 pon’f‘tificatus
1561 2563 1727 2592 causam

710 2647 715 2662 l

1805 332 1811 339 .
1830 311 1880 339 76⁴
