1884 3126
297 311 377 352 668
847 333 895 336 ——
956 308 1064 350 XVI
1129 332 1175 336 —

296 438 406 494 quod
441 438 477 477 ci
507 437 717 492 porcionis
739 436 908 476 nomine
930 439 1124 488 cesserat,
1145 435 1301 476 remitti
1334 437 1464 488 curat,
1497 447 1576 475 nec
1598 435 1731 476 solum

294 495 514 537 uictoriam
545 508 662 534 suam
694 493 783 547 regi
813 493 1107 544 indicaturum,
1139 492 1213 534 sed
1237 493 1370 533 eciam
1401 492 1526 533 fidem
1558 493 1731 535 assertis

294 552 532 594 celebrioris
572 551 702 606 prede
743 551 977 605 gestamine
1007 549 1247 591 facturum.'
1292 550 1376 591 Per
1417 550 1596 591 eundem
1628 563 1732 605 quo-

295 625 389 665 que,
420 623 472 651 ne
504 608 694 650 Sclauice
733 609 844 650 uires
885 609 1007 649 nouis
1048 608 1179 663 copiis
1219 609 1552 658 instruerentur,
1584 609 1731 650 messis

294 672 459 722 tempus
477 666 754 721 expedicione
770 666 1100 721 precurrendum
1123 665 1331 708 hortatur.
1366 665 1504 713 Quem
1522 665 1731 714 Kanutus,

293 725 400 766 Iutis
445 723 671 777 Vibergica
709 727 713 774 Ι
750 724 946 766 concione
989 724 1242 775 contractis,
1293 723 1538 765 Absalonici
1591 725 1731 779 operis

293 786 494 823 euentum
526 781 652 836 digno
684 781 906 822 relacionis
938 780 1075 823 officio
1099 785 1393 836 representare
1427 774 1626 836 precepit,
1661 795 1733 823 ex-

293 840 522 894 pedicionis
543 839 761 880 hortatore
782 853 948 887 usurus,
971 853 1095 893 quem
1117 839 1256 881 nuncii
1274 843 1492 880 auctorem
1509 839 1730 882 habuerat.

294 897 387 944 Quo
409 896 537 945 facto,
559 897 742 938 omnium
764 897 914 938 animis
936 898 1162 938 maximam
1182 896 1397 938 educende
1420 897 1565 939 classis
1589 910 1731 939 euram

222 966 258 994 10
288 955 569 1010 ingenerauit.

222 1255 258 1284 15

223 1544 261 1572 20

221 1832 259 1860 25

221 2120 258 2148 30

220 2410 257 2437 35

221 2698 257 2725 40

428 1012 486 1052 At
508 1011 651 1066 Cesar,
683 1016 802 1053 tante
834 1012 963 1053 cladis
985 1013 1138 1054 nuncio
1170 1018 1359 1067 recepto,
1390 1016 1615 1068 postquam
1639 1013 1728 1055 solo

291 1069 516 1111 Absalonis
550 1070 677 1111 ductu
709 1085 797 1111 rem
830 1075 991 1125 gestam
1025 1070 1245 1125 cognouit,
1278 1084 1447 1112 omnem
1478 1085 1562 1112 non
1594 1070 1732 1112 solum

293 1127 521 1168 obtinende
553 1128 691 1170 Danie
723 1142 865 1182 spem,
907 1142 1056 1169 uerum
1089 1128 1218 1169 eciam
1252 1128 1499 1170 attentande
1532 1128 1730 1170 fiduciam

291 1190 432 1227 mente
477 1185 694 1239 deposuit,
737 1187 925 1241 proprias
968 1187 1079 1227 uires
1123 1185 1384 1236 damnando,
1429 1187 1542 1242 quod
1583 1186 1729 1228 alienis

291 1257 437 1298 parum
470 1243 695 1284 efficaciter
726 1258 825 1285 usus
857 1243 1014 1285 fuisset.
1074 1243 1265 1285 Eandem
1295 1244 1516 1285 uictoriam
1540 1244 1727 1286 Absalon

293 1315 412 1342 suam
445 1300 556 1355 apud
576 1301 809 1342 Bizantium
841 1301 1075 1343 incredibili
1105 1301 1216 1342 fame
1239 1301 1729 1357 uelocitateuulgatam,

294 1363 390 1413 post
419 1358 591 1399 modum
623 1358 676 1399 ab
709 1359 921 1414 equitibus
955 1360 1063 1412 suis,
1105 1364 1204 1400 tunc
1243 1360 1442 1415 temporis
1473 1360 1514 1400 in
1549 1373 1597 1400 ea
1626 1360 1730 1401 urbe

294 1416 505 1471 stipendia
545 1417 822 1467 merentibus,
866 1418 1042 1472 accepit.
1110 1416 1192 1459 Sed
1234 1431 1346 1458 noue
1376 1417 1505 1472 frugis
1545 1417 1727 1459 accessio

293 1474 534 1515 labentibus
566 1475 748 1515 hostium
784 1475 992 1516 alimentis
1014 1476 1219 1529 opitulata
1240 1479 1317 1527 est,
1348 1474 1511 1517 hisdem
1540 1490 1592 1516 ex
1614 1476 1728 1530 regie

292 1532 566 1586 profeccionis
597 1534 872 1574 cunctacione
903 1533 1245 1574 instruendorum
1286 1533 1497 1574 frumento
1539 1533 1728 1574 uicorum

290 1603 492 1644 perquam
526 1591 629 1631 utile
659 1591 738 1631 sibi
768 1591 1056 1632 laxamentum
1089 1591 1366 1634 sumentibus,
1427 1590 1567 1632 Huius
1599 1605 1727 1646 expe-

292 1646 467 1688 dicionis
500 1648 695 1701 opinione
728 1649 875 1703 perciti
911 1648 1280 1703 Walogastenses,
1312 1648 1589 1704 profundiora
1620 1648 1727 1690 Peni

291 1705 423 1746 amnis
455 1706 548 1746 loca
573 1706 719 1747 crebro
743 1707 882 1761 lapide
916 1707 1144 1760 complent,
1166 1707 1354 1747 menium
1376 1721 1546 1748 suorum
1567 1706 1726 1747 aditum

291 1762 500 1818 nauigiis*
531 1765 737 1818 negaturi.
800 1764 914 1812 Quos
940 1764 1129 1805 Absalon
1162 1763 1320 1806 hisdem
1355 1765 1468 1806 aluei
1498 1764 1600 1805 locis
1633 1777 1726 1818 ege-

289 1833 381 1861 rere
428 1822 624 1875 cupiens,
670 1822 875 1863 trahende
921 1835 1062 1862 secum
1108 1823 1340 1863 iuuentutis
1388 1822 1527 1875 gracia
1573 1836 1725 1876 corpus

290 1877 407 1932 aquis
439 1879 690 1933 immergere
723 1894 805 1920 non
836 1880 1068 1932 dubitauit,
1102 1893 1256 1934 easque
1287 1880 1496 1934 lapidibus
1527 1879 1725 1921 uacuefa-

291 1935 453 1989 ciendo,
486 1941 686 1991 quantum
719 1937 1041 1979 transmittende
1072 1938 1194 1979 classi
1217 1939 1316 1980 satis
1341 1942 1441 1987 erat,
1473 1937 1527 1979 ad
1559 1938 1726 1992 pacien-

290 1997 377 2034 tem
421 1994 704 2048 nauigacionis
747 1996 931 2038 habitum
981 1995 1203 2050 perduxit,
1248 2009 1483 2051 quanquam
1527 1995 1727 2050 oppidani

289 2051 504 2092 machinas
548 2067 645 2093 suas
692 2053 766 2094 tali
812 2058 1146 2107 temperamento
1193 2054 1438 2103 librassent,
1485 2058 1532 2094 ut
1576 2052 1726 2094 eadem

290 2109 423 2150 amnis
456 2110 596 2164 spacia
628 2112 750 2152 certis
782 2111 934 2152 ictibus
966 2110 1238 2153 destinarent.
1301 2111 1464 2159 Quibus
1497 2110 1725 2152 obstaculis

289 2167 467 2208 transitu
489 2168 755 2221 uacuefacto,
781 2169 942 2210 facilem
965 2169 1088 2209 sociis
1118 2169 1301 2223 petende
1326 2168 1726 2224 circunsidendeque

289 2224 404 2266 urbis
444 2224 600 2266 aditum
643 2227 809 2268 struxit.
872 2226 1107 2268 Obsidione
1148 2231 1289 2281 cepta,
1329 2226 1450 2267 refixi
1491 2226 1571 2267 sub
1608 2227 1725 2281 aquis

290 2282 466 2336 stipites,
489 2296 667 2338 quorum
690 2283 938 2339 frequencia
959 2283 1161 2338 oppidum
1186 2290 1275 2325 erat
1305 2284 1523 2336 uallatum,
1555 2284 1727 2338 nauigia

289 2340 458 2394 propius
503 2341 717 2395 appellere
758 2343 870 2396 passi
914 2355 998 2383 non
1040 2346 1148 2383 sunt.
1224 2341 1346 2383 Hanc
1391 2341 1725 2396 oppugnacionis

290 2394 591 2453 difficultaltem
622 2398 840 2454 Danorum
873 2400 1050 2440 iuuenes
1083 2400 1241 2440 uirtute
1263 2413 1464 2454 superare
1491 2399 1723 2453 cupientes,

288 2469 374 2496 non
389 2459 683 2510 temperauere
692 2457 791 2507 sibi,
809 2471 893 2512 quo
908 2457 1058 2507 minus,
1071 2457 1252 2512 nauigiis
1269 2471 1293 2497 a
1305 2456 1517 2512 profundo
1540 2456 1725 2508 remotis,

288 2512 468 2567 pedibus
500 2514 542 2554 in
575 2514 1066 2569 aquam-,descenderent
1098 2515 1295 2570 uadaque
1318 2514 1449 2569 gradu
1483 2515 1724 2555 lustrarent.

290 2569 456 2612 Contra*
482 2572 682 2626 oppidani
712 2572 996 2613 in‘subiectos
1031 2573 1220 2614 cominus
1243 2573 1328 2613 tela
1355 2572 1506 2625 iacere,
1538 2572 1727 2625 nauigia-

289 2641 369 2682 que
400 2631 621 2671 tormentis
653 2629 800 2685 procul
830 2630 1040 2671 incessere
1082 2633 1306 2685 ceperunt,
1340 2643 1517 2684 quorum
1550 2628 1726 2670 eximios

288 2686 422 2728 iactus
454 2686 627 2730 eludere
660 2701 788 2744 quam
817 2687 1013 2744 excipere
1045 2688 1181 2729 sacius
1222 2687 1496 2730 existimares.
1558 2687 1726 2742 Anceps

1785 706 1859 758 tm)v

1747 1776 1827 1804 CXC
