1884 3126
304 545 320 570 5

286 828 321 855 10

286 1115 321 1142 15

283 1402 320 1428 20

284 1689 319 1715 25

285 1976 323 2003 30

287 2262 324 2290 35

285 2550 321 2576 40

357 180 438 220 562
892 197 942 204 —
1004 169 1142 213 XIIII
1203 192 1255 199 —-—

355 302 594 344 hortacione
633 299 846 347 sollicitat3
889 296 1218 338 erubescendum
1258 310 1373 337 more
1415 296 1572 337 crimen
1616 310 1791 350 operoso

355 357 633 401 festinacionis
682 355 892 409 impendio
944 354 1234 395 redimendum
1282 354 1491 403 affirmat,
1538 353 1665 407 quod,
1708 354 1791 394 iam

355 413 691 468 com<m>eatibus
737 412 855 466 quasi
902 426 976 465 per
1022 412 1158 452 ocium
1209 415 1250 452 et
1299 412 1497 452 inerciam
1549 411 1792 464 absumptis,

354 473 532 513 inaniter
563 475 726 523 tempus
753 469 915 509 triuisse
938 469 1173 510 uideantur.
1229 468 1292 509 Ea
1314 482 1379 508 res
1402 468 1567 508 diuerso
1590 468 1793 508 maiorum

350 529 499 570 iudicio
545 532 722 580 excepta
767 530 846 578 est,
893 526 1093 580 uariaque
1135 525 1347 567 sentencia
1393 525 1518 566 duces
1564 525 1782 566 consilium

355 585 586 639 agitabant,
619 584 723 634 aliis,
755 588 1055 623 tormentorum
1089 584 1320 637 magistros,
1354 583 1552 636 expositis
1574 583 1615 623 in
1638 587 1792 623 terram

354 641 575 697 equitibus,
608 640 890 681 deturbandos
923 640 1189 694 obiectasque
1212 646 1323 681 rates
1345 640 1523 680 transitu
1545 640 1795 680 submouen-

354 699 449 749 das,
493 698 783 746 hortantibus,
827 698 940 749 aliis,
987 698 1026 737 in
1059 702 1196 738 tantas
1227 698 1441 751 angustias
1472 697 1633 750 ingenti
1664 697 1793 738 classe

353 760 509 796 temere
531 754 871 809 procurimendum
893 755 1146 796 uetantibus.
1204 755 1398 806 Quidam,
1420 754 1608 795 hostibus
1630 755 1793 795 laxiore

352 813 459 854 freto
505 812 737 874 pieteritis
791 812 1004 865 regionem
1051 812 1175 853 armis
1222 811 1507 866 occupandam
1556 812 1792 853 censebant.

354 870 551 911 Protinus
574 870 683 909 enim
704 868 936 922 Erlingum,
966 874 1038 910 aut
1060 869 1277 923 pugnandi
1313 874 1386 910 aut
1407 869 1598 923 fugiendi
1620 870 1795 910 necessi-

354 931 440 968 tate
491 928 776 981 perstrictum,
838 927 999 980 quesita
1059 927 1243 967 locorum
1302 927 1484 980 presidia
1535 927 1791 968 relicturum.

353 985 442 1026 Alii
464 998 580 1031 uero,
618 984 800 1024 absentis
825 984 998 1038 periculi
1020 988 1254 1038 presentem
1289 989 1446 1025 metum
1478 984 1680 1037 ridentes,
1712 998 1792 1025 non

354 1047 451 1083 ante
483 1041 788 1082 deliberacione
819 1042 1030 1094 agendum
1064 1041 1284 1093 docebant,
1319 1056 1445 1095 quam
1467 1055 1532 1082 res
1554 1056 1597 1082 se
1619 1042 1791 1096 propius

352 1099 668 1154 inspectandam
692 1098 885 1138 dedisset.
939 1099 1011 1141 Hi,
1038 1099 1163 1140 celeri
1185 1113 1382 1153 processu
1402 1099 1604 1140 utendum
1627 1099 1794 1140 hortan-

353 1161 438 1208 tes,
485 1157 617 1197 ociose
660 1155 960 1209 naluigacionis
1006 1171 1141 1197 moras
1184 1156 1395 1210 amputari
1440 1156 1653 1197 iubebant,
1727 1156 1793 1197 Ita

353 1219 594 1255 cunctorum
626 1213 838 1254 sentencia
871 1214 1071 1265 uariante,
1103 1213 1299 1255 Nicolaus
1331 1213 1497 1268 quidam
1521 1219 1793 1268 cognomento

352 1271 453 1323 Bos,
487 1276 589 1311 natu
620 1285 743 1325 quam
776 1271 933 1311 uirtute
966 1271 1156 1323 nobilior,
1188 1271 1331 1311 mirari
1352 1285 1408 1322 se,
1430 1271 1577 1325 inquit,
1600 1285 1671 1312 cur
1691 1271 1793 1312 uiris

354 1330 523 1370 racione
556 1328 768 1368 utentibus
800 1328 1039 1384 inclytoque
1071 1329 1156 1370 solo
1188 1329 1320 1379 natis,
1363 1329 1626 1370 amenissime
1658 1329 1792 1383 patrie

351 1388 512 1440 gremio
546 1386 702 1437 relicto,
736 1390 795 1425 tot
826 1386 984 1427 inculta
1016 1387 1202 1427 locorum
1224 1386 1364 1440 spacia
1386 1400 1602 1440 pererrare
1630 1386 1792 1438 liberet,

353 1444 571 1498 presertim
604 1443 754 1497 quibus
785 1443 888 1483 nihil
913 1448 1053 1497 preter
1075 1458 1223 1499 aspera
1243 1457 1346 1484 saxa
1365 1447 1492 1498 atque
1514 1444 1648 1484 inuias
1671 1458 1795 1498 rupes

354 1506 600 1542 occurreret.
664 1500 725 1541 Eo
757 1501 965 1553 siquidem
997 1501 1211 1542 demencie
1242 1505 1416 1541 uentum
1447 1515 1550 1551 esse,
1582 1507 1627 1541 ut
1650 1501 1794 1542 ultime

353 1573 524 1600 erumne
567 1572 819 1599 summarum
867 1558 1131 1613 uoluptatum
1179 1559 1273 1600 loco
1319 1558 1535 1600 ducantur.
1607 1557 1716 1599 Nam
1761 1558 1795 1599 si

353 1630 494 1670 regem
528 1615 744 1669 Noruagia
775 1616 899 1670 potiri
931 1617 1159 1670 contingat,
1193 1617 1301 1661 fore
1341 1621 1387 1657 ut
1427 1616 1520 1671 plus
1557 1616 1710 1656 laboris
1742 1630 1793 1657 ex

351 1679 526 1728 utroque
561 1687 689 1727 regno
722 1687 849 1727 quam
880 1673 1113 1728 uoluptatis
1153 1688 1205 1714 ex
1250 1673 1380 1714 altero
1422 1674 1474 1714 sit
1514 1679 1795 1728 perQCeptulus

352 1730 562 1772 1³1NJe²sste1e
556 1745 579 1770 -ι
601 1745 693 1771 cum
713 1731 792 1770 iam
813 1731 1047 1772 labencium
1070 1732 1364 1772 alimentorum
1385 1732 1607 1772 necessitas
1629 1736 1790 1785 uigeat

353 1789 386 1829 si
419 1789 582 1841 lonoius
613 1788 834 1841 nauigacio
868 1788 1121 1842 proferatur,
1154 1789 1266 1829 haud
1295 1802 1506 1843 quaquam
1542 1794 1796 1829 commeatus

353 1846 507 1886 reditui
537 1845 797 1886 suffecturos.
859 1845 952 1886 Hec
984 1847 1037 1887 ab
1069 1860 1117 1887 eo
1154 1846 1340 1886 timidius
1380 1860 1505 1900 quam
1546 1846 1796 1900 prudencius

355 1903 466 1944 dicta
503 1903 671 1944 silencio
711 1903 883 1957 probari
925 1903 1189 1945 uidebantur.
1251 1903 1371 1951 Quod
1411 1903 1566 1944 dictum
1608 1903 1796 1944 Absalon

354 1960 520 2002 diuersa
551 1975 574 2001 a
607 1961 754 2001 ceteris
786 1961 1058 2002 estimacione
1098 1975 1379 2014 commensus,
1422 1960 1600 2001 dimissis
1640 1960 1796 2008 amicis,

354 2019 586 2059 solitarium
618 2032 761 2072 regem
794 2019 928 2059 acrius
962 2019 1184 2073 obiurgare
1216 2019 1340 2073 cepit,
1372 2018 1481 2072 quod
1513 2017 1677 2059 Nicolai
1707 2032 1797 2058 sen-

354 2076 554 2126 tenciam,
600 2090 761 2116 summa
803 2075 1127 2130 reprehensione
1159 2076 1350 2130 dignam,
1390 2075 1674 2116 taciturnitate
1706 2089 1798 2130 pro-

354 2132 542 2185 bauerit,
586 2147 763 2187 eamque
803 2133 939 2187 plenis
986 2134 1235 2175 contumelie
1275 2133 1480 2187 responsis
1522 2133 1798 2187 predamnare

353 2204 499 2245 passus
529 2205 614 2231 non
645 2191 710 2231 sit.
776 2190 865 2238 Que
898 2191 1010 2231 enim
1041 2191 1096 2231 ab
1128 2205 1176 2232 eo
1206 2205 1282 2246 per
1303 2190 1531 2231 ludibrium
1553 2190 1663 2230 dicta
1684 2190 1798 2231 uide-

359 2249 520 2300 bantur,
545 2249 749 2289 acerrima
774 2248 973 2289 faccionis
996 2249 1265 2289 incitamenta
1288 2248 1425 2288 fuisse.
1473 2247 1599 2288 Cuius
1620 2248 1653 2288 si
1675 2247 1799 2288 comi-

356 2309 491 2346 tatum
522 2306 637 2346 nullo
669 2305 710 2346 in
743 2312 956 2346 momento
992 2306 1212 2360 posuisset,
1245 2310 1475 2359 cunctaque
1504 2319 1552 2346 eo
1574 2305 1798 2357 desertore,

356 2376 478 2417 quam
522 2363 694 2414 comite,
739 2363 886 2403 melius
927 2363 1175 2418 exequenda
1216 2362 1411 2414 dixisset,
1455 2367 1637 2412 ceteros,
1678 2364 1799 2403 unius

359 2421 514 2461 rubore
546 2426 769 2474 permotos,
809 2419 955 2460 similis
989 2420 1202 2475 opprobrii
1231 2426 1343 2460 metu
1375 2421 1588 2460 silencium
1622 2426 1798 2460 acturos.

354 2477 485 2518 Nunc
515 2491 628 2530 uero,
662 2491 755 2518 cum
786 2483 858 2518 aut
890 2478 1144 2519 consenserit
1175 2483 1247 2518 aut
1269 2477 1503 2518 consentire
1526 2477 1638 2518 uisus
1662 2477 1799 2524 fuerit,

351 2549 486 2590 neque
511 2535 651 2590 palam
685 2549 779 2577 eum
802 2534 1037 2576 timiditatis
1059 2535 1386 2589 exprobracione
1408 2535 1658 2588 confuderit,
1683 2535 1800 2575 breui

1823 1739 1884 1767 CL]
