1884 3126
55 918 88 944 10

58 1208 88 1234 15

51 1497 87 1523 ‘20

49 1787 86 1814 25

49 2078 85 2105 30

46 2366 84 2394 35

47 2659 83 2687 40

664 278 713 283 —
776 253 917 296 XIIII
976 279 1030 285 —-
1486 255 1568 298 467

120 381 312 435 fuerant,
354 384 520 440 experti
561 388 671 425 sunt.
733 382 842 423 Tum
885 395 987 423 uero
1029 396 1106 423 rex
1150 385 1193 424 et
1223 381 1264 423 in
1298 381 1456 437 Plogo,
1500 382 1569 437 qui

124 441 296 483 Ericum
331 441 555 491 occiderat,
587 440 800 496 singulare
821 440 992 495 pietatis
1016 440 1226 495 specimen
1250 439 1379 481 dedit.
1421 439 1572 495 Neque

125 499 234 540 enim
266 514 290 540 a
321 501 453 554 patris
484 499 754 541 interfectore
786 513 917 553 penas
942 498 1113 552 exigere
1147 497 1293 550 uoluit,
1324 498 1419 553 plus
1453 497 1570 540 dedi-

122 558 252 599 cionis
283 558 476 600 moribus·
503 572 626 613 quam
672 557 848 598 ulcionis
889 556 1046 598 aculeis
1089 555 1320 597 debiturus.
1394 555 1570 598 Ceteros

121 629 291 671 quoque
325 630 402 657 nec
434 621 568 658 morte
597 629 675 657 nec
697 615 899 669 capcione
923 615 1149 656 mulctatos
1181 614 1343 669 absque
1373 614 1570 670 redemp-

122 674 240 715 cione
274 674 457 728 dimittit,
491 674 705 729 prefatus,
739 687 783 714 se
828 686 971 714 eorum
1005 672 1208 727 obsequia
1241 686 1289 713 ac
1321 672 1415 714 odia
1447 673 1570 714 iuxta

123 733 430 774 estimaturum.
482 731 597 773 Nihil
630 732 739 773 enim
771 731 819 771 iis
842 744 1045 786 prospere
1077 744 1310 782 cessurum,
1345 731 1415 785 qui
1438 731 1570 773 tocies

122 790 263 831 mobili
310 790 392 831 fide
435 794 476 832 et
515 796 780 832 sacramento
827 788 1020 830 fuissent.
1096 787 1270 829 Dimissi
1323 803 1416 829 cum
1463 789 1569 830 duce

124 848 297 889 exilium
329 849 657 903 amplectuntur.
720 846 767 888 Id
803 847 915 887 enim
937 847 1078 901 gracie
1102 846 1212 901 apud
1248 860 1348 887 suos
1371 846 1570 889 Kanutus

122 906 316 959 babebat,
350 910 397 947 ut
427 906 528 947 nulli
560 920 762 961 umquam
792 905 961 946 fortuna
994 904 1081 946 eius
1113 903 1283 946 fastidio
1323 910 1449 946 esset.
1512 906 1569 946 At

122 964 337 1005 Fresones
369 965 525 1005 mulcte
555 965 725 1005 nomine
758 962 840 1004 duo
876 963 988 1003 milia
1019 962 1217 1003 librarum
1251 963 1341 1017 regi
1373 977 1468 1003 cum
1499 962 1571 1005 ob-

121 1021 280 1063 sidibus
314 1022 517 1076 pendunt.
588 1023 690 1064 Post
721 1021 822 1073 hec,
855 1022 944 1062 siue
977 1021 1132 1062 rubore
1162 1021 1264 1075 fuge
1295 1020 1385 1062 siue
1417 1025 1569 1063 nature

122 1079 359 1122 stoliditate
402 1081 664 1136 compuncti,
709 1079 1031 1120 Waldemarum
1080 1079 1327 1132 obsecrant,
1372 1085 1570 1134 precetur

122 1152 280 1193 regem,
313 1137 470 1179 bellum
503 1153 600 1179 cum
632 1139 691 1181 eis
732 1137 812 1178 hac
852 1138 948 1192 lege
987 1138 1135 1178 iteret.
1167 1142 1215 1177 ut
1246 1137 1385 1178 uictor
1417 1151 1570 1192 equam

120 1197 249 1251 priori
272 1210 479 1237 summam
502 1196 691 1252 recipiat,
723 1196 859 1237 uictus
883 1210 936 1236 ex
958 1197 1093 1236 ueteri
1116 1196 1334 1250 pensione,
1366 1200 1568 1250 quantum

120 1254 320 1295 'Kanutus
358 1254 667 1309 spoponderat,
713 1254 913 1296 remittat.
975 1253 1053 1294 Ille
1093 1253 1363 1310 precancium
1403 1254 1570 1295 temeri-

122 1316 252 1353 tatem
276 1313 543 1366 incertosque
564 1326 708 1368 pugne
727 1317 905 1354 euentus
923 1312 1124 1352 solercius
1143 1312 1356 1361 estimans,
1380 1317 1569 1353 extreme

122 1370 345 1412 demencie
378 1384 506 1412 uoces
540 1371 703 1412 consilii
744 1370 808 1411 sui
839 1369 1088 1410 salubritate
1121 1369 1329 1422 cohibuit,
1362 1383 1569 1425 perquam

120 1428 296 1469 stultum
319 1427 582 1480 affirmando,
615 1429 751 1470 uictos
774 1443 798 1469 a
822 1428 982 1468 uictore
1005 1428 1151 1469 noxias
1176 1427 1273 1469 belli
1296 1427 1568 1471 condiciones

118 1491 335 1540 expetere.
397 1486 568 1528 Interea
602 1486 799 1528 Kanutus
825 1486 938 1541 apud
972 1483 1257 1542 Gerlmaniam
1291 1485 1565 1540 Fridericum,

119 1544 310 1586 Romano
353 1549 546 1586 recenter
598 1545 775 1599 imperio
819 1544 1030 1597 functum,
1076 1544 1223 1585 auxilii
1264 1544 1567 1599 imploracione

120 1602 331 1655 sollicitat,
363 1603 625 1657 promittens,
657 1617 703 1644 se
733 1602 868 1657 patrie
900 1602 1245 1657 procuracionem
1269 1602 1310 1642 in
1343 1602 1433 1643 eius
1458 1602 1471 1656 Η
1498 1604 1566 1644 be-

120 1660 267 1701 neficio
315 1661 615 1716 repositurum.
694 1661 957 1715 Imperator,
1006 1661 1071 1701 cui
1118 1664 1158 1700 et
1205 1674 1367 1701 summa
1414 1666 1566 1703 nature

119 1717 326 1759 calliditas
369 1723 411 1760 et
458 1719 642 1759 maxima
687 1718 929 1773 proferendi
978 1719 1140 1774 imperii
1188 1718 1397 1773 cupiditas
1442 1725 1566 1770 esset,

117 1782 279 1817 tantum
311 1777 436 1817 alieni
460 1778 502 1818 in
525 1777 732 1818 dicionem
757 1791 876 1818 suani
900 1777 1096 1831 redigere
1118 1776 1283 1827 auidus,
1306 1776 1566 1830 Suenonem,

119 1834 274 1876 ueteris
307 1834 494 1876 amicicie
529 1840 571 1877 et
604 1835 838 1876 commilicii
872 1836 1106 1888 monitum,
1150 1835 1357 1889 promisso
1390 1834 1565 1877 honoris

118 1893 399 1945 incremento,
446 1893 499 1934 ad
553 1893 882 1948 colloquendum
934 1893 1011 1934 sibi
1055 1893 1332 1934 simulacione
1380 1893 1566 1935 caritatis

118 1950 282 2003 inuitat,
330 1951 531 1993 eximiam
578 1951 655 1992 sibi
702 1951 867 1993 uisendi
919 1951 1006 1992 eius
1054 1950 1296 2006 cupidinem
1343 1951 1565 1993 incessisse

119 2008 383 2062 significans,
440 2009 512 2051 sed
542 2008 749 2051 'Romane
796 2010 1030 2050 maiestatis
1078 2009 1424 2064 amplitudinem,
1481 2024 1563 2065 quo

116 2067 250 2107 minus
284 2081 378 2108 eum
411 2068 596 2119 accedat,
629 2068 847 2109 obsistere.
894 2067 1061 2122 Quippe
1085 2067 1240 2118 Saeuo,
1273 2067 1563 2109 adolescencie

118 2130 305 2179 tempore
346 2125 534 2166 militaris
580 2126 640 2167 rei
672 2125 951 2180 perdiscende
995 2125 1136 2179 gracia
1170 2125 1355 2167 conradi
1398 2125 1565 2167 Cesaris

117 2183 356 2223 clientelam
387 2183 616 2237 ingressus,
649 2197 740 2224 cum
763 2182 994 2232 Friderico,
1027 2183 1163 2224 adhuc
1190 2184 1357 2237 priuate
1379 2183 1562 2237 fortune,

119 2254 242 2294 quem
288 2245 328 2281 et
376 2244 486 2282 etate
528 2245 569 2282 et
611 2242 782 2295 ingenio
815 2242 1021 2296 equabat,
1055 2241 1124 2281 diu
1158 2241 1394 2282 sodalitatis
1426 2241 1564 2283 officia

117 2301 317 2352 gesserat.
381 2298 534 2353 Itaque
555 2313 640 2340 non
664 2299 775 2354 quod
808 2298 1064 2340 fallacissimi
1098 2299 1283 2340 hominis
1318 2300 1562 2341 commentis

117 2355 320 2405 crederet,
352 2361 425 2398 aut
455 2357 594 2398 emulo
628 2357 789 2412 asylum
824 2357 994 2398 demere
1027 2357 1180 2407 uellet,
1212 2356 1287 2398 sed
1320 2362 1368 2398 ut
1397 2357 1488 2398 sola
1519 2371 1563 2399 se

117 2413 341 2467 Germanis
392 2413 503 2455 fama
555 2415 767 2469 cognitum
821 2415 951 2456 eciam
1004 2414 1281 2470 spectandum
1325 2415 1563 2467 subiiceret,

115 2475 444 2527 presentemque
487 2472 597 2513 fame
636 2486 710 2514 sue
739 2471 744 2524 Ι
778 2473 1047 2514 miratoribus
1091 2472 1334 2524 exhiberet,
1377 2473 1559 2515 culciore

114 2542 270 2585 pompa
302 2530 528 2571 instructus
561 2529 805 2571 mandatum
838 2531 1077 2585 exequitur.
1119 2529 1215 2579 >Nec
1246 2544 1395 2584 parum
1427 2531 1562 2584 glorie

115 2587 227 2642 apud
260 2588 415 2629 curiam
450 2588 764 2640 magnificencia
796 2589 994 2630 clientele
1034 2595 1076 2630 et
1118 2592 1343 2643 apparatus
1377 2593 1561 2630 ostenta-

114 2647 234 2687 cione
257 2646 480 2700 contraxit,
513 2647 730 2701 tociusque
763 2647 800 2687 in
827 2662 870 2688 se
893 2646 1122 2689 Germanic
1146 2646 1290 2687 oculos
1314 2647 1367 2687 ob
1390 2648 1559 2690 uirtutis

1355 2714 1423 2751 30*

1620 1500 1647 1525 p.
1668 1491 1718 1518 692

1623 1608 1718 1642 (262)

1616 2491 1643 2515 p.
1662 2482 1714 2510 693
