1884 3126
703 264 757 270 ——
817 239 934 281 XIII
996 262 1048 269 —-
1527 238 1608 279 427

154 368 270 410 nium
302 368 391 410 dies
425 367 624 410 continuo
657 367 845 421 feriatis,
879 367 1080 410 Kanutus
1112 382 1161 410 ac
1195 368 1399 420 Magnus,
1442 365 1610 422 publico

154 427 236 468 iam
284 431 528 477 conuentu!
558 427 726 479 soluto,
779 429 885 468 sacri
928 427 1133 482 temporis
1177 426 1395 468 residuum
1436 424 1609 466 diuiduo
1668 433 1766 466 v-638

155 499 358 540 peregere
419 485 705 527 contubernio.
797 484 960 526 Eodem
1021 485 1132 527 forte
1196 491 1388 539 tempore
1439 482 1609 538 quidam

156 542 332 585 Kanuto
366 543 418 584 ad
447 543 617 585 modum
652 543 857 597 sanguine
889 544 1139 585 coniunctus
1182 543 1223 584 in
1257 544 1346 584 eius
1379 545 1610 597 conspectu

106 617 121 642 5
156 601 432 643 dissidentem
456 617 598 644 secum
622 601 795 642 militem
818 601 931 644 fuste
953 615 1198 657 percussum
1222 601 1448 651 interemit,
1482 604 1610 655 atque

155 659 209 700 ob
253 660 294 700 id
345 660 460 701 curia
504 660 621 702 abire
665 660 829 714 iussus,
876 660 1082 715 Magnum
1127 659 1292 714 petiuit.
1369 657 1610 700 Prouidens

154 723 299 759 autem
322 718 518 772 Magnus,
551 732 603 760 ne
634 732 710 773 per
741 732 839 759 eum
871 718 1004 759 ullum
1030 718 1194 759 consilii
1226 719 1290 758 sui
1322 716 1523 758 indicium
1555 715 1608 758 ad

155 777 373 817 Kanutum
424 780 637 827 manaret,
680 780 829 830 nocte,
877 791 959 832 qua
1007 776 1059 817 ad
1107 775 1357 817 detestabile
1401 775 1610 816 carnificis

155 835 429 876 ministerium
463 835 756 890 peragendum
790 834 1021 884 contendit,
1055 835 1210 877 ceteris
1243 849 1287 875 se
1321 834 1440 889 sequi
1472 833 1610 887 iussis,

86 907 122 933 10
153 893 289 934 solum
325 893 449 946 hunc,
481 894 657 947 pristina
688 893 850 935 Kanuti
880 893 1167 934 familiaritate
1191 896 1448 947 suspectum,
1483 892 1609 935 comi-

155 957 239 993 tem
274 952 501 994 recusauit.
565 951 736 994 Consilii
779 952 932 994 deinde
965 951 1193 1007 participes
1230 949 1502 992 iureiurando
1537 951 1610 992 ob-

154 1009 322 1051 strictos
356 1010 479 1051 fidem
514 1009 655 1053 facere
693 1011 909 1065 compulit,
942 1010 1113 1052 silencio
1147 1023 1192 1051 se
1223 1013 1374 1050 cuncta
1406 1012 1608 1051 tecturos.

154 1069 260 1109 Post
293 1068 372 1109 hec
414 1068 588 1110 militem
631 1069 797 1111 latebra
830 1068 989 1110 claudit
1031 1068 1288 1123 insidiasque
1321 1068 1610 1123 circunspecta

153 1127 346 1168 locorum
379 1127 653 1180 obscuritate,
687 1127 886 1182 disponit.
950 1127 1051 1168 Mox
1078 1126 1312 1177 Kanutum,
1345 1126 1458 1180 apud
1493 1126 1610 1182 oppi-

87 1198 121 1225 15
155 1185 253 1226 dum
280 1184 600 1227 Haralstadium
633 1187 686 1227 ab
710 1185 847 1237 Erico,
880 1185 1062 1227 Falstrie
1095 1185 1334 1240 prefecture
1365 1184 1471 1237 uiro,
1496 1184 1610 1226 domi

154 1247 400 1298 exceptum,
444 1258 518 1299 per
561 1244 875 1286 coniuratorum
921 1243 1156 1299 quendam,
1187 1257 1344 1297 genere
1380 1242 1610 1294 Saxonem,

153 1305 243 1342 arte
293 1307 532 1354 cantorem,
586 1302 674 1344 sine
722 1303 890 1344 arbitris
937 1302 1016 1343 sibi
1065 1302 1239 1343 obuium
1287 1300 1431 1342 uenire
1478 1302 1607 1343 iubet.

154 1359 364 1401 Occursus
397 1360 537 1401 locum
571 1360 682 1416 apud
718 1361 903 1403 citimum
927 1361 1026 1402 uille
1057 1375 1206 1402 nemus
1230 1359 1472 1401 denunciat.
1517 1360 1608 1411 Ille,

152 1418 256 1459 nihil
288 1418 329 1459 in
362 1432 406 1459 re
440 1419 521 1461 doli
554 1419 807 1474 suspicatus,
842 1419 1009 1461 duobus
1044 1423 1209 1460 tantum
1231 1418 1422 1459 militaris
1451 1418 1608 1460 ordinis

82 1489 120 1516 ‘20
151 1477 251 1518 uiris
274 1475 537 1532 totidemque
569 1478 842 1532 equisonibus
865 1478 904 1519 in
940 1477 1187 1519 comitatum
1210 1476 1450 1530 assumptis,
1484 1477 1608 1518 armis

153 1548 316 1576 uacuus
350 1548 504 1590 equum
537 1536 700 1591 petiuit,
732 1550 870 1591 neque
902 1536 1023 1577 lateri
1057 1550 1133 1577 suo
1166 1535 1268 1576 ferri
1300 1534 1606 1576 munimentum

152 1591 429 1647 ad<s>eiscere
471 1608 569 1635 cure
613 1594 774 1636 habuit.
846 1594 984 1641 Quem
1026 1608 1120 1634 cum
1165 1608 1186 1634 e
1227 1592 1394 1634 famulis
1437 1593 1606 1648 quidam

151 1651 292 1705 gladio
328 1654 512 1693 uacuum
542 1652 740 1695 incedere
764 1653 987 1703 uetuisset,
1020 1666 1286 1707 nequaquam
1309 1665 1353 1692 se
1385 1652 1425 1692 in
1459 1651 1607 1692 salutis

152 1710 330 1750 tutelam
364 1709 477 1751 ferro
511 1724 615 1765 opus
641 1711 812 1758 habere,
835 1710 1068 1765 respondit.
1112 1709 1296 1751 Tantum
1320 1709 1433 1751 enim
1454 1710 1607 1751 fiducie

81 1779 116 1806 ‘25
150 1772 192 1809 et
234 1768 351 1822 pacis
394 1768 435 1808 in
478 1768 623 1823 Magni
664 1769 868 1811 societate
913 1773 1184 1824 reposuerat,
1225 1773 1271 1809 ut
1312 1768 1354 1809 in
1387 1781 1606 1809 occursum

152 1825 242 1867 eius
275 1840 328 1867 ne
359 1840 461 1867 ense
494 1827 673 1882 quidem*
697 1827 901 1868 utendum
938 1832 1119 1882 putaret.
1165 1826 1373 1868 Monitore
1406 1840 1521 1874 uero,
1553 1840 1607 1868 ne

151 1883 311 1925 ferrum
346 1885 574 1932 omitteret,
609 1885 841 1936 insistente,
875 1899 974 1939 egre
1008 1885 1196 1941 gladium
1230 1884 1423 1940 sumpsit.
1486 1883 1606 1925 Tunc

152 1946 310 1992 cantor,
345 1943 459 1997 quod
483 1942 707 1985 Kanutum
731 1943 931 1985 Saxonici
964 1948 1004 1984 et
1039 1944 1142 1984 ritus
1178 1947 1218 1984 et
1250 1943 1431 1984 nominis
1464 1957 1605 1984 aman-

151 2000 358 2041 tissimum
402 2001 575 2051 scisset,
623 2003 787 2043 cautela
826 2002 980 2043 sensim
1023 2002 1232 2043 instruere
1274 2002 1465 2054 cupiens,
1510 2015 1605 2042 cum

80 2070 116 2096 30
148 2057 419 2100 iurisiurandi
450 2060 610 2114 religio,
646 2075 728 2115 quo
754 2061 890 2101 minus
913 2060 953 2101 id
989 2064 1149 2115 ageret,
1183 2059 1352 2101 obstare
1377 2058 1604 2110 uideretur,

151 2117 248 2172 quia
287 2117 447 2171 liquido
490 2118 610 2160 nefas
651 2117 888 2172 ducebat,*
928 2119 1008 2160 sub
1038 2118 1256 2160 inuolucro
1298 2132 1387 2159 rem
1419 2117 1600 2173 prodere
1622 2126 1796 2155 cxxvua

151 2174 399 2226 conabatur,
438 2176 727 2231 integritatem
773 2191 890 2218 suam
926 2177 1037 2219 inter
1068 2176 1196 2218 fidum
1241 2177 1383 2218 arcani
1417 2180 1458 2218 et
1489 2177 1605 2231 pium

151 2233 398 2274 innocencie
440 2232 703 2277 seruatorem
743 2236 938 2290 partitus,
1002 2235 1141 2290 Igitur
1182 2235 1476 2290 speciosissimi
1518 2248 1605 2275 car-

152 2291 275 2332 minis
308 2295 512 2334 contextu
544 2294 806 2335 notissimam
831 2292 1036 2335 Griniilde
1070 2307 1171 2348 erga
1201 2293 1353 2334 fratres
1386 2292 1604 2349 perfidiam

80 2360 116 2387 35
149 2349 201 2390 de
237 2348 498 2403 indust[i]ria
530 2365 768 2393 memorare
800 2351 989 2401 adorsus,
1020 2351 1183 2393 famose
1215 2351 1375 2392 fraudis
1409 2350 1604 2406 exemplo

151 2407 350 2448 similium
382 2408 419 2448 ei
450 2414 609 2451 metum
640 2410 890 2463 ingenerare
922 2410 1129 2452 tentabat.
1193 2409 1276 2451 Sed
1316 2409 1439 2450 nullis
1472 2409 1603 2450 moni-

151 2469 290 2506 torum
322 2466 574 2521 ambagibus
608 2468 845 2509 securitatis
877 2467 966 2509 eius
989 2468 1183 2510 columen
1207 2464 1419 2523 quaslsare
1451 2467 1603 2522 potuit.
1658 2477 1756 2509 1³·ssssss

151 2522 336 2564 Tantum
387 2525 542 2580 quippe
584 2525 680 2567 fidei
729 2526 769 2567 in
818 2525 963 2580 Magni
1010 2526 1327 2582 propinquitate
1370 2525 1604 2580 repositum

153 2581 352 2634 habebat,
387 2587 434 2623 ut
465 2582 647 2625 salutem
669 2598 790 2626 suam
811 2584 1039 2640 periclitari
1069 2597 1195 2639 quam
1218 2583 1348 2639 ipsius
1371 2583 1603 2625 amiciciam

82 2651 119 2681 40
151 2643 300 2682 notare
349 2640 508 2685 mallet.
582 2641 720 2691 Quem
765 2645 912 2685 cantor
957 2642 1213 2686 cercioribus
1259 2640 1400 2683 adhuc
1443 2640 1604 2685 indiciis
