1884 3126
658 290 705 296 —-
770 265 909 308 XIIII
972 291 1025 297 -
1487 267 1566 308 481

112 397 265 453 perint.
318 396 400 451 Illi,
434 396 596 438 indiciis
628 395 773 438 dolum
810 394 1171 452 precurrentibus,
1203 395 1292 437 eius
1325 394 1376 438 de
1408 410 1454 437 se
1475 409 1572 450 pro-

112 456 301 512 positum
326 455 546 511 speculati,
580 454 767 510 nihilque
800 454 881 495 iam
907 455 1017 496 bone
1038 454 1128 509 spei
1150 467 1202 495 ex
1226 453 1338 509 regis
1360 454 1571 509 promissu

120 515 351 569 capientes,
369 513 562 555 Iutorum
581 512 790 566 suffragiis
805 513 967 568 regium
984 512 1060 553 sibi
1079 526 1232 554 nomen
1251 509 1572 567 con<s>ciscunt.

115 572 236 613 Tunc
280 586 356 612 rex
398 571 512 626 apud
558 570 751 612 Othenas
792 573 908 622 (nam
960 585 1011 613 eo
1054 570 1165 612 forte
1207 570 1289 612 loci
1320 570 1572 622 diuerterat)

68 646 84 671 5
118 630 347 672 contractis
371 630 413 670 in
436 630 597 685 regiam
621 630 838 682 militibus,
861 643 974 670 nunc
996 629 1201 683 singulos,
1223 642 1335 670 nunc
1351 629 1573 671 uniuersos

47 937 99 963 10-

45 1521 82 1547 ‘20

46 1811 83 1837 ‘35

49 2100 86 2126 20

115 689 278 730 arecius
313 689 557 743 percontari
590 688 724 743 cepit,
768 702 851 743 qua
892 687 978 729 fide
1011 701 1186 742 presens
1218 686 1375 729 bellum
1408 687 1573 742 ingredi

114 748 291 789 uellent.
357 746 731 803 Respondentibus
775 745 992 800 alacriter,
1034 760 1119 787 non
1165 750 1386 788 contentus
1418 746 1575 801 simpli-

116 807 246 847 citate
278 805 491 859 promissi,
525 809 789 846 sacramento
820 804 947 846 fidem
981 803 1202 858 efflagitat.
1264 804 1397 845 Illatis
1431 804 1572 858 sacris,

116 863 252 916 Suno,
294 863 385 905 siue
430 867 603 905 uetusta
644 862 909 905 Waldemari
954 863 1127 904 caritate
1168 862 1257 904 siue
1298 862 1467 917 priuato
1513 863 1573 904 in-

117 922 318 963 iuriarum
361 921 509 964 dolore
551 920 805 977 perjlmotus,
847 921 964 975 regia
995 921 1112 962 solus
1159 920 1342 963 excedit.
1405 920 1573 971 Emissi,

116 980 185 1036 qui
220 994 314 1022 eum
348 984 614 1034 reuocarent,
648 994 819 1022 causam
842 984 930 1020 tam
957 980 1094 1020 subite
1119 979 1377 1033 egressionis
1411 978 1572 1034 efflagi-

115 1043 223 1080 tant.
286 1039 482 1093 Rogatus
515 1038 707 1093 regredi,
742 1039 797 1079 ob
828 1043 1005 1093 paterne
1038 1037 1140 1078 uille
1173 1037 1441 1093 erepcionem
1474 1051 1572 1079 con-

116 1097 321 1152 queritur.
374 1096 472 1138 Rex
496 1097 815 1138 restitucionem
838 1096 1063 1152 promittit.
1127 1095 1258 1149 Suno,
1292 1110 1427 1137 seram
1463 1096 1572 1137 hanc

115 1155 324 1196 iusticiam
358 1155 576 1209 inquiens,
620 1156 660 1196 in
705 1154 897 1196 aduersis
943 1169 1117 1195 usurum
1151 1168 1195 1195 se
1226 1158 1381 1208 negat,
1416 1169 1499 1210 quo
1530 1155 1569 1196 in

66 1231 81 1254 :3
115 1213 330 1269 prosperis
362 1212 586 1254 fraudatus
631 1207 791 1254 fuerit.⁴
835 1212 973 1260 Quam
1017 1213 1071 1254 ob
1104 1226 1190 1253 rem
1224 1213 1407 1268 pocioris
1442 1213 1570 1268 partis

116 1272 319 1327 amplexu
352 1271 581 1312 solitariam
614 1269 923 1326 transiicionem
958 1285 1042 1312 non
1071 1272 1248 1325 ueritus,
1282 1272 1336 1312 ab
1363 1271 1570 1312 'iniurioso

117 1330 195 1371 sibi
234 1344 336 1383 rege
381 1329 555 1370 salutari
598 1330 774 1370 consilio
816 1328 1050 1384 (le<s>ciuit.
1114 1328 1268 1384 Itaque
1310 1329 1469 1371 iustum
1502 1330 1573 1370 de-

117 1388 316 1429 feccionis
348 1388 516 1428 titulum
560 1393 755 1441 secutus,
789 1387 1112 1429 waldemarum
1154 1389 1268 1429 auite
1310 1392 1572 1443 paterneque

115 1446 411 1487 familiaritatis
444 1451 640 1501 respectu
672 1446 911 1500 transfugio
955 1446 1119 1501 petiuit.
1184 1444 1377 1501 Cumque
1415 1446 1572 1499 Sueno,

117 1506 315 1546 roborata
346 1518 515 1546 suorum
548 1504 646 1557 fide,
680 1505 720 1544 in
745 1504 1003 1545 Sialandiam
1026 1504 1235 1557 rediisset,
1261 1510 1572 1560 consequenter

115 1563 169 1605 ab
202 1562 365 1613 emulis,
389 1562 584 1603 Iutorum
619 1562 796 1604 classem
829 1564 1047 1613 mutuatis,
1078 1563 1312 1618 impetitur.
1362 1562 1444 1611 Qui
1469 1569 1569 1604 tunc

114 1621 222 1663 forte
244 1620 470 1662 Roskildie
503 1621 621 1671 situs,
653 1620 862 1662 Eskillum
886 1636 988 1677 sepe
1020 1621 1180 1662 dictum
1213 1621 1443 1663 antistitem
1475 1635 1569 1677 pre-

116 1680 308 1734 sidiaque
340 1677 597 1720 Soa110*rum
631 1679 820 1721 accersit.
883 1679 1047 1727 Quibus
1079 1679 1344 1734 presentatis,
1376 1680 1566 1732 Petrum,

117 1738 182 1779 cui
224 1744 347 1793 pater
385 1736 650 1778 Tliorstanus
692 1741 805 1789 erat,
848 1738 1032 1779 omnium
1083 1738 1353 1780 consiliorum
1399 1752 1571 1779 suorum

115 1796 335 1846 arbitrum,
368 1796 551 1850 qualiter
583 1796 710 1839 rebus
734 1795 1041 1838 consulendum
1074 1800 1198 1850 esset,
1232 1797 1484 1851 interrogat.
1528 1796 1570 1837 Is

119 1854 431 1896 consultantem
475 1854 576 1895 olim
617 1868 785 1908 regem,
827 1855 1009 1909 qualiter
1053 1858 1146 1896 tuto
1189 1869 1371 1910 regnare
1414 1857 1571 1910 posset,

118 1913 288 1954 iussisse
318 1912 466 1965 fertur,
490 1917 536 1953 ut
558 1916 631 1953 aut
653 1917 895 1967 equestrem
918 1913 1216 1968 plebeiumque
1251 1913 1457 1966 ordinem,
1489 1927 1572 1968 quo

118 1985 163 2012 se
195 1970 332 2013 tucius
354 1969 580 2012 aduersum
605 1972 770 2019 emulos
792 1977 974 2026 gereret,
1002 1971 1215 2012 benefieiis
1249 1971 1573 2027 impensioribus

120 2029 293 2082 coleret,
327 2032 400 2069 aut
431 2029 484 2069 ab
515 2029 564 2070 iis
597 2030 746 2070 saltem
780 2030 831 2069 ad
865 2030 1130 2085 propinquos
1163 2030 1357 2085 placendi
1385 2029 1574 2070 studium

119 2087 386 2138 transferret,
430 2101 611 2142 eosque,
655 2088 746 2128 sola
780 2092 1004 2129 contentus
1027 2088 1200 2143 specie,
1242 2102 1286 2129 re
1318 2102 1421 2129 uera
1451 2101 1574 2142 reges

119 2146 304 2187 existere
351 2150 583 2200 pateretur.
658 2145 701 2186 Si
748 2152 947 2187 neutrum
995 2146 1177 2200 egisset,
1226 2146 1340 2187 haud
1386 2146 1573 2198 dubium,

119 2203 215 2258 quin
263 2203 436 2244 breuem
477 2204 599 2257 regni
640 2218 762 2245 usum
806 2203 1025 2245 habiturus
1069 2208 1197 2257 esset,
1232 2204 1415 2246 edocuit.
1476 2203 1573 2244 Rex

118 2275 233 2308 uero,
267 2275 405 2315 neque
428 2261 723 2303 salubritatem
748 2262 910 2302 consilii
934 2276 1071 2317 neque
1104 2262 1360 2317 sapienciam
1383 2261 1574 2317 responsi

120 2319 264 2360 debita
314 2318 439 2359 animi
488 2319 706 2361 sentencia
758 2323 1034 2374 prosecutus,
1089 2321 1336 2362 utilissimos
1386 2320 1573 2361 monitus

50 2391 86 2416 επ,
120 2377 494 2418 deliramentorum
525 2377 619 2418 loeo
655 2377 814 2419 habuit.
859 2378 1091 2419 Enimuero
1127 2379 1325 2419 obfusum
1357 2377 1574 2419 iracundia

53 2681 89 2707 40

120 2436 307 2476 animum
339 2435 536 2476 salutaris
571 2435 789 2476 estimacio
822 2436 965 2477 subire
996 2436 1203 2491 nequiuit.
1269 2436 1467 2491 Concepti
1495 2435 1574 2477 ita-

121 2507 203 2548 que
233 2493 383 2535 furoris
414 2493 642 2548 inpaciens,
676 2493 815 2548 quoad
849 2508 979 2534 unum
1012 2495 1091 2536 sibi
1123 2498 1289 2536 scutum
1315 2497 1574 2549 suppeteret,

121 2551 162 2592 id
204 2566 248 2593 se
296 2551 426 2592 Petro
474 2551 770 2606 oppositurum
816 2552 984 2594 iurauit.
1058 2552 1166 2593 Tum
1208 2552 1388 2605 Petrus,
1429 2551 1575 2593 Meum

123 2623 304 2664 semper,
336 2609 484 2664 inquit,
516 2623 593 2664 pro
626 2613 668 2651 te
701 2609 899 2665 clypeum
931 2611 1055 2665 gessi,
1088 2610 1164 2652 sed
1196 2624 1371 2661 uereor,
1402 2624 1456 2652 ne
1491 2610 1573 2651 cito

121 2668 280 2709 eunctis
312 2671 525 2709 scutorum
556 2671 725 2708 tuorum
759 2668 890 2723 copiis
924 2682 1031 2724 opus
1065 2668 1286 2709 habiturus
1318 2668 1385 2709 sis.
1449 2667 1574 2716 Quod

190 2742 269 2769 Saxo
289 2742 526 2774 Gramnmiirus.
772 2776 774 2779 .
1392 2738 1437 2773 31

1627 1288 1654 1313 p.
1674 1279 1726 1306 710

1607 1685 1745 1713 CXth
