1884 3126
318 254 398 295 150
902 251 1175 293 ——V—

448 380 555 422 Post
596 381 674 423 hec
708 380 958 423 Sclauorum
1000 376 1224 423 mandatur
1264 382 1461 438 irrupcio.
1523 382 1588 423 Ad
1633 396 1757 437 quam

313 438 450 480 choer
456 439 631 481 cendam
666 438 812 481 Ericus
846 454 940 480 cum
974 445 1068 481 octo
1102 440 1281 494 nauigiis
1314 440 1573 494 destinatur·
1607 440 1761 496 quippe
1816 460 1841 485 r>-
1861 453 1883 469 )

311 497 472 538 Frotho
514 497 630 538 rudis
672 497 810 538 adhuc
841 497 901 538 rei
942 497 1089 540 bellice
1122 498 1360 540 uidebatui.
1431 498 1580 540 Ericus
1622 499 1760 553 igitur,

311 569 363 595 ne
399 555 561 596 uirilem
595 569 791 611 umquam
827 569 999 610 operam
1033 555 1299 610 detrectaret,
1333 562 1579 611 susceptum
1618 561 1761 611 gratu-

262 635 277 661 5
309 613 448 654 lanter
495 612 679 655 officium
726 614 892 655 fortiter
940 613 1240 669 exequendum
1285 615 1460 655 curauit.
1538 614 1620 662 Qui
1667 628 1761 656 cum

310 671 471 725 piratas
504 672 689 726 septenis
721 671 903 713 nauibus
937 686 1028 713 esse
1063 676 1367 726 cognosceret,
1412 686 1496 714 una
1540 677 1704 713 tantum
1738 687 1760 714 e

312 728 397 769 suis
429 728 646 782 aduectus,
681 730 867 785 reliquas
900 729 1048 782 ligneis
1079 730 1411 785 propugnaculis
1445 730 1578 785 cingi,
1611 730 1762 771 tonsis-

310 801 391 841 que
432 786 630 828 arborum
654 787 883 829 ramalibus
916 786 1068 828 obduci
1090 787 1220 830 iubet.
1268 787 1446 840 Deinde,
1479 802 1572 829 cum
1601 788 1759 830 hostico

311 845 455 886 classis
489 859 709 886 numerum
732 845 897 901 plenius
921 845 1218 899 speculaturus
1242 846 1506 900 procederet,
1538 845 1760 901 insequen-

239 923 275 950 ῃ)
311 903 423 943 tibus
456 917 501 944 se
536 903 712 955 Sclauis,
746 903 862 944 ocius
895 902 947 943 ad
979 917 1074 944 suos
1107 902 1304 957 refugere
1340 903 1461 958 cepit.
1523 904 1581 945 At
1616 904 1758 946 hostes

311 965 356 1000 ut
387 959 633 1002 insidiarum
675 961 830 1015 ignari,
872 961 931 1001 ita
960 960 1192 1014 fugientem
1235 960 1592 1016 comprehendere
1635 962 1760 1014 auidi,

311 1018 460 1059 crebro
494 1019 840 1074 incunctantique
881 1019 1033 1059 fluctus
1068 1018 1242 1073 remigio
1287 1033 1554 1061 concussere.
1616 1019 1759 1062 Naues

312 1076 422 1118 enim
457 1075 569 1118 Erici
601 1076 758 1132 liquido
793 1077 991 1130 cognosci
1024 1091 1105 1118 non
1137 1081 1354 1132 poterant,
1389 1077 1624 1118 frondentis
1656 1078 1758 1119 silue

255 1159 259 1164 ‚
311 1134 497 1189 speciem
529 1135 809 1190 preferentes.
863 1134 943 1182 Qui
979 1148 1071 1175 cum
1105 1135 1365 1189 angustioris
1396 1150 1442 1177 se
1474 1136 1599 1176 maris
1630 1136 1761 1178 flexui

242 1213 278 1239 15
311 1192 606 1239 tradidissent,
655 1193 793 1234 subito
837 1192 949 1233 Erici
997 1193 1131 1234 classe
1180 1194 1402 1234 conclusos
1445 1193 1604 1235 uident.
1674 1194 1758 1236 Sed

311 1250 506 1305 primum,
530 1251 730 1291 inusitata
751 1251 858 1291 facie
883 1250 1054 1304 stupidi,
1076 1251 1248 1305 nauigio
1272 1265 1420 1293 nemus
1444 1251 1511 1306 agi
1533 1252 1759 1305 putabant3

308 1308 460 1349 deinde
505 1307 697 1350 fraudem
743 1309 854 1350 foliis
898 1307 1073 1350 subesse
1118 1314 1391 1363 cognoscunt.
1465 1309 1612 1351 Seram
1656 1324 1756 1364 ergo

307 1366 466 1407 incurie
486 1367 767 1421 penitenciam
786 1371 975 1420 agentes,
997 1366 1182 1407 habitam
1201 1367 1419 1408 incaucius
1437 1367 1758 1422 nauigacionem

307 1425 494 1466 remetiri
539 1425 775 1467 tentabant.
848 1424 931 1465 Sed
975 1423 1075 1465 dum
1121 1438 1285 1480 puppes
1329 1425 1551 1467 obuertere
1593 1431 1757 1481 parant,

240 1500 276 1526 ρο
308 1483 362 1524 ab
395 1482 516 1524 hoste
558 1497 628 1525 eas
660 1483 804 1524 insiliri
843 1482 1120 1538 conspiciunt.
1192 1482 1341 1524 Ericus
1383 1496 1508 1536 uere,
1550 1483 1757 1526 subducto

308 1540 350 1581 in
381 1541 498 1581 littus
530 1541 725 1594 nauigio,
766 1540 897 1582 funda
938 1541 1086 1595 procul
1119 1541 1159 1581 in
1193 1541 1333 1582 hostes
1368 1555 1472 1582 saxa
1517 1541 1758 1596 torquebat.

306 1598 441 1651 Igitur
476 1598 726 1640 Sclauorum
768 1599 851 1641 cesi
893 1598 1108 1653 plerique,
1151 1599 1435 1654 quadraginta
1478 1600 1589 1654 capti
1628 1599 1759 1649 fuere,

307 1657 374 1710 qui
397 1660 559 1711 postea,
594 1657 770 1698 uinculis
794 1671 842 1698 ac
874 1656 986 1697 fame
1008 1657 1224 1710 choerciti,
1257 1656 1364 1698 inter
1387 1657 1527 1698 uarias
1550 1658 1758 1699 cruciatus

306 1714 523 1768 angustias
555 1714 746 1769 spiritum
781 1715 1080 1769 deposuerunt.

237 1788 273 1815 27)
444 1772 618 1814 Interea
658 1772 817 1814 Frotho
855 1772 1108 1813 traiiciende
1149 1771 1190 1813 in
1225 1771 1432 1813 Sclauiam
1475 1772 1759 1828 expedicionis

305 1829 459 1884 gracia,
491 1834 576 1877 tam
609 1844 632 1871 e
666 1830 799 1871 Danis
836 1844 964 1885 quam
998 1843 1053 1871 ex
1085 1830 1268 1870 finitimis
1302 1830 1516 1884 ingentem
1548 1830 1762 1871 adciuerat

299 1887 485 1929 classem.
534 1888 676 1930 Huius
696 1889 866 1930 minima
894 1889 994 1929 ratis
1022 1887 1230 1940 exstabat,
1265 1902 1346 1943 que
1369 1887 1558 1930 bissenos
1586 1889 1761 1929 ueheret

300 1946 504 1997 nauticos,
536 1946 799 2001 totidemque
822 1946 1008 1999 remigiis
1042 1945 1111 1999 agi
1143 1951 1297 2000 posset.
1354 1946 1457 1987 Post
1491 1946 1571 1987 hec
1598 1945 1760 1998 Ericus,

299 2003 423 2044 sociis
456 2004 698 2056 paciencius
730 2004 958 2059 prestolari
987 2003 1133 2051 iussis,
1175 2007 1272 2044 acte
1307 2003 1390 2044 iam
1427 2002 1557 2044 cladis
1605 2004 1761 2045 famam

227 2077 263 2103 30
298 2061 501 2102 Frothoni
534 2062 771 2116 perlaturus
805 2062 998 2103 occurrit.
1065 2060 1256 2115 Cumque
1288 2061 1476 2115 nauigan
1491 2061 1543 2102 do
1586 2062 1760 2117 puppim

295 2119 405 2161 forte
438 2119 655 2173 piraticam
691 2120 861 2161 uadosis
908 2133 956 2161 ae
989 2118 1125 2159 minus
1158 2118 1251 2159 altis
1282 2119 1525 2173 gurgitibus
1557 2119 1757 2161 inflictam

295 2176 445 2218 herere
479 2178 752 2232 conspiceret,
798 2177 910 2233 quod
956 2192 1022 2220 res
1055 2176 1252 2217 fortuitis
1298 2176 1508 2218 dictorum
1543 2178 1758 2231 grauitate

294 2235 491 2291 prosequi
522 2235 670 2277 solitus
704 2240 810 2288 erat,
846 2235 1036 2278 Obscura
1070 2240 1144 2285 est,
1177 2235 1326 2290 inquit,
1368 2235 1619 2289 ignobilium
1663 2249 1755 2277 sors

293 2292 550 2348 fortunaque
575 2293 720 2335 uilium
745 2293 928 2336 sordida.
978 2292 1159 2345 Deinde,
1183 2306 1292 2334 naue
1315 2290 1502 2348 prospius
1524 2293 1748 2358 applicata,
1805 2307 1831 2332 r·
1853 2300 1884 2326 ²2

223 2365 259 2392 35
291 2350 471 2405 piratas,
514 2352 729 2407 proprium
764 2353 898 2393 contis
939 2350 1157 2407 nauigium
1204 2350 1404 2406 expedire
1450 2351 1650 2392 connisos
1707 2366 1757 2392 ac

293 2408 402 2451 circa
446 2410 537 2451 eius
584 2410 876 2451 seruaeionem
929 2408 1160 2466 impensius
1211 2413 1467 2464 occupatos,
1527 2409 1751 2463 oppressit

293 2468 387 2514 Quo
410 2470 611 2533 peracto,
646 2480 740 2508 cum
774 2466 827 2508 ad
859 2468 1016 2522 regiam
1050 2469 1226 2510 classem
1261 2467 1453 2518 redisset,
1490 2466 1750 2508 Frothonem

292 2525 448 2566 nuncia
479 2525 653 2567 uictorie
698 2525 960 2567 salutacione
1002 2526 1174 2567 reficere
1209 2524 1406 2578 cupiens,
1453 2524 1619 2565 saluum
1661 2524 1750 2566 fore

292 2583 588 2625 florentissime
634 2583 751 2638 pac-is
803 2588 1020 2626 auctorem
1066 2581 1197 2626 iubet.
1274 2582 1396 2634 Rex,
1451 2596 1600 2624 uerum
1657 2583 1749 2624 eius

221 2653 260 2680 40
292 2639 449 2683 dictum
496 2641 587 2683 fieri
634 2645 857 2697 precatus,
908 2655 1114 2698 augurem
1161 2653 1253 2682 esse
1299 2640 1506 2695 sapientis
1558 2640 1752 2681 animum
