1884 3126
277 873 308 898 10

278 1163 310 1189 15

277 2028 313 2055 30

278 2319 314 2346 :35

283 2607 318 2634 40

339 212 420 253 122
932 210 1198 252 —V-

339 342 525 394 gestans.
588 338 756 395 Quippe
788 338 976 381 disiicere
1007 338 1151 382 federa
1194 353 1242 381 ac
1273 339 1434 381 sociare
1465 340 1660 383 callebat.
1717 341 1784 383 Ita

340 396 394 438 ad
426 397 672 438 utrumlibet
703 411 859 453 anceps
892 397 1035 452 lingue
1068 398 1365 439 commercium
1397 398 1488 440 fuit.

478 454 715 496 Duodecim
751 454 988 496 Westmaro
1021 456 1095 496 filii
1128 459 1268 508 erant,
1303 470 1356 495 ex
1395 470 1573 510 quorum
1607 470 1782 499 numero

343 512 474 553 tribus
508 526 729 555 commune
761 512 876 568 Grep
909 527 1062 555 nomen
1095 513 1278 555 incessit.
1324 513 1417 554 Hos
1450 513 1572 554 simul
1605 528 1782 570 concep-

340 575 404 611 tos
427 570 537 612 idem
560 574 708 625 partus
741 570 934 623 absoluit,
969 575 1084 612 ortus
1117 571 1390 625 equalitatem
1423 571 1621 613 uocabuli
1653 573 1783 613 socie-

340 633 427 669 tate
468 631 688 670 testantes.
751 628 829 670 His
872 643 1036 670 summa
1067 628 1252 670 cestibus
1293 632 1367 669 aut
1409 628 1518 671 ferro
1561 629 1785 675 dimicandi

339 687 497 741 pericia
520 686 670 728 extitit.
713 686 917 728 Hoddoni
950 700 1118 742 quoque
1137 686 1296 728 Frotho
1327 686 1532 727 maritime
1556 687 1785 742 tyrannidis

340 744 554 786 detulerat
596 747 863 799 potestatem.
926 744 1009 785 Hic
1040 758 1184 798 regem
1227 745 1418 799 proximo
1463 744 1785 787 necessitudinis

341 802 486 844 ordine
530 802 816 855 contingebat.
879 801 983 843 Colo
1025 799 1153 857 terina
1196 802 1374 844 filiorum
1408 806 1522 844 sorte
1555 802 1783 856 gaudebat.

340 859 403 901 Eo
439 865 629 915 tempore
677 860 846 914 quidam
879 860 1104 902 Frothonis
1139 859 1268 902 fratre
1300 860 1467 914 genitus
1516 874 1592 915 pro
1628 861 1786 902 tuenda

340 918 477 973 patria
508 918 683 972 gerebat
716 918 774 959 rei
807 917 976 959 nautice
1008 932 1229 960 summam.
1274 916 1406 959 Soror
1437 919 1549 972 regis
1571 918 1785 959 Gunwara

343 980 455 1025 erat,
499 976 565 1017 eui
599 976 653 1016 eb
687 976 885 1017 eximiam
932 975 1065 1016 forme
1110 975 1441 1030 pulcritudinem
1476 976 1684 1031 Speciose
1716 990 1784 1017 co-

341 1048 523 1088 gnomen
557 1033 764 1075 exstabat.
806 1033 899 1074 Filii
923 1033 1153 1075 Westmari
1175 1033 1446 1088 Gelonisque,
1480 1048 1571 1075 cum
1603 1038 1644 1075 et
1677 1037 1788 1075 etate

340 1092 582 1147 impuberes
615 1095 655 1131 et
686 1091 833 1132 animis
877 1104 995 1132 acres
1040 1094 1200 1143 essent,
1244 1090 1400 1132 fiducia
1432 1093 1472 1132 in
1505 1092 1786 1133 temeritatem

342 1165 478 1200 uersa,
509 1149 562 1190 ad
597 1148 797 1190 obscenos
831 1163 879 1189 ac
911 1148 1142 1203 degeneres
1175 1149 1279 1190 ritus
1313 1149 1579 1204 inquinatam
1611 1150 1786 1204 flagiciis

341 1207 525 1249 indolem
549 1207 831 1248 contulerunt.
857 1206 976 1247 Adeo
1003 1206 1111 1248 enim
1135 1206 1367 1248 insolenter
1388 1205 1476 1261 (se)
1498 1206 1787 1262 indomiteque

340 1269 577 1320 gesserunt,
612 1269 671 1317 ut,
705 1265 987 1320 constupratis
1020 1265 1199 1306 aliorum
1231 1265 1372 1319 nuptis
1404 1278 1451 1305 ac
1484 1264 1662 1317 filiabus,
1693 1278 1788 1320 pro-

342 1323 555 1379 scripsisse
587 1322 838 1378 pudiciciam
872 1326 999 1377 atquc
1031 1323 1070 1363 in
1104 1322 1384 1378 prostibulum
1427 1322 1641 1377 relegasse
1672 1322 1788 1363 uide-

342 1388 504 1423 rentur.
568 1381 783 1436 Corruptis
825 1394 995 1435 quoque
1035 1386 1323 1422 matronarum
1368 1380 1534 1434 fulcris,
1575 1395 1627 1422 ne
1659 1380 1789 1422 thoris

345 1439 514 1495 quidem
558 1439 833 1493 uirginalibus
874 1437 1158 1479 abstinebant.
1221 1437 1331 1479 Suus
1378 1438 1541 1479 nullum
1581 1438 1789 1479 thalamus

344 1498 572 1539 securitate
605 1497 803 1548 donabat,
835 1509 914 1537 nec
948 1497 1168 1551 quisquam
1201 1495 1288 1537 fere
1320 1497 1453 1551 patrie
1485 1495 1602 1537 locus
1623 1495 1790 1537 luxurie

345 1570 491 1597 eorum
536 1554 724 1609 uestigiis
766 1568 925 1595 uacuus
970 1558 1071 1596 erat.
1134 1554 1275 1595 Mariti
1306 1558 1435 1606 metu,
1469 1554 1669 1608 coniuges
1701 1566 1790 1595 cor-

346 1627 496 1669 porum
520 1627 693 1654 suorum
716 1612 898 1654 ludibrio
933 1611 1213 1668 uexabantur.
1259 1610 1426 1652 Iniuriis
1451 1611 1788 1666 obtemperatum

348 1675 419 1714 cst.
487 1670 623 1712 Cessit
665 1670 914 1725 copularum
955 1675 1193 1724 respectus,
1237 1669 1486 1724 uiolensque
1518 1669 1790 1725 amplexuum

276 1739 291 1764 ·-'
344 1743 445 1771 usus
469 1728 657 1770 extabat.
705 1728 927 1769 Publicata
949 1733 1012 1768 est
1028 1727 1188 1781 Venus,
1223 1727 1515 1782 coniugiorum
1547 1726 1791 1768 reuerencia

344 1791 565 1842 pereunte.
607 1786 785 1851 Raptim
811 1785 978 1826 luxuria
1010 1761 1251 1840 petebatur
1294 1785 1344 1825 In
1379 1799 1504 1826 causa
1528 1785 1664 1826 ocium
1688 1788 1790 1837 erat,

345 1844 459 1900 quod
492 1844 688 1899 expercia
721 1844 969 1898 agitacionis
1003 1856 1180 1897 corpora
1226 1843 1359 1883 amica
1392 1843 1510 1884 uiciis
1543 1843 1683 1897 quiete
1715 1841 1791 1882 dif-

344 1904 538 1944 fluerent.
581 1901 771 1942 Tandem
806 1900 931 1956 Grep,
964 1901 1045 1942 hoc
1076 1900 1246 1942 nomine
1277 1900 1624 1956 participancium
1658 1900 1791 1941 maxi-

344 1975 449 2011 mus,
489 1964 532 2001 ut
564 1959 761 2000 diffusum
794 1959 975 2000 libidinis
1009 1962 1164 1999 motum
1196 1963 1311 1999 certa
1343 1958 1483 2013 specie
1516 1958 1696 2011 sisteret,
1730 1970 1791 1998 er-

344 2017 533 2060 1abunde
566 2017 744 2059 Veneris
786 2021 955 2072 portum
987 2017 1027 2057 in
1066 2029 1266 2070 germane
1307 2016 1419 2070 regis
1461 2029 1605 2058 amore
1644 2024 1790 2071 petere

345 2090 472 2118 ausus
507 2076 658 2117 extitit.
711 2074 801 2117 Nec
831 2079 930 2130 apte
965 2073 1147 2130 quidem.
1205 2072 1315 2114 Nam
1348 2075 1455 2115 sicut
1488 2072 1789 2128 uagabundam

345 2140 473 2190 atque
508 2132 753 2175 erroneam*
799 2133 1063 2188 uoluptatem
1097 2131 1354 2173 uerecundie
1398 2131 1525 2173 frenis
1573 2130 1884 2173 choercerixx

348 2192 548 2248 oportuit,
579 2192 637 2233 ita
669 2206 693 2233 a
723 2192 921 2247 populari
952 2190 1115 2246 prolem
1147 2189 1306 2243 regiam
1338 2189 1581 2245 concupisci
1611 2193 1791 2231 temera-

345 2252 453 2292 rium
474 2250 567 2292 fuit.
611 2249 690 2290 Illa
718 2249 835 2304 proci
856 2248 1140 2304 petulanciam
1165 2250 1170 2299 1
1199 2248 1518 2303 pertimescens,
1550 2261 1632 2303 quo
1655 2246 1791 2287 tucior

347 2309 400 2350 ab
431 2308 582 2349 iniuria
612 2307 746 2361 foret,
790 2313 955 2362 septum
997 2305 1111 2347 uallo
1145 2304 1346 2347 conclaue
1378 2305 1540 2359 petiuit.
1601 2303 1792 2345 Adhibiti

347 2370 446 2408 sunt
479 2366 516 2408 ei
547 2366 718 2419 triginta
757 2364 995 2417 uernaculi,
1039 2363 1109 2418 qui
1140 2364 1283 2418 iugem
1316 2363 1502 2418 corporis
1537 2363 1625 2404 eius
1658 2365 1794 2404 custo-

349 2425 459 2465 diam
492 2422 743 2464 excubando
775 2425 1023 2477 plestarent.

487 2481 624 2535 Igitur
657 2480 980 2522 contubernales
1012 2478 1263 2525 Frothonis,
1306 2478 1415 2519 circa
1446 2476 1792 2518 indumentorum

350 2553 473 2581 usum
506 2539 686 2580 feminea
717 2538 769 2579 ad
802 2537 975 2578 modum
1008 2551 1089 2591 ope
1121 2535 1297 2589 defecti,
1343 2549 1436 2576 cum
1471 2549 1555 2577 non
1588 2534 1792 2575 haberent

350 2597 462 2639 unde
487 2611 599 2641 noua
631 2609 804 2639 assuere
835 2600 909 2639 aut
931 2595 1068 2637 lacera
1098 2594 1269 2638 reficere
1300 2597 1487 2653 possent,
1520 2606 1663 2651 regem
1685 2592 1794 2636 cele-

1846 2258 1873 2282 p.
