1884 3126
390 234 456 265 XX

530 350 645 383 solum
681 350 788 383 armis
823 353 859 382 et
891 350 1066 394 imperio,
1099 351 1231 395 quibus
1257 362 1397 395 semper
1423 351 1616 394 excelluit,
1641 351 1830 395 liberaque

529 395 616 429 fuit:
651 396 716 429 sed
750 402 786 429 et
819 396 936 430 literis
969 397 1179 432 cultioribus
1206 398 1339 432 euadat
1372 398 1588 441 perspicua:
1623 398 1829 442 multosque

528 444 690 475 Saxones
708 446 744 475 et
763 441 938 484 Kanutos,
965 443 1062 476 viros
1087 444 1234 488 inquam
1260 443 1427 478 doctrina
1445 448 1663 487 praestantes
1690 444 1829 477 educet.

529 487 634 528 Quod
660 488 795 521 idcirco
821 488 893 522 iam
917 488 1060 532 iamque
1085 487 1246 523 futurum
1271 494 1439 532 autumo,
1475 489 1572 534 quod
1599 492 1636 522 vt
1661 489 1714 523 illi
1740 499 1830 533 quos

527 534 633 567 modo
661 533 736 567 dixi
760 534 798 567 in
817 533 1080 568 Parrhisiorum
1108 536 1196 569 clari
1225 539 1417 570 euaserunt
1435 536 1639 570 academia:
1665 536 1717 568 ita
1734 545 1829 568 nunc

527 590 672 623 quoque
706 590 779 613 non
812 590 931 624 pauca
964 580 1002 613 in
1035 579 1160 614 eadem
1197 591 1215 614 e
1241 582 1360 615 Dania
1394 582 1634 625 conspicimus
1667 582 1828 624 ingenia,

527 636 679 669 quorum
714 626 811 659 bona
844 636 928 669 pars
965 630 1019 659 est
1058 627 1231 670 Magister
1268 627 1509 662 Christiernus
1535 627 1635 660 Petri
1669 627 1829 661 Lundefi.

527 673 690 706 ecclesiae
717 672 926 711 canonicae,
954 672 1040 705 mihi
1064 674 1176 717 longa
1204 674 1465 708 consuetudine
1496 677 1532 706 et
1559 674 1719 707 amicitia¹
1745 675 1830 707 cha·

526 718 707 751 rissimus:
733 718 835 751 cuius
855 719 1040 761 praecipua
1065 729 1154 752 cura
1180 724 1215 753 et
1240 719 1415 761 singulari
1439 719 1621 763 impendio
1648 722 1714 753 hoc
1739 729 1830 762 opus

528 768 588 796 tuo
615 764 752 797 nomini
777 771 1026 806 nuncupatum
1054 765 1269 799 emittimus:
1296 765 1387 799 illud
1413 767 1568 799 lectores
1593 766 1758 808 ignotos,
1784 775 1829 798 ne

527 809 680 843 forsitan
709 812 844 852 errent,
869 815 1156 853 praemonentes:
1183 811 1337 845 Saxonis
1362 812 1466 845 istius
1493 813 1730 854 vocabulum,
1756 822 1830 845 non

525 856 678 898 patrium
702 866 780 889 esse
800 867 930 889 nomen
950 854 1003 899 (in
1022 856 1210 891 Sialandia
1235 857 1329 890 enim
1347 868 1426 901 quae
1447 867 1532 900 pars
1550 857 1676 890 Daniee
1701 868 1773 890 non
1792 858 1828 891 in

526 902 684 935 Saxonia
702 901 770 935 fuit
790 902 903 944 ortus)
923 910 957 935 et
977 902 1212 936 Grammatici
1232 903 1390 947 titulum,
1416 904 1655 947 professionis
1683 903 1828 946 quidem

525 958 615 990 esse,
643 947 705 980 sed
731 959 850 992 neque
877 949 959 981 leue
984 959 1100 993 neque
1127 950 1411 992 contemptibile,
1436 950 1664 993 praeconium.
1711 948 1828 982 Enim-

525 1004 611 1027 uero
638 995 793 1028 authore
822 994 1007 1032 Suetonio,
1037 995 1301 1028 Grammaticus
1319 1000 1387 1038 est,
1404 995 1466 1039 qui
1485 996 1689 1038 diligenter,
1709 1000 1826 1034 acute,
1852 1011 1854 1013 ·

524 1040 749 1084 scienterque
777 1041 872 1074 norit
906 1046 968 1073 aut
996 1040 1117 1075 dicero
1152 1046 1213 1074 aut
1239 1041 1408 1075 scribere.
1458 1040 1535 1080 Quo
1567 1042 1714 1075 nomine
1739 1040 1826 1074 Cor-

491 1089 498 1095 *
523 1086 642 1120 nelius
670 1097 782 1129 nepos
809 1087 1045 1130 appellandos
1065 1088 1205 1120 censuit
1223 1090 1409 1130 poetarum
1429 1093 1689 1131 oratorumque
1713 1087 1828 1119 inter-

523 1136 666 1175 pretes:
704 1133 764 1176 qui
798 1137 935 1166 tantum
971 1133 1201 1167 authoritatis
1237 1133 1333 1176 apud
1368 1134 1506 1177 priscos
1539 1134 1827 1177 praeripuerunt:

523 1181 561 1212 vt
587 1189 758 1211 censores
784 1184 819 1212 et
845 1178 983 1212 iudices
1010 1183 1129 1212 essent
1155 1180 1369 1223 scriptorum
1396 1180 1551 1213 omnium
1586 1180 1672 1212 soli:
1709 1179 1827 1212 critici

524 1225 568 1257 ob
596 1224 631 1256 id
659 1225 800 1258 vocati:
833 1226 885 1258 sic
913 1227 948 1257 vt
975 1236 1047 1258 non
1074 1235 1201 1259 versus
1227 1225 1330 1259 modo
1357 1223 1427 1268 (ita
1456 1226 1550 1259 enim
1578 1225 1826 1266 Quintilianus

523 1271 588 1310 ait)
616 1272 781 1304 censoria
816 1271 970 1314 quadam
1006 1272 1154 1314 virgula
1179 1275 1369 1305 notarent:
1403 1271 1469 1305 sed
1495 1272 1606 1305 libros
1632 1272 1739 1305 etiam
1766 1271 1827 1314 qui

523 1316 619 1349 falso
651 1316 859 1350 viderentur
891 1317 1071 1360 inscripti,
1105 1320 1252 1361 taquam
1287 1317 1493 1351 subdititios
1528 1328 1547 1350 e
1573 1317 1712 1351 familia
1744 1317 1827 1350 sub-

523 1368 722 1397 mouerent.
781 1363 942 1406 Ideoque
978 1363 1105 1396 summi
1135 1368 1327 1407 poetarum
1363 1365 1580 1406 interpretes
1618 1368 1653 1396 et
1685 1363 1826 1396 vrbium

523 1409 703 1451 magistri:
731 1413 768 1442 vt
794 1409 950 1451 Seruius,
976 1410 1153 1452 Donatus,
1179 1410 1314 1454 aliique
1339 1420 1411 1443 non
1437 1410 1563 1452 pauci:
1601 1409 1825 1452 grammatici

522 1455 792 1498 nuncupatione
819 1456 979 1489 contenti
998 1455 1194 1489 bracteatis
1212 1456 1478 1500 phaleratisque
1503 1456 1583 1498 plus
1609 1465 1713 1499 aequo
1741 1456 1826 1488 abs-

524 1501 707 1534 tinuerunt
725 1502 851 1535 titulis.
878 1502 1050 1545 quocirca
1068 1502 1191 1546 iniquo
1210 1500 1394 1535 ferendum
1418 1504 1471 1535 est
1489 1502 1607 1535 animo
1627 1505 1727 1542 tante
1743 1511 1826 1543 pro-

521 1546 689 1581 fessionis
706 1548 857 1591 gloriam
877 1547 921 1580 ad
942 1548 1123 1590 ineptulos
1144 1548 1338 1590 primorum
1365 1549 1624 1581 elementorum
1651 1546 1826 1580 recidisse

520 1595 840 1636 praeceptoroulos.
890 1593 1022 1627 Curaui
1050 1593 1173 1637 itaque
1199 1593 1378 1627 Saxonem
1404 1604 1475 1627 non
1512 1604 1554 1627 eo
1580 1593 1824 1627 fraudandum

523 1640 640 1683 titulo,
669 1651 770 1684 quem
798 1644 901 1673 tanto
927 1640 1061 1673 iudicio
1088 1640 1157 1673 sibi
1184 1639 1368 1683 delegisse
1402 1640 1500 1673 visus
1534 1639 1653 1673 fuerit.
1712 1639 1825 1672 Vten-

522 1696 591 1729 que
630 1691 748 1719 autem
785 1686 852 1726 hec
890 1687 1098 1728 acceperint
1135 1686 1314 1728 imperiti,
1360 1686 1575 1729 praestantia
1616 1691 1677 1719 tua
1717 1687 1825 1728 pater

521 1732 744 1765 doctissime:
775 1732 858 1765 boni
883 1733 1065 1765 consulet:
1093 1736 1327 1775 nostramque
1354 1733 1515 1775 opellam
1540 1732 1635 1764 hanc
1656 1730 1825 1774 probabit

521 1777 617 1821 quod
644 1778 844 1822 praesertim
872 1780 1058 1811 exoratum
1080 1778 1187 1811 volui.
1216 1778 1317 1811 Vale.
1339 1778 1365 1810 E
1385 1777 1673 1821 chalcographia
1700 1780 1824 1810 nostra

521 1824 618 1867 apud
647 1824 849 1857 Parrhisios
876 1823 921 1856 ad
948 1824 1034 1857 Idus
1059 1824 1221 1857 Martias.
1251 1824 1295 1857 M.
1311 1824 1353 1858 D.
1368 1823 1492 1857 XIIII.
1517 1825 1623 1857 quta
1648 1823 1823 1856 Romanae

520 1871 817 1914 supputationem
844 1870 971 1903 Curiae.

382 1961 424 2012 2)
459 1962 636 2004 Saxonis
668 1959 955 2017 Grammaltici
986 1961 1203 2014 Danorum
1233 1961 1432 2003 historiae
1463 1961 1558 2002 libri
1580 1960 1703 2014 XVI,
1726 1958 1821 2016 treff-

440 2022 569 2061 centis
605 2020 756 2062 abhinc
787 2021 904 2061 annis
936 2020 1178 2074 conscripti,
1218 2023 1336 2060 tanta
1375 2019 1566 2060 dictionis
1598 2019 1820 2073 elegantia,

438 2075 656 2133 re-{rumq'e
698 2076 908 2132 gestarum
949 2078 1178 2129 uarietate,
1224 2081 1271 2117 ut
1313 2091 1406 2118 cum
1450 2077 1562 2118 omni
1603 2073 1820 2131 uetustate{

439 2137 691 2177 contendere
732 2137 890 2190 optimo
931 2135 1021 2176 iure
1064 2134 1197 2176 uideri
1240 2132 1404 2189 possint.
1434 2134 1438 2184 Ι
1466 2135 1639 2187 Accessit
1679 2148 1822 2175 rerum

438 2193 767 2234 memorabilium
797 2192 934 2234 Index
961 2196 965 2244 Ι
992 2192 1338 2246 locupletissimus.
1367 2194 1371 2245 1
1410 2192 1509 2233 Des.
1542 2191 1708 2233 Erasmi
1738 2191 1822 2232 Ro-

439 2250 642 2292 terodami
676 2251 681 2303 Ι
723 2251 774 2291 de
825 2251 994 2291 Saxone
1044 2248 1258 2301 censura!
1296 2249 1349 2290 IN
1393 2249 1576 2290 Daniam
1621 2249 1820 2303 nauigare

439 2308 571 2361 malo,
604 2322 696 2363 quae
727 2308 845 2349 nobis
877 2308 991 2349 dedit
1023 2307 1234 2348 Saxonem
1268 2307 1582 2359 Grammaticfi,
1626 2307 1697 2362 qui
1727 2304 1817 2361 suael

438 2365 576 2420 gentis
606 2364 819 2408 historiam
846 2363 1060 2420 splendide
1092 2363 1358 2420 magnificeqe
1392 2364 1618 2406 contexuit.
1677 2364 1820 2405 Probo

438 2423 626 2465 uiuidum
648 2426 682 2465 &
705 2423 854 2465 ardens
873 2419 1113 2478 ingelnium,
1138 2423 1369 2464 orationem
1389 2420 1589 2477 nusquam
1611 2418 1819 2463 remissam

439 2486 512 2522 aut
543 2481 862 2532 dormitantem,
905 2486 993 2521 tum
1036 2479 1185 2521 miram
1226 2480 1451 2522 uerborum
1493 2477 1690 2535 colpiam,
1733 2477 1819 2520 sen-

439 2539 591 2579 tentias
623 2540 801 2591 crebras,
835 2541 869 2580 δι
890 2538 1120 2592 figurarum
1152 2537 1443 2579 admirabilem
1473 2538 1740 2588 uarietatem,
1773 2540 1819 2577 ut

438 2593 533 2637 satis
564 2595 762 2637 admirari
788 2600 793 2647 1
822 2609 906 2636 non
939 2609 1100 2651 queam,
1132 2594 1243 2636 unde
1264 2595 1336 2636 illa
1359 2599 1482 2636 aetate
1512 2594 1667 2636 homini
1694 2593 1816 2635 Dano
