1884 3126
103 573 120 600 εἳ

84 864 119 891 10

83 1155 118 1181 15

82 1444 119 1471 20

81 1735 118 1761 25

83 2024 120 2052 30

85 2315 121 2342 35

732 223 784 228 —
846 198 912 241 IX
974 223 1022 228 —
1473 203 1600 244 ·305

157 326 342 369 offerret.
386 326 512 376 Quod
547 326 733 370 edictum
757 329 924 371 tametsi
946 343 1094 386 parum
1118 330 1333 385 proposito
1356 333 1603 386 competens

154 385 392 440 uideretur,
436 386 762 428 inualidissimos
794 386 958 429 Danice
991 388 1127 443 gentis
1160 389 1334 429 aliarum
1379 389 1602 430 nacionum

153 443 392 485 fortissimis
419 447 608 499 prestare
641 444 795 496 docuit,
826 459 1109 501 magnumque
1131 447 1342 488 iuuentuti
1368 446 1603 502 profectum

153 502 309 554 attulit,
343 501 516 543 delectis
551 503 741 543 certatim
776 504 967 545 socordie
1000 509 1143 545 notam
1166 505 1411 559 abstergere
1433 505 1602 559 cupien-

152 559 278 601 tibus.
341 558 566 613 Preterea,
613 565 660 600 ut
708 561 842 602 omnis
885 562 1269 604 controuersiarum
1313 563 1383 612 lis,
1430 562 1602 604 semotis

153 618 372 659 accionum
404 617 721 671 instrumentis,
753 633 829 660 nec
862 621 1099 661 accusantis
1131 620 1400 675 impeticione
1432 635 1509 662 nec
1540 621 1602 662 rei

153 675 399 717 defensione
423 675 619 728 admissa,
653 676 876 719 duodecim
900 682 1069 733 patrum
1093 679 1422 733 approbatorum
1446 679 1600 720 iudicio

152 733 438 785 mandaretur,
467 734 662 776 instituit.
708 734 840 776 Cuius
863 735 967 790 legis
991 736 1193 778 beneficio
1217 737 1440 778 temeraria
1461 737 1603 777 licium

153 792 445 834 contraccione
491 797 725 844 summota,
768 794 1055 849 improborum
1097 795 1306 835 calumnie
1346 794 1602 836 sufficienter

152 849 368 891 obuiatum
397 851 656 902 existimans,
688 864 805 891 arma
828 853 869 892 in
891 850 1164 908 Briltanniam
1189 853 1338 906 erexit,
1371 866 1600 907 regemque

154 908 241 949 eius
262 908 458 960 Hamam,
492 909 632 962 Helle,
658 909 905 951 nobilissimi
931 910 1110 963 iuuenis,
1142 915 1318 965 patrem,
1343 924 1487 965 pugna
1509 924 1601 966 per-

154 966 342 1007 strictum
376 966 541 1009 occidit.
590 967 696 1010 Indo
730 968 870 1009 Scotie
904 982 953 1009 ac
983 969 1104 1010 Petie
1137 969 1465 1023 insularumque,
1498 983 1602 1023 quas

153 1024 360 1065 australes
384 1024 451 1066 uel
474 1025 726 1066 meridianas
749 1031 919 1078 uocant,
943 1025 1120 1068 ducibus
1142 1026 1383 1079 interfectis,
1408 1025 1601 1080 Syuardo

153 1094 202 1122 ac
224 1081 490 1124 R-athbartlio
513 1083 608 1125 filiis
638 1097 795 1124 uacuas
827 1084 1109 1138 gubernatore
1140 1084 1379 1139 prouincias
1410 1084 1451 1125 in
1483 1090 1602 1139 pote-

151 1144 301 1181 statem
335 1140 507 1181 addixit.
573 1141 834 1196 Noruagiam
868 1156 1036 1198 quoque
1067 1142 1253 1197 principe
1286 1157 1361 1184 suo
1395 1143 1603 1184 uiolenter

153 1201 326 1243 exutam
359 1198 562 1240 Fridleuo
595 1214 743 1255 parere
784 1201 995 1255 precepit,
1039 1199 1305 1255 eundemque
1326 1199 1602 1247 orchadibus

151 1256 320 1311 proprio
354 1256 462 1298 duce
496 1257 670 1300 defectis
701 1258 886 1313 preferre
920 1259 1098 1301 curauit,

289 1314 460 1356 Interea
479 1314 573 1356 Dan
583 1330 701 1356 orum
721 1316 906 1371 quidam,
928 1316 1219 1372 pertinacior-is
1239 1330 1340 1371 erga
1359 1316 1600 1370 Regnerum

153 1371 261 1422 odii,
302 1372 523 1414 obstinatis
555 1374 606 1415 ad
641 1374 933 1416 rebellandum
968 1374 1136 1428 animis,
1180 1373 1359 1415 Haraldi
1392 1373 1599 1428 quondam

151 1429 323 1484 profugi
369 1430 563 1486 partibus
610 1432 830 1485 aduoluti,
876 1437 1133 1487 prostratam
1180 1432 1346 1487 tyranni
1386 1432 1598 1473 fortunam

152 1487 346 1529 attollere
379 1490 518 1531 conati
551 1495 662 1532 sunt.
726 1490 819 1538 Qua
855 1491 1091 1533 temeritate
1122 1490 1470 1532 insolentissimos
1502 1489 1601 1530 belli

152 1546 287 1587 ciuilis
318 1546 546 1589 aduersum
579 1562 721 1602 regem
767 1549 938 1603 spiritus
985 1549 1280 1590 excitauerunt
1329 1548 1598 1602 externisque

151 1603 330 1645 liberum
362 1604 601 1648 domesticis
632 1607 877 1662 implicuere
909 1607 1117 1662 periculis.
1163 1605 1228 1648 Ad
1262 1620 1366 1661 quos
1400 1606 1601 1647 constrin-

151 1661 312 1715 gendos
334 1662 562 1718 Regnerus
585 1679 676 1706 cum
701 1665 949 1706 insularium
972 1665 1193 1706 Danorum
1215 1664 1348 1705 classe
1369 1664 1597 1719 profectus,

150 1719 368 1762 rebellium
401 1736 552 1777 agmen
588 1723 717 1774 elisit,
761 1721 1133 1778 I-Iassraldumque,
1165 1722 1352 1777 superati
1385 1722 1594 1763 exercitus

155 1777 317 1831 ducem,
348 1779 449 1833 fuga
483 1781 525 1821 in
559 1781 831 1822 Germaniam
865 1786 1017 1833 actum,
1050 1782 1252 1822 honorem
1285 1780 1475 1835 improbe
1507 1792 1600 1834 par-

154 1841 243 1877 tum
275 1837 548 1892 impudenter
580 1839 763 1881 abiicere
799 1839 1012 1894 compulit.
1061 1839 1262 1894 Captiuos
1293 1851 1474 1892 quoque,
1505 1838 1599 1878 sim-

153 1895 250 1948 plici
282 1901 418 1937 morte
459 1896 629 1939 afficere
671 1911 756 1939 non
800 1901 1045 1951 contentus,
1090 1901 1224 1938 tortos
1255 1910 1409 1938 necare
1441 1895 1599 1943 maluit,

155 1957 225 2004 ut,
265 1953 334 2008 qui
368 1953 420 1994 ad
455 1954 734 1997 deserendam
767 1956 1031 2010 impietatem
1071 1954 1224 1996 adduci
1263 1968 1346 1995 non
1388 1958 1598 2009 poterant,

151 2025 204 2051 ne
236 2012 429 2066 spirit-um
463 2013 633 2068 quidem
665 2014 743 2055 nisi
774 2027 849 2069 per
882 2026 1088 2054 summam
1120 2026 1324 2068 penarum
1350 2011 1597 2053 uiolenciam

154 2067 371 2124 deponere
403 2070 653 2113 sinerentur.
717 2071 917 2114 Ceterum
949 2070 1170 2112 latifundia
1203 2084 1370 2119 eorum,
1403 2070 1474 2124 qui
1506 2083 1597 2109 cum

154 2125 344 2168 Haraldo
378 2129 672 2183 profugerant,
703 2143 844 2170 seeum
867 2128 1075 2184 stipendia
1097 2128 1398 2184 peragentibus
1420 2127 1596 2182 partitus

155 2190 231 2237 est,
267 2199 315 2226 eo
348 2185 490 2240 patres
522 2188 762 2241 puniciores
794 2186 1006 2238 iudicans,
1052 2186 1162 2241 quod
1197 2185 1249 2226 ad
1281 2186 1456 2238 liberos,
1496 2198 1597 2239 quos

155 2256 231 2283 suo
273 2242 429 2285 iudicio
482 2245 769 2300 repulissent,
822 2244 1054 2286 carioribus
1100 2243 1350 2299 patrimonio
1397 2242 1598 2297 spoliatis,

154 2300 357 2342 honorem
390 2302 638 2344 hereditatis
671 2317 746 2345 sue
777 2302 1025 2343 translatum
1070 2302 1278 2343 uiderent.
1340 2300 1422 2342 Sed
1455 2314 1508 2341 ne
1541 2299 1598 2340 sic

155 2358 326 2413 quidem
350 2360 526 2402 ulcionis
550 2362 754 2402 sacietate
776 2359 984 2415 perfusus,
1015 2361 1187 2414 insuper
1210 2359 1451 2408 Saxoniam,
1484 2357 1594 2412 quod

157 2429 248 2458 eam
279 2417 443 2472 asylum
476 2418 657 2460 hostium
709 2418 973 2473 Haraldique
1017 2417 1259 2473 profugium
1292 2416 1492 2466 crederet,
1525 2430 1597 2470 op-

154 2488 346 2529 pugnare
378 2477 658 2530 constituens,
699 2477 924 2531 implorato
958 2475 1137 2517 filiorum
1169 2474 1351 2527 auxilio,
1391 2473 1596 2514 Karolum

118 2539 122 2545 ’
155 2538 255 2574 tunc
295 2533 404 2575 forte
446 2535 527 2576 illis
568 2535 732 2590 imperii
774 2534 836 2574 sui
877 2533 1032 2575 finibus
1074 2534 1368 2574 immorantem
1408 2530 1595 2573 offendit.

87 2603 124 2632 40
156 2589 285 2632 Cuius
327 2605 446 2646 cum,
490 2592 768 2648 interceptis!
796 2591 994 2646 uigilibus
1034 2592 1238 2647 preiectas
1274 2589 1492 2631 fefellisset
1524 2603 1596 2630 ex·
1650 2600 1747 2634 p.449

225 2664 304 2691 Saxo
324 2665 555 2693 Grammaticus.
1414 2658 1460 2692 20

1656 867 1681 892 p.
1702 859 1754 885 448

1660 1735 1753 1764 XClb
