1884 3126
209 852 244 880 10

207 1139 244 1166 15

208 1429 245 1457 20

209 1719 245 1747 25

209 2007 247 2035 30

210 2297 247 2324 35

284 197 364 237 536
818 210 872 217 --
931 182 1072 225 XIIII
1134 206 1188 211 —

283 322 463 372 deretur,
494 317 721 364 Esbernus,
753 312 1030 368 profeccionis
1057 310 1334 353 stoliditatem
1368 309 1723 364 animaduertens,

283 390 492 434 quamque
523 386 678 414 uanum
709 373 788 413 iter
821 375 1036 426 caperent,
1068 383 1153 410 non
1177 370 1365 423 segniter
1396 370 1723 424 contemplatus,

280 436 449 477 fratrem
491 430 754 472 Absalonem
798 429 988 483 aliosque
1034 427 1198 469 Danice
1245 426 1479 468 nobilitatis
1525 440 1723 482 proceres

280 491 451 534 consilio
494 489 677 529 illustres
718 487 825 528 clam
867 485 1015 527 ceteris
1056 485 1281 527 accersitos
1326 484 1546 537 obsecrat,
1578 498 1723 540 regem

280 547 435 603 arrepti
467 545 629 587 itineris
662 545 908 586 emensione
939 543 1207 599 prohibeant,
1240 541 1352 598 quod
1378 543 1600 598 presertim
1633 542 1722 585 sine

279 606 386 647 duce
421 604 623 655 conficiat,
656 616 796 657 neque
829 616 927 644 eum
960 607 1048 643 tam
1079 600 1310 657 periculosi
1330 600 1539 656 propositi
1571 614 1723 643 execu-

278 668 410 705 torem
457 661 636 703 existere
680 660 915 715 paciantur.
989 659 1113 707 Quod
1155 659 1348 701 Absalon
1389 658 1514 700 inane
1554 663 1722 701 tentatu

277 720 478 772 iudicans,
510 718 729 773 proposito
762 732 907 773 regem
939 732 1160 759 cessurum
1181 717 1377 771 negabat,
1410 716 1603 768 dicendo,
1636 731 1723 758 mo-

278 778 461 820 nitorem
481 790 566 817 non
589 776 725 817 solum
749 789 921 831 operam
938 775 1217 830 perditurum,
1241 775 1314 815 sed
1335 774 1466 817 eciam
1486 788 1724 828 sensurum,

275 840 481 891 quantum
502 831 599 876 'odii
629 833 825 888 pertinax
857 848 974 875 error
1016 834 1086 888 pie
1117 833 1347 875 monicioni
1380 832 1539 875 referre
1576 833 1723 875 soleat.

277 893 398 935 Tunc
421 892 651 943 Esbernus,
683 891 871 933 Tametsi
892 905 973 944 me,
995 891 1141 947 inquit,
1165 891 1436 945 grauissimas
1468 891 1725 932 monitorum

276 965 408 1006 penas
440 965 462 992 e
496 950 676 1004 uestigio
711 950 907 991 daturum
939 963 1263 1005 prenoscerem,
1305 959 1386 1004 que
1431 948 1484 989 ad
1515 949 1629 1003 regis
1660 963 1724 991 sa-

275 1009 409 1050 lu'tem
451 1008 663 1064 pertinere
705 1007 1078 1062 deprehenderim,
1120 1008 1292 1049 silencio
1335 1007 1597 1049 dissimulare
1638 1021 1722 1048 non

276 1071 459 1122 paterer.
523 1065 732 1107 Adestote
765 1079 866 1120 ergo
891 1079 1069 1116 mecum,
1093 1070 1135 1107 et
1157 1066 1197 1106 in
1222 1065 1334 1119 regis
1358 1065 1723 1119 ammonicionem,

275 1125 310 1166 si
339 1124 526 1179 linguam
559 1123 754 1177 abnuitis,
788 1137 909 1165 aures
931 1123 1123 1178 prebete.
1184 1123 1432 1176 Enimuero,
1464 1137 1560 1165 cum
1593 1124 1724 1165 hone-

277 1182 398 1223 statis
430 1182 665 1237 periculum
697 1181 970 1234 obuersatur,
1004 1182 1211 1225 offensam
1242 1181 1442 1237 principis
1480 1180 1598 1223 utilia
1630 1195 1724 1223 sua-

279 1239 428 1294 den}do
478 1254 606 1295 quam
652 1239 887 1281 amiciciam
933 1240 1116 1282 inaniter
1168 1239 1421 1280 blandiendo
1472 1239 1724 1282 contrahere

277 1298 402 1340 malo.
464 1298 513 1339 In
554 1298 619 1340 his
653 1297 806 1339 etenim
848 1297 997 1339 melius
1040 1312 1095 1340 ex
1125 1297 1458 1353 reprehensione
1498 1298 1559 1338 ira
1590 1298 1724 1353 perci-

276 1355 410 1410 pitur,
455 1370 582 1411 quam
623 1369 676 1397 ex
717 1355 970 1397 adulacione
1010 1356 1153 1411 gracia
1197 1356 1456 1398 conciliatur.
1517 1355 1725 1409 Absalon,

276 1414 391 1455 haud
422 1414 596 1455 fratrem
628 1427 727 1468 rege
759 1413 995 1455 faciliorem
1037 1413 1301 1468 intelligens,
1346 1427 1440 1455 cum
1471 1418 1668 1456 neutrum
1699 1427 1724 1455 a

279 1472 495 1527 proposito
529 1471 813 1513 reuocabilem
837 1476 1039 1525 cerneret,
1070 1471 1211 1513 fratris
1234 1476 1376 1513 tamen
1404 1471 1599 1514 adeundo
1625 1484 1724 1526 rege

278 1531 435 1571 socium
490 1529 643 1584 gessit,
700 1529 836 1585 siquid
888 1530 949 1571 ire
1001 1544 1055 1571 ex
1106 1530 1226 1571 dictis
1279 1529 1369 1571 eius
1421 1531 1725 1585 conciperetur,

277 1588 562 1643 mitigaturus,
597 1587 747 1629 ceteris
780 1602 833 1629 ne
866 1587 1072 1629 interesse
1094 1588 1264 1642 quidem
1295 1591 1436 1629 tutum
1460 1587 1723 1630 ducentibus.

277 1644 396 1687 Tunc
426 1646 644 1687 Esbernus
691 1645 831 1687 mirari
862 1660 908 1687 se
938 1646 1097 1701 inquit,
1140 1659 1222 1701 quo
1256 1647 1418 1700 impetu
1455 1660 1529 1687 rex
1562 1649 1725 1687 tantum

277 1703 356 1745 iter
403 1703 509 1744 duce
557 1717 717 1744 uacuus
771 1703 1092 1758 ingrederetur,
1147 1718 1266 1745 suam
1313 1709 1455 1746 autem
1503 1703 1724 1759 patrieque

279 1761 462 1802 salutem
501 1762 544 1803 in
585 1762 709 1803 unius
742 1760 907 1803 Oesaris
947 1761 1118 1817 perfidis
1158 1761 1391 1816 precordiis
1438 1761 1723 1817 depositurus.

277 1818 426 1860 Videri
459 1820 583 1873 enim,
616 1818 729 1874 quod
773 1819 950 1861 liberam
982 1821 1121 1873 gentis
1163 1833 1238 1861 sue
1270 1820 1477 1861 ceruicem
1516 1819 1724 1875 nullisque

279 1876 554 1918 barbarorum
596 1877 806 1932 obsequiis
851 1883 1064 1919 assuetam
1106 1892 1181 1932 per
1227 1877 1368 1919 fedam
1410 1883 1453 1919 et
1494 1877 1724 1933 ignobilem

278 1935 531 1976 seruitutem
572 1935 801 1976 miserabili
832 1934 1163 1977 Teutonicorum
1195 1936 1295 1990 iugo
1340 1936 1537 1991 subigere
1568 1936 1723 1991 cupiat.

279 1991 390 2040 Quid
425 1998 565 2035 autem
600 1993 774 2034 stulcius
818 2007 934 2046 esse,
969 2008 1118 2049 quam,
1156 1993 1272 2035 nullo
1311 1993 1586 2048 impendente
1618 1994 1725 2049 peri-

280 2050 387 2102 culo,
420 2051 530 2092 ultro
573 2051 625 2091 ad
668 2050 935 2093 dedicionem
968 2065 1240 2107 procurrere,
1273 2066 1570 2107 summamque
1601 2052 1725 2093 liber-

279 2111 410 2148 tatem
444 2113 639 2151 extrema
679 2109 886 2151 seruitute
926 2114 1113 2163 mutare,
1156 2110 1327 2165 insuper
1369 2123 1502 2164 regno
1534 2110 1725 2165 precario

280 2179 403 2221 quam
450 2171 649 2221 potenter
693 2180 865 2221 preesse
913 2167 1072 2210 malle?
1152 2167 1303 2223 Itaque
1357 2166 1579 2217 Cesarem,
1632 2182 1726 2210 cum

278 2223 459 2265 Daniam
492 2239 568 2266 sue
601 2224 776 2266 dicionis
809 2225 1019 2279 effecerit,
1052 2225 1325 2277 miraturum,
1358 2224 1471 2280 quod
1504 2228 1590 2266 tam
1622 2226 1726 2267 uali-

279 2281 376 2323 dam
407 2286 575 2336 gentem
608 2287 707 2324 ante
738 2283 955 2339 promissis
987 2282 1276 2339 superauerit,
1319 2297 1447 2339 quam
1477 2283 1602 2325 armis
1634 2289 1725 2326 ten-

278 2339 444 2381 tauerit.
505 2340 614 2390 Rex,
645 2342 790 2396 paucis
820 2341 926 2382 iram
950 2342 1189 2396 exprimere
1223 2340 1371 2383 solitus
1403 2339 1583 2396 (quippe
1606 2356 1724 2383 raras

278 2394 406 2441 uoces
438 2397 633 2439 turbatus
677 2398 804 2441 edere
845 2398 1167 2452 consueuerat),
1209 2398 1303 2440 Etsi
1334 2404 1401 2452 te,
1433 2399 1583 2454 inquit,
1614 2399 1722 2441 adeo

277 2460 416 2499 metus
448 2460 692 2510 perurgeat,
725 2461 771 2498 ut
803 2456 873 2499 uie
908 2470 1049 2498 comes
1081 2471 1174 2499 esse
1205 2471 1289 2498 non
1322 2457 1507 2507 audeas,
1537 2470 1604 2497 me
1636 2458 1724 2512 qui-

279 2515 378 2556 dem
408 2508 710 2569 trepidacionis
741 2519 812 2556 tue
843 2515 1005 2556 socium
1035 2529 1118 2557 non
1161 2515 1350 2557 habebis.
1413 2512 1580 2555 Virtute
1613 2516 1723 2556 enim

218 2585 252 2611 40
285 2585 410 2628 quam
440 2569 599 2613 familia
630 2572 886 2628 comitacior,
920 2573 1009 2614 sine
1040 2576 1083 2614 te
1106 2572 1369 2630 propositum
1403 2585 1624 2628 exsequar,
1647 2587 1725 2616 nec
