1884 3126
63 878 100 904 10

61 1456 98 1484 20

57 2038 93 2065 30

56 2328 93 2355 35

55 2617 92 2645 40

709 220 781 242 '——
843 213 885 255 V
945 237 997 243 —
1496 220 1576 261 173

138 337 311 394 quidem
342 338 383 380 in
414 338 696 395 rependendis
730 354 906 396 operum
949 354 1123 384 suorum
1164 344 1447 386 monumentis
1485 358 1577 386 mu-

135 395 356 439 nificencia
388 396 534 439 Danos
577 398 758 454 equauit.
820 399 913 441 Illic
943 401 1055 443 enim
1087 400 1319 442 elucubrati
1351 402 1575 445 uoluminis

134 467 296 496 merces
328 469 432 496 auro
465 456 643 512 simplici
674 457 801 509 stetit,
840 456 905 499 hic
936 459 1091 513 agresti
1123 462 1335 513 sceptrum
1365 459 1576 503 incondita

135 526 335 554 uersuum
367 515 559 568 paucitas
591 514 859 557 ministrauit.
1051 529 1053 531 ’

272 570 436 613 Eodem
488 576 677 628 tempore
725 572 897 626 Ericus,
949 574 1019 629 qui
1071 573 1243 616 Suethie
1292 574 1574 629 prefecturam

134 628 335 682 gerebat,
376 630 523 672 morbo
568 630 832 672 exanimatus
878 635 956 673 est.
1017 631 1145 673 Cuius
1186 632 1293 672 filius
1338 632 1572 687 Haldanus,

131 689 310 740 paterna
341 689 647 743 procuracione
678 689 863 742 functus,
896 703 991 731 cum
1023 690 1138 732 ‚XIL
1168 689 1343 731 fratrum
1360 690 1572 746 Nor-uagie

133 744 403 787 oriundorum
426 747 581 788 crebris
604 747 903 801 congressibus
938 753 1181 799 terreretur,
1213 762 1290 789 nec
1313 751 1570 803 oppressioni

131 802 318 844 uindicta
358 807 627 859 suppeteret,
673 819 748 860 spe
789 805 1046 860 capessende
1087 806 1177 861 opis
1219 805 1427 860 Fridleni,
1475 813 1572 849 tunc

130 860 287 903 Ruscie
309 862 592 917 consistentis,
616 864 779 917 copiam
801 863 999 918 profugio
1022 864 1189 919 petiuit.
1238 863 1372 911 Quem
1395 866 1571 920 supplici

132 919 254 960 uultu
285 933 533 974 aggressus,
575 934 706 976 seque
749 921 802 962 ab
835 926 1010 963 externo
1054 922 1176 963 hoste
1222 921 1482 964 confractum
1524 932 1591 964 ae·

132 982 355 1018 contusum
387 978 638 1033 deplorans,
678 980 841 1021 tristem
882 979 1125 1021 iniuriarum
1168 980 1468 1035 querimoniam
1512 982 1570 1022 af—

130 1035 307 1078 ferebat.
358 1036 442 1077 Per
474 1051 598 1092 quem
620 1036 846 1079 Friclleuus
880 1042 1052 1093 accepto
1085 1041 1259 1092 paterne
1290 1039 1436 1080 mortis
1470 1052 1572 1079 nun-

131 1094 218 1144 cio,
258 1094 493 1149 supplicem
534 1095 702 1137 auxiliis
740 1100 1012 1151 prosecutus,
1055 1095 1316 1150 Noruagiam
1359 1097 1482 1137 armis
1513 1097 1571 1137 in-

128 1155 314 1194 structus
345 1153 518 1196 accedit.
581 1153 675 1202 Quo
710 1157 902 1209 tempore
935 1153 1110 1209 predicti
1150 1153 1320 1207 fratres,
1364 1153 1571 1210 delficien-

130 1209 244 1269 tjbus
276 1223 301 1251 a
331 1224 375 1251 se
396 1212 535 1262 sociis,
567 1211 675 1253 intra
707 1212 888 1253 insulam
911 1212 1176 1267 rapidissimo
1209 1212 1407 1253 ambitam
1439 1212 1568 1253 fluuio

130 1268 338 1323 prealtum
371 1270 506 1310 moliti
536 1264 719 1322 uallum,
765 1274 1007 1312 terrestrem
1050 1271 1091 1311 in
1123 1270 1248 1324 plano
1290 1270 1568 1311 municionem

132 1326 439 1381 extenderant3
474 1328 590 1369 cuius
622 1328 891 1383 receptaculo
924 1328 1032 1381 freti,
1065 1327 1212 1369 crebra
1244 1328 1405 1369 uicinos
1437 1329 1571 1383 irrup-

131 1384 251 1426 cione
292 1384 562 1428 lacesserant.
623 1385 894 1428 Excedentes
935 1386 1046 1427 enim
1085 1386 1242 1438 insula,
1287 1386 1569 1427 continentem

130 1448 325 1485 extructo
368 1447 500 1499 ponte
539 1448 689 1500 petere
733 1448 1067 1497 consueuerant,
1111 1458 1232 1498 quem
1275 1450 1396 1498 porte
1435 1444 1569 1484 muni-

131 1501 259 1542 cionis
291 1515 506 1543 annexum
528 1503 588 1543 ita
619 1502 803 1558 quodam
825 1502 1108 1544 funiculorum
1139 1503 1340 1556 regimine
1362 1502 1568 1543 moderari

129 1558 344 1613 solebant,
386 1564 454 1612 ut,
496 1561 614 1616 quasi
655 1561 828 1603 uolubili
867 1561 1008 1615 aliquo
1051 1560 1218 1601 cardine
1250 1560 1568 1611 circumuectus,

128 1615 251 1658 modo
284 1621 400 1659 trans
432 1618 600 1660 flumen*
628 1619 708 1660 iter
748 1623 976 1672 sterneret,
1020 1618 1145 1660 modo
1189 1618 1352 1659 occulto
1395 1618 1567 1658 restium

128 1674 258 1716 ductu
290 1690 472 1731 superne
513 1681 718 1719 retractus
760 1677 884 1718 ianne
917 1675 1184 1718 dessseruiret.
1245 1675 1383 1717 Fuere
1426 1680 1567 1716 autem

80 1748 96 1774 5»
130 1733 305 1774 iuuenes
340 1734 381 1775 hi
404 1748 521 1776 aeres
554 1735 712 1785 animis,
745 1735 907 1776 robusti
931 1735 1116 1788 iuuenta,
1148 1734 1398 1789 prestabiles
1423 1733 1567 1775 habitu

130 1791 335 1847 corporis,
379 1793 590 1847 giganteis
624 1793 722 1834 clari
754 1793 989 1848 triumphis,
1021 1791 1207 1847 tropheis
1237 1793 1429 1846 gencium
1462 1791 1568 1832 eele-

128 1849 238 1903 bres,
270 1849 415 1905 spoliis
449 1851 700 1907 locupletes.
751 1850 1022 1900 Quorundam
1055 1864 1157 1892 uero
1185 1864 1238 1890 ex
1269 1850 1367 1904 ipsis
1399 1849 1567 1890 nomina

128 1907 242 1960 (nam
267 1914 407 1950 cetera
429 1913 625 1951 uetustas
660 1907 857 1962 abstulit)
881 1909 1124 1950 subnotaui:
1156 1907 1377 1960 Gerbiorn,
1409 1906 1568 1947 Gunbi-

127 1979 227 2018 orn,
259 1967 503 2022 Armbiorn,
535 1967 788 2021 Stenbiorn,
821 1966 1027 2017 Esbiorn,
1060 1966 1319 2018 Thorbiorn,
1351 1969 1392 2006 et
1424 1964 1570 2024 Biorn3

125 2023 208 2065 Hic
240 2038 393 2080 equum
417 2024 616 2068 habuisse
638 2025 821 2067 traditur
843 2029 1103 2080 prestantem
1130 2037 1317 2078 corpore,
1348 2027 1565 2079 prepetem

126 2081 364 2134 uelocitate,
396 2082 503 2125 adeo
538 2088 607 2138 ut,
639 2083 790 2126 ceteris
823 2097 989 2125 amnem
1021 2083 1213 2124 traiicere
1244 2080 1565 2136 nequeuntibus,

125 2139 193 2181 hic
241 2140 356 2181 solus
407 2141 726 2197 obstrepentem
778 2141 1016 2183 indefessus
1069 2140 1273 2182 uerticem
1334 2142 1564 2194 superaret.

127 2196 258 2240 Cuius
289 2212 400 2254 aque
432 2199 576 2255 lapsus
607 2204 694 2241 tam
726 2200 853 2241 incito
889 2213 937 2241 ac
967 2198 1161 2254 precipiti
1185 2197 1397 2239 uolumine
1430 2195 1565 2237 defer-

124 2259 206 2310 tur,
238 2260 285 2297 ut
315 2257 511 2298 animalia
542 2258 669 2299 nandi
697 2258 843 2312 uigore
874 2256 1041 2299 defecta
1072 2256 1305 2312 plerunque
1336 2252 1565 2309 pessunda-

123 2328 170 2355 re
201 2315 348 2356 soleat.
395 2315 463 2357 Ex
495 2317 668 2358 summis
692 2316 802 2357 enim
824 2315 1036 2356 moncium
1071 2313 1354 2355 cacuminibus
1376 2324 1563 2363 manans,

125 2371 226 2413 dum
271 2386 349 2427 per
395 2373 600 2415 cliuorum
646 2378 851 2429 prerupta
889 2372 1002 2414 saxis
1046 2374 1249 2426 exceptus
1290 2370 1479 2422 eliditur,
1522 2369 1563 2410 in

124 2429 337 2485 profunda
382 2431 557 2473 uallium
618 2432 897 2487 multiplicato
944 2444 1151 2486 aquarum
1192 2429 1368 2483 strepitu
1432 2426 1563 2479 cadit3

123 2502 272 2529 uerum
296 2489 498 2531 continuo
521 2504 724 2532 saxorum
748 2489 967 2531 obstaculo
991 2495 1276 2543 repercussus,
1309 2485 1562 2527 celeritatem

124 2546 308 2602 impetus
340 2546 489 2588 eadem
519 2544 685 2604 semper
717 2546 993 2603 equabilitate
1014 2549 1246 2587 conseruat.
1290 2543 1441 2598 Itaque
1468 2546 1562 2608 ‘toto

122 2604 232 2646 aluei
263 2609 423 2656 tractu,
455 2605 579 2648 undis
612 2605 875 2648 uniformiter
904 2603 1140 2657 turbidatis,
1176 2614 1374 2657 spumeus
1406 2600 1564 2655 ubique

1627 1171 1655 1197 p.
1673 1164 1723 1188 ‘260

1640 1667 1718 1695 mlh
