1884 3126
270 584 285 610 5

249 867 284 894 10

248 1156 282 1182 15

247 1443 283 1470 20

246 1731 283 1758 25

247 2018 284 2046 30

250 2307 286 2334 35

317 216 400 256 440
872 229 926 233 —
983 201 1098 244 xm
1159 226 1212 230 -

320 336 586 396 parricidium
623 332 887 380 uindicante‚
933 328 1153 371 uictoriam
1199 327 1361 369 babuit.
1437 327 1618 381 Magnus
1666 340 1759 368 cum

320 398 532 450 aliquanta
562 392 738 432 forcium
771 402 898 429 manu
931 387 1081 428 cedere
1112 387 1297 438 ueritus,
1343 384 1492 426 ceteris
1533 388 1654 438 terga
1688 384 1760 426 ob-

320 450 602 500 uertentibus,
640 447 819 488 aduerso
852 446 1016 486 hostem
1049 457 1226 499 corpore
1266 442 1513 496 repellebat.
1577 441 1759 497 Quippe,

319 524 412 551 cum
443 509 589 560 fugam
619 518 768 560 parum
799 503 973 543 liberam
1008 505 1223 554 cerneret,
1264 498 1526 542 animo*sum
1558 499 1634 540 sibi
1667 513 1761 542 con-

316 566 535 621 <s>ciscere
578 563 739 603 exitum
788 565 1056 613 mortemque
1098 573 1217 600 suam
1262 557 1492 613 pugnando
1540 557 1762 599 clariorem

320 624 488 665 efficere
526 619 744 675 egregium
779 618 913 660 duxit.
977 617 1089 665 Quin
1123 616 1277 668 eciam,
1309 629 1362 656 ne
1393 615 1614 669 pristinum
1647 615 1762 657 forti-

318 680 473 721 tudinis
506 691 581 718 sue
613 675 882 731 splendorem
919 675 1145 727 obtereret,
1168 674 1309 714 ‘fatum
1342 687 1469 727 quam
1500 673 1643 726 fugam
1676 687 1759 714 am-

315 737 443 792 plecti
489 734 647 776 maluit.
724 733 968 785 Postremo,
1017 739 1063 774 ut
1111 732 1265 785 insigni
1311 745 1478 786 pugna,
1525 731 1582 772 ita
1630 731 1763 772 multa

316 793 656 835 aduersariorum
690 794 831 845 strage
866 790 990 842 edita,
1025 804 1153 845 super
1185 792 1491 844 prostratorum
1516 803 1541 830 a
1562 803 1606 831 se
1637 789 1760 831 cada-

316 865 460 893 uerum
494 854 652 891 struem
685 863 767 889 una
801 862 896 889 cum
928 849 1072 900 Petro,
1104 847 1302 903 pontifice
1325 846 1630 902 Roskyldensi,
1665 861 1761 889 con-

315 913 508 964 sumptus
554 906 767 949 occubuit.
846 906 985 955 Quem
1032 911 1080 947 ut
1126 905 1206 947 fati
1251 904 1471 956 comitem,
1511 905 1569 946 ita
1610 906 1762 947 tumuli

315 980 480 1021 quoque
513 969 755 1007 consortem
786 964 945 1006 habuit.
1006 963 1222 1016 Nicolaus,
1255 963 1426 1004 admoto
1459 964 1537 1005 sibi
1577 978 1653 1019 per
1684 964 1761 1005 uil-

313 1025 440 1065 licum
474 1037 594 1078 equo,
626 1036 780 1063 nauem
813 1023 976 1077 petiuit.
1038 1021 1174 1063 Maior
1218 1021 1476 1075 fugiencium
1517 1035 1613 1076 pars
1649 1035 1761 1063 com-

314 1081 523 1137 prehensa
556 1094 631 1135 per
672 1080 786 1121 foros
832 1081 1005 1134 nauigia
1048 1080 1332 1121 conscendere
1365 1080 1562 1134 cupiens,
1602 1080 1761 1134 ingenti

316 1138 498 1194 quadam
529 1138 638 1180 mole
672 1138 897 1179 mersabat.
960 1138 1118 1192 Igitur,
1152 1138 1221 1193 qui
1254 1136 1376 1192 primi
1406 1137 1631 1180 introrsum
1664 1153 1762 1179 eua-

317 1203 473 1247 serant,
505 1196 739 1237 tardiorum
771 1210 920 1237 manus
942 1196 1123 1250 nauigiis
1156 1196 1335 1237 insertas
1358 1196 1518 1250 absque
1547 1196 1760 1237 societatis

316 1259 513 1310 respectu
544 1254 656 1294 ferro
680 1257 938 1301 truncantes,
961 1254 1185 1296 ferociores
1217 1254 1259 1295 in
1281 1267 1380 1295 suos
1405 1268 1530 1309 quam
1551 1254 1593 1295 in
1615 1254 1761 1296 hostes

314 1312 447 1354 fuere.
511 1311 768 1353 Calamitosa
799 1312 992 1352 nimirum
1025 1311 1094 1352 illa
1128 1311 1257 1352 facies
1292 1315 1404 1361 erat,
1441 1325 1534 1353 cum
1566 1311 1761 1367 pendulis

315 1370 486 1424 nauigia
529 1369 709 1411 brachiis
753 1370 1061 1425 amplectentes
1113 1369 1208 1410 hinc
1248 1370 1380 1410 hostis
1426 1375 1620 1424 urgeret,
1663 1369 1761 1412 inde

315 1428 419 1468 ciuis
471 1427 709 1482 repelleret.
792 1428 887 1475 Quo
941 1427 1257 1482 experimento,
1319 1431 1523 1482 quantum
1581 1428 1759 1484 quisque

315 1485 495 1527 salutem
540 1499 658 1526 suam
701 1485 837 1527 aliene
871 1485 1099 1540 preferret,
1130 1485 1302 1526 fortuna
1335 1485 1511 1527 detexit.
1574 1485 1761 1528 Taceant

315 1557 500 1598 nugaces
524 1542 793 1584 adulancium
816 1556 953 1587 uoces,
987 1558 1069 1598 que
1098 1543 1294 1597 spiritum
1326 1543 1558 1585 amicorum
1589 1544 1760 1599 proprio

315 1602 519 1642 cariorem
550 1604 737 1642 astruere
768 1615 853 1642 non
877 1601 1143 1643 erubescunt.
1193 1599 1456 1642 Crediderim
1487 1601 1596 1642 hanc
1627 1602 1760 1644 uicto-

313 1659 419 1699 riam
451 1659 640 1699 humanis
671 1672 822 1713 parum
855 1659 1019 1700 uiribus·
1036 1662 1215 1714 partam,
1248 1659 1339 1712 sed,
1371 1658 1450 1700 deo
1480 1659 1657 1713 piissimi
1678 1660 1756 1700 uiri

313 1716 530 1758 interitum
581 1717 836 1769 ulciscente,
891 1730 1146 1758 concessam.
1228 1715 1382 1769 Neque
1433 1717 1590 1758 bellum
1642 1717 1757 1758 aliud

316 1774 571 1816 crebriorem
601 1774 844 1829 pontificum
877 1789 1072 1816 cruorem
1104 1775 1351 1829 absumpsit.
1415 1774 1581 1830 Quippe
1603 1774 1758 1817 Petrus

314 1831 624 1888 ¹Roskyldensis
672 1836 712 1874 et
742 1832 966 1885 Hemicus,
1000 1832 1263 1874 Sueticarum
1314 1833 1504 1888 parcium
1550 1832 1757 1888 pontifex,

318 1903 548 1945 omnesque
580 1890 703 1942 Iutie,
731 1894 871 1945 preter
893 1888 1277 1946 unum,1antistites
1301 1891 1383 1932 hoc
1402 1890 1536 1945 prelio
1571 1891 1758 1946 oppressi

316 1947 552 1989 traduntur.
599 1947 649 1988 In
681 1949 797 1990 cuius
831 1953 1039 2003 apparatu
1062 1948 1258 2002 Magnus,
1290 1948 1471 1990 Saxonis
1502 1948 1626 2000 filius,
1648 1948 1760 1991 Erici

315 2005 446 2055 miles,
479 2005 691 2060 singulare
723 2005 821 2048 fidei
853 2007 1066 2061 specimen
1099 2005 1242 2048 edidit.
1290 2005 1400 2047 Nam
1433 2019 1527 2048 cum
1558 2006 1760 2048 Nicolaus

316 2063 527 2105 maritima
570 2062 780 2106 Sialandie
827 2065 941 2116 loca,
989 2065 1137 2120 nequis
1182 2064 1236 2106 ad
1267 2063 1437 2106 Ericum
1469 2064 1691 2117 transiret,
1735 2079 1759 2105 a

316 2121 517 2163 militibus
550 2121 767 2163 obseruari
795 2122 999 2176 iussisset,
1033 2137 1110 2178 per
1133 2122 1459 2165 Stethiumensis
1481 2123 1760 2178 promontorii

316 2182 519 2234 prerupta
570 2193 594 2220 a
643 2180 893 2222 satellitibus
941 2180 1041 2222 fune
1091 2180 1324 2234 demissus,
1374 2186 1505 2222 noctu
1559 2181 1760 2235 scapham

319 2237 583 2290 conscendit,
630 2251 765 2293 eaque
813 2238 1006 2280 scaniam
1049 2243 1220 2294 petenS,
1260 2242 1427 2293 gratam
1465 2238 1590 2280 Erico
1635 2253 1759 2295 opem

318 2295 470 2336 attulit.
550 2295 655 2337 Post
706 2297 782 2337 hec
832 2296 1012 2351 Magnus
1063 2296 1244 2338 Noricus
1293 2296 1441 2337 nudati
1492 2297 1650 2339 consilii
1694 2297 1759 2338 sui

319 2352 535 2406 coniugem
579 2367 783 2408 arguens,
823 2354 1025 2396 reiectam
1068 2369 1092 2395 a
1134 2368 1179 2396 se
1210 2353 1333 2395 Erico
1374 2354 1555 2405 remisit,
1588 2353 1758 2409 dignam

319 2410 494 2464 repudio
528 2414 655 2466 ratus,
687 2426 767 2467 que
800 2412 1007 2467 coniugali
1035 2412 1198 2454 caritati
1221 2413 1585 2466 consanguineum
1617 2416 1759 2467 pretu-

318 2467 436 2509 lisset
467 2468 675 2511 affectum.
726 2469 778 2511 In
798 2469 914 2511 cuius
937 2474 1240 2525 contemptum,
1272 2473 1479 2511 temerata
1504 2469 1758 2511 matrimonii

321 2524 532 2579 religione,
565 2541 609 2568 se
640 2527 777 2583 ipsum
809 2528 971 2582 nupciis
1004 2529 1186 2583 spoliare
1208 2529 1224 2581 ΙΙ
1246 2527 1366 2570 triste
1400 2542 1484 2570 non
1517 2527 1649 2569 duxit.
1697 2527 1757 2569 At

253 2594 289 2622 40
319 2581 532 2639 Nicolaus,
564 2584 668 2641 fuga
698 2583 782 2641 <in>
813 2582 1013 2656 Iutia<m>
1035 2586 1202 2644 elapsus
1230 2589 1271 2629 et
1292 2590 1497 2643 tanquam
1518 2585 1571 2628 ad
1591 2585 1760 2630 fortune

869 2669 889 2717 l

894 2727 914 2777 xx

1799 503 1883 531 CXX

1811 2534 1884 2569 (24⁵2
