1884 3126
106 886 137 912 10

105 1175 136 1202 15

99 1464 136 1491 20

102 2040 139 2067 30

101 2330 138 2357 35

101 2620 137 2647 40

171 223 253 268 306
748 248 803 255 --
863 222 930 266 IX
991 247 1044 253 —-

172 351 331 405 cubias,
364 355 489 406 atque
525 351 578 393 ob
603 351 684 393 hoc
716 354 857 393 cetera
887 351 1001 393 factu
1033 352 1146 394 leuia
1176 351 1349 394 duceret
1381 353 1620 406 conatuque

169 409 437 465 prompciora
469 414 685 464 speraret,
717 410 858 451 subito
891 410 1032 451 diuina
1064 410 1195 451 futuri
1226 408 1496 461 muliercula,
1529 414 1619 450 tan-

170 482 296 523 quam
343 467 503 509 celeste
552 467 765 521 quoddam
811 468 1025 509 oraculum
1076 472 1149 509 aut
1204 467 1346 508 diuine
1387 466 1618 508 uoluntatis

169 526 388 580 interpres,
420 525 593 566 salutari
625 539 766 580 regem
799 525 1064 580 prediccione
1097 526 1350 580 permonuit,
1386 524 1617 565 aduentan-

169 583 307 638 tisque
339 582 513 637 periculi
545 583 698 624 malum
734 583 843 624 felici
876 584 1078 624 uaticinio
1111 583 1396 638 precucurrit,
1439 582 1618 637 Syuardi

171 641 345 681 classem
376 640 428 681 ad
464 639 654 695 Sighu-ini
687 641 869 682 fluminis
909 641 1053 683 fauces
1095 641 1310 696 appulisse
1342 639 1617 681 denuncians,

170 699 421 753 Imperator,
454 703 618 740 attente
650 704 827 754 accepto
860 701 1046 750 monitu,
1090 699 1285 740 hostilem
1318 698 1619 752 interpretatus

169 757 423 807 aduentum,
461 756 721 810 significatos
763 757 841 798 sibi
885 757 1083 799 barbaros
1115 770 1255 812 pugne
1290 757 1490 810 oppositu
1523 768 1619 796 con-

169 814 439 868 stringendos
484 815 659 856 curauit.
723 815 818 863 Qua
849 815 888 856 in
922 815 1167 868 Regnerum
1201 814 1359 866 habita,
1392 827 1476 854 non
1507 814 1618 853 simi-

167 872 272 923 liter,
305 878 352 913 ut
383 872 633 913 discriminis
666 873 873 914 cautelam
909 872 1070 923 hausit,
1112 872 1210 913 belli
1244 877 1381 913 actum
1414 870 1618 926 impleuit.

170 930 322 984 Itaque
343 929 620 984 infatigabilis
653 930 724 971 ille
757 931 893 971 tocius
928 944 1036 985 pene
1070 930 1243 984 Europe
1277 929 1475 981 domitor,
1508 942 1619 970 sere-

168 988 347 1029 nissimis
388 988 740 1043 amplissimisque
785 989 972 1029 uictoriis
1019 993 1180 1029 tantam
1213 992 1420 1028 terrarum
1452 991 1617 1042 partem

172 1044 399 1101 eljmensus,
443 1050 505 1086 tot
537 1046 777 1095 ciuitatum,
810 1051 873 1087 tot
907 1046 1103 1100 gencium
1134 1046 1340 1086 uictorem
1375 1044 1618 1096 exercitum,

170 1104 329 1145 auersis
376 1103 486 1144 bello
534 1104 799 1158 pectoribus,
849 1105 971 1145 unius
1012 1103 1230 1159 prouincie
1274 1102 1451 1157 paruula
1493 1116 1618 1143 manu

168 1162 438 1217 profligatum
470 1161 648 1215 aspexit.

308 1219 500 1274 Cumque
541 1219 788 1274 Regnerus,
830 1219 1015 1260 oneratis
1058 1219 1217 1260 tributo
1259 1218 1523 1270 Saxonibus,
1566 1217 1618 1259 de

169 1281 305 1319 morte
338 1276 531 1318 Heroddi
564 1284 725 1318 certum
760 1291 780 1318 e
817 1277 963 1318 Suetia
1006 1277 1207 1318 nuncium
1238 1276 1483 1331 accepisset,
1515 1275 1618 1317 libe-

169 1349 322 1390 rosque
345 1349 444 1376 suos
467 1334 589 1387 Sorli,
611 1335 778 1376 suffecti
800 1335 922 1388 regis,
946 1335 1152 1375 calumnia
1174 1334 1297 1375 auitis
1321 1333 1440 1375 bonis
1464 1337 1632 1382 exutos,

169 1399 459 1447 cognosceret,
493 1393 649 1440 Biorni,
683 1392 873 1433 Fridleui
924 1398 1054 1448 atque
1087 1391 1343 1433 Rathbarthi
1390 1391 1615 1445 collegium

167 1455 436 1507 apprecatUS,
470 1451 587 1500 (nam
617 1450 880 1504 Regnaldus,
912 1450 1182 1492 Withsercus
1225 1454 1265 1490 et
1296 1449 1467 1499 Ericus,
1511 1463 1616 1504 quos

170 1524 225 1551 ex
256 1507 500 1562 Suanlogha
533 1513 831 1563 progenuerat,
863 1507 1050 1549 nondum
1084 1507 1268 1549 habilem
1300 1507 1424 1548 armis
1459 1511 1617 1548 etatem

168 1565 471 1621 impleuerant)
504 1565 692 1607 Suetiam
724 1567 863 1621 peciit.
927 1565 1003 1607 Cui
1045 1579 1266 1608 occurrens
1300 1579 1392 1605 cum
1426 1565 1616 1606 exercitu

169 1624 327 1677 Sorlus,
359 1623 529 1679 publice
553 1637 607 1664 an
629 1624 823 1678 priuatim
850 1624 1076 1665 dimicandi
1109 1624 1287 1678 opcione
1319 1623 1442 1675 facta,
1475 1622 1616 1675 singu-

167 1683 299 1724 larem
340 1681 542 1736 deligenti
581 1682 825 1728 conflictum
856 1681 1166 1734 Scarchdhum,
1209 1683 1398 1736 spectate
1440 1679 1617 1720 audacie

122 1753 134 1778 r
168 1740 368 1796 pugilem,
402 1753 495 1780 cum
527 1744 703 1793 septena
734 1740 917 1780 filiorum
948 1753 1077 1780 manu
1114 1753 1167 1780 ex
1198 1739 1510 1794 prouocacione
1541 1751 1616 1792 pu-

169 1801 393 1852 gnaturum
428 1797 631 1838 admouit.
695 1797 799 1838 Cum
832 1798 983 1852 quibus
1009 1798 1249 1852 Regnerus,
1282 1795 1415 1837 tribus
1448 1795 1541 1836 filiis
1572 1795 1615 1835 in

170 1855 410 1898 certaminis
453 1856 702 1898 societatem
744 1856 991 1910 assumptis,
1037 1862 1218 1910 utroque
1260 1855 1447 1894 exercitu
1480 1854 1615 1907 inspe-

169 1919 313 1956 ctante
355 1926 630 1967 congressus,
673 1927 808 1967 agone
850 1914 986 1954 uictor
1032 1913 1224 1954 excessit.
1287 1912 1469 1952 Bion-nus
1501 1925 1615 1962 uero,

171 1971 282 2027 quod
329 1971 497 2025 integer
540 1971 652 2012 hosti
701 1970 859 2012 cladem
908 1972 1162 2025 ingesserat,
1203 1976 1403 2024 tanquam
1435 1984 1459 2010 a
1490 1968 1615 2009 ferrei

169 2030 314 2070 lateris
366 2029 562 2070 firmitate
615 2030 915 2083 sempiternum
966 2028 1185 2084 usurpauit
1235 2041 1458 2080 agnomen.
1522 2025 1616 2073 Qua

169 2087 347 2128 uictoria
367 2085 592 2139 Regnerus
615 2088 747 2128 omnis
769 2086 943 2142 periculi
965 2086 1192 2142 superandi
1223 2085 1422 2126 fiduciam
1452 2089 1614 2136 nactus,

171 2145 337 2187 Sorlum
370 2158 464 2185 curn
497 2145 718 2196 uniuersis,
753 2158 857 2200 quas
889 2144 1162 2189 ductauerat,
1206 2143 1338 2197 copiis
1378 2142 1614 2196 impetitum

171 2203 336 2244 occidit.
380 2201 585 2267 Cumque,
618 2201 773 2243 Biorno
808 2202 861 2243 ob
893 2203 1120 2256 conspicue
1143 2200 1395 2242 fortitudinis
1417 2199 1614 2241 meritum

172 2261 341 2302 Suetica
373 2260 615 2315 prelacione
658 2259 838 2311 donato,
881 2259 1097 2314 aliquanto
1141 2258 1343 2300 bellorum
1384 2257 1613 2307 intersticio

170 2318 410 2373 quieuisset,
443 2317 659 2358 cuiusdam
692 2318 798 2359 forte
829 2317 1073 2358 muliercule
1106 2317 1318 2358 amancior
1348 2315 1498 2367 factus,
1532 2328 1613 2369 quo

170 2376 477 2431 prompciorem
511 2375 587 2415 sibi
629 2375 836 2429 pociende
878 2376 968 2416 eius
1008 2374 1167 2416 aditum
1208 2378 1409 2425 strueret,
1451 2378 1613 2427 patrem

169 2435 299 2489 ipsius
331 2432 602 2488 amplissimo.
622 2433 906 2474 beneficencie
938 2433 1051 2473 cultu
1096 2431 1396 2474 officiosissime
1445 2435 1613 2484 captan-

171 2492 269 2532 dum
311 2491 486 2532 curauit.
549 2490 658 2543 Sepe
706 2490 814 2532 enim
861 2504 1035 2532 numero
1082 2490 1334 2531 accersitum
1374 2487 1426 2529 ad
1469 2487 1613 2542 epulas

169 2549 348 2604 plurime
381 2547 590 2591 comitatis
624 2547 768 2588 officiis
790 2547 1140 2603 prosequebatur.
1181 2546 1288 2588 Nam
1312 2551 1353 2586 et
1374 2546 1613 2587 uenientem

168 2606 416 2662 assurgendi
449 2606 694 2648 reuerencia
742 2606 1161 2662 discumbentemque
1191 2604 1386 2660 proximo
1417 2602 1494 2644 sibi
1519 2616 1613 2644 con-

1679 1049 1770 1085 (172)

1672 1229 1770 1262 p.450
