1884 3126
763 200 1035 244 -X-
1539 200 1623 243 339

174 330 350 373 fortuito
383 331 517 386 magis
552 345 679 387 quam
710 329 847 372 solido
890 330 1139 385 pontificum
1187 328 1336 371 ordine
1366 328 1625 372 nitebantur.

174 388 266 431 Nec
296 390 434 431 minus
467 389 682 445 Noruagia
713 388 920 431 Bernardi
955 403 1009 430 ex
1039 388 1196 444 Anglia
1227 387 1402 443 profecti
1437 386 1625 429 saluber-

173 447 279 489 rima
311 448 620 490 ammonicione
654 447 844 503 profecit.
889 446 1018 488 Cuius
1043 446 1134 501 regi
1158 445 1296 488 Olauo
1319 449 1436 487 tanta
1457 458 1624 487 sumen-

174 505 325 547 dorum
367 506 652 561 auspiciorum
696 505 1119 559 annotandorumque
1161 505 1350 546 ominum
1388 517 1490 546 cura
1529 506 1623 544 acta

126 575 143 603 5
175 567 264 615 est,
308 568 356 605 ut
398 564 530 605 eciam
572 577 778 619 aquarum
818 562 1230 618 sacrarumliquore
1256 563 1261 614 l
1288 561 1498 618 perfusus,
1530 575 1626 603 cum

176 619 383 677 par<i>ter
425 622 620 678 religiose
669 621 885 677 discipline
930 620 1171 662 rudimenta
1216 621 1459 676 sorpsisset,
1507 619 1623 661 nullo

174 684 318 721 tamen
341 680 572 722 sanctitatis
593 680 809 745 exemplo,
840 679 996 721 nullius
1022 678 1273 720 auctoritate
1306 678 1510 733 doctrine,
1543 692 1625 733 quo

174 738 312 779 minus
358 737 625 794 augur[i]um
677 738 862 780 monitus
916 741 1228 780 consectaretur
1274 736 1505 792 futuraque
1551 750 1627 791 per

175 796 377 852 pullarios
410 797 602 849 disceret,
626 795 641 849 ΙΙ
664 796 798 839 uetari
829 800 989 852 posset.
1031 795 1182 851 Itaque
1213 796 1436 837 sanctitate
1464 808 1627 836 uacuus

106 866 141 893 10
170 868 248 896 nec
278 868 364 896 non
395 855 565 897 inanem
598 855 686 896 eius
721 855 913 896 umbram
948 854 1218 909 complexus,
1257 857 1499 908 susceptam
1532 854 1625 895 reli-

172 912 309 967 gionis
341 914 523 968 speciem
556 912 704 954 fucosa
736 913 1044 967 supersticione
1079 912 1322 954 damnabat
1385 911 1626 953 Consimilis

173 969 362 1011 eiusdem
411 971 620 1026 pontificis
670 971 880 1012 industria
931 970 1077 1012 Suet-ie
1137 983 1282 1025 regem
1335 969 1519 1012 Olauum
1571 970 1623 1011 ad

132 1077 141 1081 ι
173 1028 412 1071 Christiana
463 1043 583 1071 sacra
632 1029 886 1084 perductum
937 1028 1084 1070 Iacobi
1134 1029 1305 1070 nomine
1366 1029 1625 1082 uenustauit,

172 1100 335 1128 morum
376 1087 584 1143 profectui
626 1087 754 1129 decus
796 1087 994 1128 uocabuli
1026 1086 1231 1129 tribuens.
1292 1085 1447 1128 Vtrum
1479 1091 1624 1128 autem

109 1155 140 1182 15
170 1145 283 1186 idem
322 1159 399 1186 rex
442 1146 495 1187 ab
527 1159 601 1197 eo,
642 1160 694 1187 an
728 1160 751 1186 a
782 1145 1081 1187 >Bremensium
1112 1144 1313 1200 pontifice
1344 1145 1528 1187 Vnnone
1561 1159 1624 1187 sa-

171 1216 338 1245 crorum
379 1218 502 1245 usum
544 1204 894 1259 disciplinamque
933 1204 1196 1258 perceperit,
1240 1217 1387 1258 parum
1421 1204 1623 1258 comperi.

171 1261 235 1303 Eo
268 1267 460 1317 tempore
491 1261 766 1315 Lundenses,
805 1262 1034 1303 sacrarium
1065 1261 1210 1315 moliti,
1243 1261 1323 1302 sub
1355 1261 1623 1316 Gerbrando,

171 1319 394 1362 Roskildie
425 1320 606 1375 presule,
643 1334 730 1361 rem
764 1319 950 1362 diuinam
984 1319 1204 1361 domestici
1238 1319 1383 1375 templi
1417 1320 1622 1375 religione

171 1373 419 1436 gesselrunt.
474 1377 672 1420 Ceterum
692 1377 884 1420 Vnnonis
907 1391 1062 1433 corpus
1084 1377 1235 1433 Byrce,
1259 1378 1463 1433 oppidum
1485 1378 1620 1420 ueteri

102 1446 139 1473 ‘20
169 1436 281 1478 fama
312 1436 531 1491 inclytum,
564 1436 772 1478 Bernardi
794 1436 1026 1478 Lundense
1059 1435 1303 1492 hypogeum
1338 1441 1467 1479 tenet.

309 1495 478 1536 Interea
508 1508 584 1536 rex
618 1494 836 1547 Noruagie
869 1494 1044 1545 Olauus,
1077 1494 1214 1536 adhuc
1247 1494 1410 1548 celebs,
1444 1493 1638 1537 fruende.

172 1552 374 1595 claritatis
406 1553 701 1608 pociendeque
732 1553 870 1594 Danie
905 1553 1098 1608 cupidine
1130 1552 1366 1602 instinctus,
1406 1567 1489 1608 quo
1522 1552 1621 1593 faci-

170 1610 250 1652 lius
292 1611 382 1652 uoti
422 1625 467 1652 se
508 1617 750 1677 compotem
791 1610 1011 1662 redderet,
1060 1611 1201 1666 petitis
1233 1610 1404 1666 Syrithe
1444 1611 1622 1666 nupciis,

174 1668 366 1711 Sueticas
406 1665 597 1724 partibus
639 1670 726 1710 suis
766 1670 878 1711 uires
920 1643 1132 1725 applicare
1173 1669 1352 1711 cuiauit.
1414 1668 1479 1710 Ne
1521 1683 1621 1723 ergo

102 1735 138 1762 55
170 1727 309 1769 Sueno
344 1726 524 1768 duorum
555 1741 706 1782 regum
737 1728 889 1769 iunctis
923 1727 1052 1782 copiis
1094 1727 1309 1783 geminum
1342 1728 1477 1782 patrie
1509 1728 1620 1768 latus

169 1785 469 1827 incursandum
493 1785 702 1852 preberet
734 1800 939 1851 perquam
963 1785 1114 1828 callido
1138 1785 1300 1827 consilii
1322 1799 1481 1839 genere
1506 1799 1620 1838 usus,

171 1842 277 1885 duos
300 1843 601 1899 peruicacioris
624 1844 749 1885 animi
773 1844 977 1885 satellites
1009 1844 1274 1897 subornauit,
1307 1844 1390 1897 qui,
1422 1843 1621 1884 simulata

169 1901 463 1950 damnacione,
495 1901 678 1943 Olauum
709 1902 920 1958 supplices
951 1902 1207 1957 petiueruntt
1255 1902 1295 1943 A
1328 1916 1411 1957 quo
1446 1901 1620 1948 exulum

169 1974 286 2001 more
316 1959 610 2015 indulgencius
644 1960 787 2014 habiti,
820 1975 915 2002 curn
947 1964 1044 2016 post
1075 1960 1291 2016 aliquante
1323 1960 1620 2002 familiaritatis

102 2027 137 2054 30
168 2032 289 2059 usum
312 2018 529 2073 proposito
553 2018 752 2060 licencius
782 2019 989 2061 utendum
1018 2018 1421 2070 animaduerterent,
1444 2018 1618 2063 ,Sueuo-

170 2076 234 2116 nis
258 2076 468 2131 uituperio
493 2075 636 2132 Thyre
663 2077 1082 2118 commendacionem
1113 2074 1445 2142 impensiloribus
1476 2076 1618 2118 uerbis

170 2134 332 2175 sociare
364 2140 582 2189 ceperunt,
615 2138 820 2190 quantum
852 2135 983 2190 patris
1016 2148 1155 2177 mores
1188 2135 1406 2187 conuicio,
1452 2138 1618 2176 tantum

169 2191 253 2233 filie
286 2192 467 2247 speciem
499 2192 695 2234 laudibus
726 2193 917 2234 insecuti.
961 2191 1084 2234 Adeo
1107 2193 1260 2234 falsum
1283 2193 1618 2248 plosoriptorum

169 2263 323 2291 nomen
358 2250 584 2305 complexi,
615 2250 820 2292 mendacii
843 2265 999 2292 noxam
1021 2251 1318 2293 beniuolencie
1341 2251 1618 2293 simulacione

102 2317 138 2344 35
167 2311 380 2351 texer.unt
442 2310 481 2349 A
523 2308 675 2364 quibus
709 2308 871 2350 Olauus
905 2308 1144 2364 probabilis
1183 2308 1316 2351 forme
1356 2309 1615 2350 irritamento

170 2366 376 2420 uirginem
401 2371 549 2422 petere
579 2380 823 2422 persuasus,
855 2367 1118 2421 legacionem
1139 2381 1286 2422 preces
1309 2381 1406 2408 suas
1429 2366 1619 2408 suenoni

156 2430 456 2479 *porrecturam
501 2425 714 2467 instruxit.
777 2424 872 2471 Qua
916 2424 1055 2466 aditus
1096 2425 1238 2467 Sueno
1284 2425 1439 2480 petitas
1485 2439 1615 2480 proco

169 2483 346 2537 nupcias
377 2482 614 2537 pollicetur.
658 2481 751 2530 Quo
783 2483 937 2524 nuncio
965 2482 1129 2525 Olauus
1161 2484 1214 2525 ad
1245 2497 1451 2524 summam
1484 2497 1619 2539 usque

169 2540 501 2594 gratulacionem
535 2544 731 2593 euectus,
777 2541 1003 2582 matronali
1044 2542 1151 2587 stole
1195 2541 1377 2582 illibatas
1408 2540 1616 2597 pudicicie

101 2610 138 2639 40
167 2597 282 2640 faces
312 2598 586 2654 preferendas
618 2599 911 2652 existimabat,
949 2599 1272 2655 uirgineumque
1303 2599 1498 2641 adulatus
1529 2614 1618 2642 am—

1410 2670 1478 2706 2⁶2*

1680 580 1708 605 p.
1729 572 1775 598 501

1683 804 1777 838 (190)

1674 1393 1701 1418 p.
1723 1384 1774 1410 502

1674 2089 1700 2113 p.
1722 2080 1773 2107 503
