1884 3126
377 238 488 269 XVIII

515 355 670 399 prodeat
695 355 742 390 ad
766 366 892 390 manus
911 356 1267 390 accuratissimorum
1285 355 1571 400 bibliopolarum
1594 367 1822 400 promoueas.

514 400 569 434 Ne
595 402 655 435 vel
681 404 755 436 tam
781 402 933 435 eximius
960 403 1139 446 sapientie
1165 403 1288 446 fulgor
1314 405 1395 436 atra
1419 404 1576 446 posthac
1611 403 1705 437 nube
1731 403 1823 437 deli-

515 449 643 481 tescat.
681 448 736 482 Ne
754 448 813 482 vel
830 448 968 481 inuicta
986 451 1166 492 perpetuo
1185 448 1316 482 Danici
1333 449 1488 482 nominis
1510 448 1623 482 virtus
1642 449 1823 483 obliuione

515 493 641 527 inuida
674 495 918 528 obumbretur.
977 494 1055 533 Quo
1090 495 1156 528 tibi
1189 495 1366 528 honorem
1401 505 1597 528 summum:
1630 498 1667 528 et
1691 496 1823 539 patriae

515 539 670 583 gloriam
695 540 866 574 concilies
892 540 1144 574 immortalem.
1170 540 1274 574 Vale.
1325 540 1380 573 Ex
1401 543 1522 574 castro
1547 542 1672 574 nostro
1698 541 1823 574 Hiort-

513 585 622 620 holm.
689 586 842 620 Decima
882 585 981 619 Maii.
1042 586 1149 619 Anno
1191 585 1405 620 duodecimo
1444 597 1556 630 supra
1593 586 1823 621 Millesimum

516 631 856 676 quingentesimum.

584 816 831 851 Ohristiernus
864 817 967 851 Petri
1000 816 1206 851 liberalium
1243 817 1375 851 artium
1399 817 1576 861 magister
1608 817 1821 861 Metropoli-

514 865 609 897 tanae
634 862 783 897 Lundefi
809 863 973 904 Ecclesie
999 863 1204 897 Canonicus
1229 862 1448 897 Reuerendo
1483 864 1520 897 in
1546 863 1691 897 Christo
1723 863 1822 907 patri

515 908 659 943 domino
684 908 826 954 Lagoni
852 909 965 943 Wrne
993 910 1050 943 dei
1076 909 1198 953 gratia
1223 909 1436 944 Roskildefi.
1463 910 1647 954 Episcopo
1674 909 1819 943 domino

513 965 577 989 suo
603 955 906 999 praestantissimo
932 966 1012 989 cum
1038 956 1134 989 omni
1160 956 1397 989 veneratione
1424 966 1466 990 ac
1492 956 1731 990 obseruantia
1756 955 1821 989 Sa-

514 1001 639 1035 lutem.

421 1046 601 1081 Vrsitanti
633 1047 721 1081 mihi
754 1050 904 1092 sponte,
938 1058 1103 1091 peneque
1139 1048 1276 1083 volanti
1312 1047 1473 1081 admouit
1505 1047 1719 1092 praestantia
1743 1035 1821 1081 ‘tua

514 1094 654 1127 Praesul
671 1094 872 1127 clarissime
890 1104 962 1127 non
979 1094 1086 1138 parui
1102 1094 1276 1127 momenti
1294 1094 1474 1127 calcaria:
1501 1093 1585 1133 dum
1602 1093 1649 1127 ad
1667 1093 1820 1127 Saxonis

513 1141 630 1173 nostri
640 1140 832 1173 historiam
846 1140 1120 1183 chalcographa
1132 1143 1210 1173 arte
1221 1140 1482 1184 diuulgandam
1492 1140 1654 1173 excitare
1669 1139 1820 1184 dignata

515 1188 589 1219 est:
627 1185 673 1219 ad
706 1197 813 1229 quam
848 1186 1075 1229 prouinciam
1106 1196 1211 1219 nemo
1238 1185 1304 1227 (vti
1330 1185 1503 1228 arbitror)
1528 1185 1736 1219 mortalium
1763 1196 1820 1219 me

514 1232 583 1266 fuit
615 1243 770 1275 vnquam
805 1232 1024 1276 propensior
1057 1233 1312 1276 paratiorque:
1351 1232 1486 1276 quippe
1524 1231 1585 1275 qui
1621 1232 1819 1265 Parrhisiis

514 1288 628 1322 agens
652 1278 828 1321 bonisque
854 1278 971 1311 literis
992 1289 1140 1322 operam
1167 1289 1306 1312 nauans
1324 1278 1475 1322 proprio
1493 1277 1677 1321 impendio
1702 1278 1819 1311 tabel-

513 1324 646 1358 larium
670 1324 725 1357 bis
751 1324 911 1357 miserim
936 1324 998 1368 qui
1023 1324 1231 1368 exemplum
1255 1324 1364 1358 fidele
1390 1324 1574 1368 quantiuis
1594 1326 1754 1367 emptum
1772 1323 1819 1357 ad

513 1381 570 1403 me
596 1370 765 1403 referret.
815 1370 894 1410 Qua
918 1370 979 1404 via
1005 1381 1084 1404 cum
1108 1371 1200 1403 nihil
1225 1370 1458 1414 proficerem,
1493 1370 1572 1414 ipse
1605 1370 1702 1403 illius
1729 1380 1818 1413 ergo

515 1416 673 1459 patriam
698 1416 852 1460 repetii:
878 1416 1118 1450 bibliothecas
1145 1427 1268 1450 omnes
1288 1416 1355 1453 visi
1374 1418 1409 1450 et
1425 1416 1586 1449 reuolui:
1612 1426 1679 1449 nec
1697 1417 1819 1449 tamen

513 1462 694 1495 Saxonem
718 1462 856 1505 blattis,
880 1462 988 1496 tineis
1014 1462 1097 1505 situ,
1124 1465 1160 1496 et
1184 1463 1335 1506 puluere
1362 1462 1518 1496 obsitum
1543 1472 1671 1495 eruere
1695 1461 1816 1506 potui:

512 1511 586 1541 tam
612 1509 794 1542 obstinato
822 1509 940 1542 animo
967 1509 1044 1548 eius
1069 1519 1301 1552 possessores
1328 1519 1408 1542 eum
1443 1509 1689 1541 occluserant:
1726 1519 1817 1541 vnus

513 1554 669 1588 omnium
695 1558 732 1588 et
756 1555 786 1588 is
811 1555 990 1598 religione
1016 1557 1052 1588 et
1078 1554 1244 1588 doctrina
1269 1554 1439 1598 insignis:
1477 1553 1586 1594 Sacre
1621 1554 1818 1597 theologiae

513 1600 651 1643 doctor,
677 1611 719 1634 ac
745 1601 932 1645 professor
966 1601 1120 1634 eximius
1146 1601 1323 1645 Magister
1357 1603 1481 1634 noster
1515 1599 1681 1633 Andreas
1715 1599 1818 1632 Chri-

513 1647 642 1680 stierni
660 1647 807 1680 natione
824 1646 926 1680 Iutus
945 1647 1176 1690 professione
1194 1649 1313 1680 autem
1332 1646 1548 1680 Carmelita:
1575 1648 1611 1678 et
1630 1646 1818 1689 prouincie

512 1692 629 1733 Danie
655 1693 792 1726 ordinis
817 1693 1035 1733 intemerate
1060 1693 1212 1737 virginis
1239 1703 1281 1726 ac
1308 1691 1443 1725 Christi
1477 1692 1604 1725 matris
1630 1691 1746 1732 Marie
1773 1691 1817 1725 de

513 1741 635 1771 monte
674 1738 839 1772 Carmelo
877 1739 978 1782 prior
1014 1738 1248 1782 dignissimus
1289 1741 1438 1772 conatus
1481 1747 1580 1771 meos
1627 1737 1818 1771 miseranti

511 1785 676 1828 respexit
702 1785 825 1818 oculo:
853 1785 913 1828 qui
940 1796 1020 1818 cum
1044 1785 1142 1819 nullo
1161 1795 1233 1818 aere
1258 1784 1506 1818 redimendum
1529 1783 1671 1817 videret
1695 1794 1818 1817 exem-

512 1831 613 1874 plar:
643 1831 765 1874 potius
792 1841 830 1864 se
855 1831 893 1863 id
917 1831 1082 1864 manibus
1109 1831 1184 1864 suis
1209 1830 1514 1874 transcripturum
1547 1829 1678 1863 obtulit
1711 1840 1818 1873 quam

512 1879 653 1910 tantum
678 1877 789 1910 totius
814 1877 930 1917 Danie
955 1877 1077 1910 lumen
1103 1877 1257 1921 amplius
1284 1876 1499 1910 delitescere
1525 1876 1680 1909 sineret:
1706 1875 1818 1909 habui

512 1926 634 1956 tamen
651 1925 752 1963 tante
778 1923 968 1966 dignitatis
985 1923 1176 1966 rationem,
1203 1933 1269 1956 nec
1295 1922 1539 1955 conditionem
1564 1921 1708 1965 accepi:
1735 1932 1817 1965 spe-

512 1979 598 2002 rans
622 1969 826 2003 faciliorem
844 1968 1010 2002 alicunde
1028 1968 1174 2002 tandem
1194 1979 1424 2002 emersuram.
1474 1967 1815 2001 Reuerendissimus

512 2025 601 2058 ergo
638 2015 674 2048 in
712 2014 856 2048 Christo
893 2017 999 2059 pater
1035 2014 1199 2048 dominus
1230 2015 1407 2058 Birgerus
1443 2013 1501 2047 dei
1534 2014 1656 2057 gratia
1687 2013 1817 2046 Archi-

514 2061 708 2104 episcopus
733 2059 895 2094 Lundefi.
923 2059 1044 2100 Suetie
1069 2061 1205 2104 primas
1232 2063 1268 2094 et
1293 2060 1504 2104 apostolicae
1536 2059 1632 2092 sedis
1658 2060 1816 2103 legatus,

512 2107 670 2140 mirabili
703 2107 750 2140 ad
782 2107 899 2147 Danie
931 2107 1086 2150 gloriam
1121 2116 1294 2141 accensus
1328 2116 1472 2140 amore:
1508 2105 1719 2149 exemplar,
1755 2105 1816 2148 pio

511 2152 658 2186 tandem
685 2153 850 2197 repperit
875 2153 1091 2196 compendio
1118 2152 1214 2196 quod
1239 2152 1286 2186 ad
1310 2152 1494 2196 publicam
1511 2151 1705 2185 vtilitatem
1730 2150 1816 2184 fidei

511 2209 590 2239 mee
616 2199 950 2233 transcribendum:
977 2198 1325 2242 imprimendumque
1352 2197 1548 2231 commisit:
1586 2196 1722 2230 Deerat
1746 2197 1816 2230 ita-

514 2255 583 2287 que
610 2245 689 2278 sola
714 2245 919 2278 authoritas
936 2245 1032 2278 tanti
1049 2245 1170 2289 operis
1189 2243 1414 2287 diuulgandi,
1442 2255 1550 2288 quam
1561 2242 1815 2276 liberalissime

512 2290 601 2324 mihi
625 2291 825 2334 impertiuit
850 2290 1116 2324 illustrissimus
1141 2290 1313 2334 princeps
1338 2293 1462 2323 noster
1488 2288 1732 2322 Christiernus
1759 2287 1817 2321 dei

512 2336 746 2379 prouidentia
771 2336 909 2379 Daniae,
937 2335 1079 2379 Suetiae,
1096 2336 1305 2380 Noruagiae,
1324 2335 1535 2370 Sclauorum
1554 2335 1816 2377 Gottorumque

512 2392 577 2415 rex
612 2383 886 2427 potentissimus
923 2382 994 2415 dux
1031 2381 1227 2416 Slesuicefi.
1252 2384 1288 2415 et
1320 2381 1507 2424 Holsatie,
1542 2380 1749 2414 Stormariae
1774 2390 1817 2413 ac

511 2427 732 2462 Ditmerciae.
783 2428 911 2462 Comes
947 2428 985 2461 in
1021 2427 1231 2472 Oldenborg
1267 2430 1302 2461 et
1327 2427 1603 2461 Delmenhorst:
1638 2425 1676 2458 id
1700 2426 1816 2458 solum

512 2473 696 2518 imperans
710 2476 748 2508 vt
764 2485 785 2508 a
800 2474 906 2508 docto
920 2474 1112 2519 petitoque
1130 2474 1404 2517 chalcographo
1423 2473 1674 2507 excuderetur.
1699 2471 1816 2504 Norat

513 2521 646 2554 etenim
664 2520 851 2564 indignum
869 2521 961 2563 fore,
982 2522 1121 2553 tantum
1141 2520 1258 2553 virum
1275 2519 1420 2563 ineptis,
1438 2521 1500 2553 aut
1516 2518 1632 2551 minus
1649 2517 1815 2550 fidelibus

512 2566 786 2600 characteribus
804 2567 1020 2610 impressum
1035 2566 1092 2599 iri.
1118 2565 1317 2607 Presertim
1337 2565 1374 2598 id
1392 2564 1658 2599 affirmantibus
1673 2563 1815 2596 consul-

512 2611 650 2646 tissime
667 2612 986 2646 Reuerendissimo
1012 2612 1048 2645 in
1067 2611 1213 2645 Christo
1230 2613 1336 2656 patre
1354 2610 1497 2644 domino
1514 2609 1622 2643 Er'ieo
1640 2609 1815 2643 Walken-
