1884 3126
243 633 260 659 5

225 918 261 944 10

228 1203 263 1230 15

225 1491 263 1518 20

225 1778 263 1806 25

228 2062 266 2091 30

230 2353 267 2381 35

232 2639 268 2673 ’10

295 256 380 311 390.
873 286 916 290 ρ
980 258 1047 299 XI
1112 281 1157 285 -

295 388 549 432 defeccionis
588 386 872 428 incentoribus
906 381 1168 425 'tutissimum
1213 383 1372 431 uisum,
1418 386 1464 423 ut
1508 384 1596 425 sine
1638 383 1723 425 ullo

295 450 465 488 auctore
495 445 584 499 ipse
616 444 693 485 sibi
724 443 906 498 populus
938 441 1192 482 desercionis
1224 441 1437 481 licenciam
1471 441 1725 490 uendicaret,

279 518 349 545 -ne
379 508 464 543 tam
504 502 714 557 priuatum
757 500 1033 541 discessionis.
1057 500 1213 540 crimen
1253 511 1377 552 quam
1409 498 1621 552 publicum
1655 499 1726 539 ha-

292 561 474 602 beretur.
552 558 734 599 Tantum
779 562 919 598 autem
967 557 1078 611 apud
1126 555 1405 611 improuidam
1448 556 1727 597 multitudinis

291 617 573 658 temeritatem
604 615 799 657 insidiosa
831 619 1077 669 magnatum
1116 613 1417 665 raciffualuit,
1451 613 1562 667 quod
1593 614 1725 668 plebs,

294 688 377 715 non
410 674 546 714 minus
577 687 722 714 eorum
754 673 1025 724 auctoritate,
1067 685 1193 726 quam
1234 684 1347 711 more
1387 670 1500 711 tedio
1534 671 1726 721 adducta,

293 731 613 772 fidentissimam
644 729 884 771 reuertendi
916 729 1155 770 libertatem
1188 728 1408 783 acciperet.
1469 727 1597 770 Cuius
1629 729 1729 770 facti

293 801 370 829 rex
413 787 652 841 cognicione
692 791 907 841 suscepta,
950 786 1138 827 dolorem
1180 786 1316 839 prius,
1358 785 1508 827 deinde
1544 787 1726 828 leticiam

294 845 392 899 egit.
466 844 681 899 Siquidem
723 844 917 885 iniuriam
958 845 998 884 in
1039 843 1252 897 religionis
1293 843 1482 884 habitum
1515 844 1728 895 formauit,

291 903 529 957 mulcteque
571 903 741 943 nomine
782 902 964 957 primam
1016 900 1319 954 exigendarum
1362 900 1617 943 decimarum
1665 916 1726 943 oc—

294 961 500 1002 casionem
543 960 767 1015 corripuit,
811 959 988 1010 letatus,
1022 957 1132 1013 quod
1164 958 1201 998 ei
1232 959 1495 999 utilissimam
1526 959 1730 1014 propositi

293 1018 503 1060 racionem
533 1017 826 1072 opportunitas
858 1016 1133 1063 conciliasset,
1165 1030 1322 1070 suoque
1363 1016 1567 1058 dedecore
1599 1031 1730 1071 sacro-

292 1089 387 1116 rum
418 1072 543 1117 decus
574 1076 777 1116 instruere
809 1075 993 1128 cupiens.
1055 1072 1245 1127 Cumque
1281 1078 1502 1129 magnates
1535 1075 1731 1127 Olauum,

295 1147 419 1188 quem
458 1133 535 1174 sibi
577 1132 772 1174 faccionis
812 1132 961 1173 ducem
991 1131 1180 1172 futurum
1219 1137 1513 1186 sperauerant,
1545 1147 1569 1174 a
1601 1132 1731 1173 fratre

294 1191 572 1245 interceptum
612 1190 846 1243 audissent,
889 1190 1101 1245 proposita
1140 1189 1288 1230 fraude
1320 1190 1492 1244 defecti,
1524 1203 1731 1232 summam

295 1248 382 1289 eius
422 1247 803 1289 dissimulacionem
846 1252 1035 1301 egerunt.
1095 1246 1244 1301 Itaque
1275 1259 1373 1297 rex,
1405 1249 1607 1289 accersita
1637 1251 1733 1302 post

295 1305 465 1346 modum
496 1306 716 1357 concione,
749 1305 896 1358 docet,
928 1308 1132 1359 quantum
1162 1304 1334 1346 Danicis
1377 1307 1502 1347 armis
1542 1305 1733 1346 militaris

294 1377 459 1418 semper
490 1362 708 1418 disciplina
738 1362 969 1417 profuerit,
1001 1363 1210 1403 maiorum
1231 1363 1417 1418 imperiis
1448 1378 1473 1404 a
1504 1363 1731 1404 minoribus

295 1434 460 1475 semper
503 1421 838 1476 obtemperatum
878 1420 1030 1473 fuisse;
1073 1434 1220 1474 regum
1260 1422 1553 1462 auctoritatem
1597 1434 1731 1475 popu-

293 1478 450 1519 laribus
494 1478 615 1519 inniti
661 1478 893 1532 suffragiis3
944 1478 1182 1533 principum
1228 1478 1385 1519 famam
1435 1480 1550 1520 nullo
1597 1479 1732 1533 magis

294 1549 419 1590 quam
467 1536 646 1576 militum
691 1536 774 1577 fide
820 1536 1018 1588 creuisse,
1063 1550 1289 1591 eorumque
1334 1534 1488 1578 nullius
1528 1536 1731 1577 momenti

293 1593 516 1648 imperium
549 1607 649 1643 esse,
681 1593 714 1634 si
745 1607 828 1634 non
859 1594 1032 1647 plebeiis
1064 1593 1262 1635 subsistat
1292 1594 1481 1648 auxiliis3
1523 1594 1600 1635 sibi
1632 1607 1731 1635 uero

293 1664 428 1705 nuper
457 1651 644 1705 ignotam
675 1650 878 1705 regibus*
911 1651 1208 1692 contumeliam
1243 1651 1476 1694 obuenisse.
1522 1652 1727 1693 Inusitate

294 1707 545 1749 defeccionis
576 1712 766 1749 auctores
797 1707 1097 1750 hebetudinem
1128 1704 1301 1750 audacie
1333 1710 1571 1764 pretulisse,
1603 1709 1732 1750 auidi-

293 1769 380 1807 tate
427 1766 503 1807 ocii
549 1766 848 1821 speciosissime
900 1767 958 1807 rei
1006 1767 1228 1821 negocium
1273 1768 1493 1809 subruisse.
1564 1766 1734 1808 Adiecit

297 1836 476 1879 quoque,
514 1827 670 1878 quanta
719 1825 895 1879 pecunie
946 1838 1110 1865 summa
1158 1824 1209 1866 ob
1260 1825 1434 1880 impium
1485 1824 1733 1867 desercionis

296 1880 454 1922 crimen
485 1881 673 1922 damnari
707 1882 958 1932 meruerint,
990 1883 1321 1936 gubernatorum
1352 1883 1527 1938 singulis
1558 1882 1734 1938 quadra-

295 1951 405 1992 gena
435 1952 653 1979 nummum
694 1939 870 1992 talenta,
910 1944 1030 1981 terna
1073 1940 1282 1993 remigum
1324 1941 1547 1996 unicuique
1579 1940 1733 1981 mulcte

296 1995 385 2036 loco
415 1996 675 2037 numeranda
706 2010 956 2051 proponens.
1003 1996 1183 2039 Nemine
1205 1998 1475 2039 collacionem
1507 1998 1731 2050 abnuente,

294 2053 498 2107 promissa
530 2054 609 2095 eris
640 2054 794 2095 solucio
827 2059 900 2097 est.
939 2055 944 2104 1
982 2054 1074 2103 Quo
1108 2056 1300 2110 cognito,
1328 2057 1543 2097 remittere
1574 2070 1616 2097 se
1646 2054 1752 2097 Ka-'

295 2114 421 2152 nutus
470 2111 584 2152 illam
631 2112 921 2165 exaccionem,
965 2113 998 2154 si
1029 2113 1312 2154 sacerdotibus
1343 2114 1527 2155 decimas
1558 2127 1731 2168 erogare

296 2168 541 2223 uoluissent,
574 2169 718 2211 edixit.
780 2169 898 2211 Tunc
923 2171 1076 2223 concio,
1108 2171 1240 2225 petita
1270 2171 1512 2218 consulendi
1543 2171 1730 2222 licencia,

298 2225 511 2281 paulisper
531 2240 556 2267 a
577 2241 676 2280 rege
699 2227 983 2269 deliberatura
1013 2227 1181 2279 secedit,
1213 2242 1265 2269 an
1287 2230 1511 2284 propositis
1542 2229 1732 2271 satisfieri

298 2283 607 2325 condicionibus
630 2289 856 2339 oporteret.
901 2285 1090 2341 Vtraque
1112 2286 1303 2327 exhibitu
1325 2287 1506 2328 difficilis
1527 2288 1730 2329 estimata.

297 2340 348 2382 In
390 2341 590 2394 soluendo
630 2356 811 2398 namque
844 2342 859 2394 Η
891 2357 960 2385 ere
1013 2344 1247 2398 complures
1300 2345 1440 2399 inopia
1495 2344 1734 2386 afficiendos

298 2398 546 2451 credebant3
577 2399 831 2442 decimarum
864 2415 964 2442 uero
995 2401 1251 2455 pensionem,
1284 2403 1395 2443 omni
1418 2416 1496 2444 euo
1521 2403 1733 2444 celebran-

299 2455 409 2509 dam,
442 2460 631 2499 eternam
651 2457 908 2500 debitoribus
929 2460 1118 2513 infligere
1140 2460 1399 2501 seruitutem.
1445 2460 1592 2514 Igitur,
1616 2461 1734 2515 quasi

299 2513 341 2553 in
372 2514 553 2556 tristium
586 2529 724 2557 rerum
757 2519 955 2557 contextu
988 2517 1123 2557 minus
1154 2530 1300 2572 aspere
1322 2517 1530 2559 delectum
1561 2518 1733 2559 facturis

299 2571 485 2612 acerbior
515 2573 628 2626 uisa,
670 2573 737 2614 cui
777 2587 915 2615 comes
946 2574 1197 2616 diuturnitas
1236 2574 1435 2617 affuisset.
1496 2574 1606 2616 Nam
1638 2589 1733 2616 cum

300 2628 432 2673 altera
462 2643 505 2672 se
537 2634 714 2684 tantum,
747 2631 880 2672 altera
914 2636 1100 2691 posteros
1128 2646 1291 2688 quoque
1321 2633 1555 2689 puniendos
1586 2632 1734 2674 aduer-.

1765 1656 1884 1686 CXVlb

1786 2069 1816 2094 p.
1835 2059 1884 2087 587

1789 2348 1882 2383 (219)
