1884 3126
121 936 152 964 10

121 1228 150 1255 15

112 1521 149 1547 20

115 2103 151 2129 30

114 2394 149 2421 35

115 2687 149 2714 40

743 294 795 300 —
856 270 972 312 XIII
1034 296 1084 301 ——
1558 273 1638 314 421

187 401 297 456 regis
340 401 393 443 ab
433 401 524 456 ipso
563 400 767 443 inuitatus
808 401 1027 454 intrasset,
1070 401 1256 455 maligno
1309 401 1543 443 satellitum
1583 401 1644 443 in-

186 460 341 500 stinctu
373 460 531 514 captiui
565 474 677 500 more
710 459 879 502 habitus
912 459 1081 514 regredi
1113 459 1349 514 prohibitus
1381 465 1455 501 est.
1501 459 1643 508 Quam

186 532 276 559 rem
309 517 507 559 Kanutus
537 518 580 558 in
612 518 813 559 concione
845 519 1018 573 querela
1050 522 1347 573 prosequutus,
1381 532 1643 574 magnopere

186 589 331 630 regem
368 590 538 617 monere
571 577 696 631 cepit,
730 591 782 618 ne
815 577 909 631 plus
940 576 1077 617 aliene
1109 576 1284 631 perfidie
1325 576 1486 618 uiribus
1518 591 1645 632 quam

185 635 356 689 proprie
388 635 629 689 indulgeret
660 634 971 690 temperancie,
1011 648 1120 675 neue
1162 634 1324 675 hostem
1365 635 1491 676 fidem
1525 650 1644 677 suam

186 697 376 734 secutum
410 693 609 747 capcione
640 693 876 747 implicans,
908 696 955 733 ut
981 707 1076 733 eum
1100 692 1309 745 libertate,
1341 693 1400 734 ita
1432 708 1475 735 se
1505 694 1643 748 ipsum

185 756 390 806 perpetuo
422 752 535 792 fame
566 751 791 806 splendore
815 752 1014 806 priuaret.
1057 750 1168 791 Fore
1192 752 1317 800 enim,
1350 752 1393 792 ni
1425 752 1642 806 captiuum

185 810 420 857 omitteret,
462 814 508 850 ut
540 811 756 865 priuatum
799 810 958 851 crimen
988 809 1183 864 publicus
1214 810 1350 864 patrie
1391 810 1523 851 rubor
1554 811 1642 851 exi-

184 873 324 909 steret.
371 868 522 923 Itaque
555 868 717 910 efficaci
747 868 1020 924 persuasione
1052 882 1151 908 usus
1184 873 1225 909 et
1257 868 1439 909 amicum
1471 883 1641 924 oppres-

182 927 297 968 sione
329 932 371 968 et
402 927 620 967 dominum
644 927 820 968 infamia
851 926 1062 967 liberauit.
1112 925 1205 974 Quo
1238 930 1324 967 tam
1347 927 1454 968 iusta
1480 927 1643 968 Kanuti

184 985 411 1038 sentencia,
445 985 578 1026 tocius
610 986 821 1027 concionis
853 984 1065 1038 suffragiis
1105 984 1404 1039 comprobata,
1438 999 1642 1039 magnum

184 1043 322 1084 aliene
372 1043 531 1084 inuidie
590 1043 905 1085 irritamentum
956 1042 1176 1098 prebebat.
1258 1042 1444 1084 Dimissa
1495 1045 1639 1096 classe,

182 1102 396 1156 nupcialia
442 1115 560 1142 sacra
607 1102 721 1157 apud
767 1101 915 1143 urbem
962 1101 1118 1156 Ripam
1166 1101 1236 1155 agi
1282 1101 1455 1156 placuit.
1533 1101 1642 1143 Illuc

183 1160 390 1215 siquidem
425 1160 621 1215 frequens
651 1160 833 1214 nauigiis
864 1163 1011 1215 portus
1043 1159 1197 1214 oppido
1236 1159 1427 1214 splendid
1433 1174 1501 1201 am
1534 1174 1640 1202 mer-

183 1219 294 1260 cium
335 1219 588 1259 uarietatem
627 1219 845 1274 importat.
919 1217 1004 1258 Vbi
1052 1232 1146 1259 cum
1192 1217 1388 1259 Kanutus
1433 1219 1474 1259 in
1523 1223 1640 1260 ueste

184 1277 394 1318 Saxonica
434 1277 583 1318 ceteris
617 1278 772 1318 culci01
803 1276 1152 1332 progr,ede1etu1
1204 1276 1436 1326 Henricus,
1481 1277 1641 1318 obfusis

183 1335 344 1376 inuidia
376 1335 518 1386 oculis,
550 1335 677 1377 alieni
710 1335 847 1376 cultus
869 1335 1138 1389 splendorem
1165 1334 1276 1375 ferre
1299 1335 1517 1390 nequiens,
1548 1340 1640 1376 orta

182 1394 292 1435 inter
322 1394 433 1449 ipsos
466 1394 758 1441 altercacione,
790 1394 901 1434 latus
933 1394 1020 1434 eius
1052 1393 1278 1434 aduersum
1319 1393 1483 1448 gladios
1524 1399 1637 1435 ostro

183 1457 323 1493 tutum
355 1453 445 1493 fore
476 1468 479 1492 ι
509 1453 696 1506 negauit.
759 1451 896 1500 Quem
930 1450 1126 1492 Kanutus
1166 1451 1298 1492 nihilo
1332 1452 1467 1505 magis
1500 1453 1638 1493 ouillis

180 1524 373 1551 securum
399 1510 637 1564 tergoribus
659 1510 887 1565 respondit,
910 1510 1150 1551 lacessitum
1180 1511 1309 1551 uestis
1331 1524 1404 1551 sue
1426 1509 1638 1564 fulgorem

184 1569 346 1609 urbano
388 1569 634 1610 rusticitatis
676 1568 901 1623 opprobrio
947 1569 1175 1622 speciosius
1223 1582 1350 1623 quam
1398 1569 1520 1610 minis
1566 1574 1639 1609 aut

184 1628 382 1668 conuiciis
423 1627 548 1668 ultus.
593 1627 771 1682 ‘Itaque
813 1626 1116 1681 exprobratam
1165 1626 1243 1667 sibi
1271 1627 1456 1667 ‘externi
1503 1627 1638 1668 cultus

184 1685 491 1726 emulacionem
544 1685 762 1727 domestici
823 1685 1098 1726 cauillacione
1159 1685 1358 1740 prosequi
1418 1689 1639 1726 contentus

184 1744 337 1784 extitit.

319 1801 440 1843 Idem
462 1806 555 1856 post
589 1801 756 1842 modum
780 1800 965 1842 Orientis
997 1806 1139 1855 partes
1160 1802 1338 1856 piratica
1364 1805 1635 1856 peruagatus,

184 1873 279 1900 cum
301 1861 487 1914 speciosa
510 1859 683 1901 domum
706 1860 843 1914 spolia
875 1860 1101 1912 retulisset,
1133 1859 1312 1914 ideoque
1344 1874 1388 1901 se
1420 1860 1637 1914 dignitatis

184 1918 443 1959 incrementa
474 1923 746 1972 accepturum
777 1922 989 1972 speraret,
1024 1932 1098 1972 pro
1139 1919 1282 1972 gracia
1323 1918 1637 1960 accusacionem

184 1982 384 2030 expertus
400 1980 474 2028 est,
486 1977 678 2030 culpatus
693 1991 717 2017 a
732 1990 844 2030 rege,
856 1975 966 2031 quod
980 1976 1021 2016 in
1037 1990 1081 2016 re
1094 1976 1264 2017 Suetica
1277 1976 1452 2031 predam
1468 1976 1635 2030 egisset.

185 2033 312 2075 Cuius
357 2048 528 2088 operam
570 2035 762 2076 ualenter
803 2034 960 2075 editam
994 2034 1199 2075 consimili
1230 2034 1450 2090 probitatis
1481 2048 1637 2088 genere

182 2092 392 2133 emulatus
425 2092 619 2146 Magnus,
652 2093 761 2133 inter
791 2096 932 2133 cetera
963 2092 1236 2146 tropheorum
1259 2107 1429 2134 suorum
1454 2093 1637 2147 insignia

183 2151 371 2191 inusitati
413 2151 610 2205 ponderis
654 2151 850 2193 malleos.
895 2165 997 2206 quos
1029 2151 1212 2192 Iouiales
1249 2152 1480 2204 uocabant,
1523 2151 1636 2206 apud

182 2209 414 2249 insularum
465 2208 678 2263 quandam
729 2210 866 2264 prisca
915 2210 1103 2250 uirorum
1155 2210 1359 2264 religione
1397 2209 1546 2262 cultos,
1593 2210 1636 2250 in

182 2267 363 2321 patriam
416 2266 699 2321 deportandos
750 2268 927 2309 curauit.
1009 2267 1193 2322 Cupiens
1243 2268 1354 2309 enim
1407 2267 1636 2322 antiquitas

182 2326 464 2366 tonitruorum
497 2339 643 2366 causas
675 2326 830 2366 usitata
874 2340 1014 2367 rerum
1047 2326 1322 2367 similitudine
1363 2325 1636 2381 comprehen-

181 2383 293 2435 dere,
329 2383 512 2430 malleos,
547 2383 697 2437 quibus
742 2384 821 2425 celi
852 2383 1043 2438 fragores
1075 2384 1174 2425 cieri
1207 2382 1431 2425 credebat.
1472 2384 1636 2438 ingenti

182 2440 251 2482 ere
274 2441 496 2495 complexa
517 2440 670 2482 fuerat.
701 2442 915 2496 aptissime
939 2447 1054 2483 tante
1083 2442 1322 2483 sonoritatis
1353 2442 1439 2482 uim
1457 2440 1636 2496 <machi-

181 2497 353 2552 narum)
393 2499 608 2539 fabrilium
648 2499 787 2553 specie
829 2500 1077 2540 imitandam
1121 2501 1382 2541 existimans.
1452 2498 1635 2554 Magnus

182 2571 303 2607 nero,
352 2555 591 2597 Christiane
634 2556 854 2611 discipline
901 2558 1040 2599 studio
1090 2558 1304 2612 paganam
1349 2571 1547 2612 perosus,
1593 2561 1635 2599 et

182 2615 368 2670 phanum
401 2615 517 2655 cultu
548 2619 590 2655 et
622 2614 770 2655 Iouem
800 2615 1034 2670 insignibus
1066 2616 1247 2671 spoliare
1279 2615 1514 2656 sanctitatis
1544 2615 1634 2658 loco

181 2673 343 2718 habuit.
376 2671 431 2716 Et
453 2672 591 2715 adhuc
614 2672 786 2733 quidem
808 2687 905 2718 eum
926 2672 1125 2727 Sueones,
1147 2673 1323 2732 perinde
1345 2687 1394 2715 ac
1416 2673 1634 2717 celestium

1693 1463 1791 1495 p.0ffl›

1691 1810 1790 1844 (236)
