1884 3126
257 875 289 901 lo

260 1161 289 1186 15

254 2027 291 2054 30

254 2317 289 2343 35

255 2603 292 2631 40

321 214 375 255 90
894 236 947 242 ——
1007 212 1076 255 III
1137 238 1189 243 —

321 339 441 391 enim,
486 352 668 394 quonam
712 339 856 393 apcius
897 339 1023 380 modo
1057 339 1269 382 occultum
1309 339 1526 381 monitoris
1572 339 1757 382 officium

321 398 487 452 exequi,
519 397 891 451 periculosamque
910 397 1076 438 iuuenis
1098 397 1312 439 lasciuiam
1335 411 1580 452 precurrere
1603 404 1758 452 posset,

321 460 533 509 repertam
577 454 693 495 humi
734 455 900 509 paleam
943 456 1069 496 oestri
1123 455 1444 509 preteruolantis
1487 455 1618 496 caude
1661 455 1758 496 sub-

321 513 570 554 mittendam
602 513 781 555 curauit.
843 512 944 566 Egit
976 512 1127 554 deinde
1169 513 1306 567 ipsum
1329 511 1332 568 1
1352 513 1389 554 in
1415 527 1465 554 ca
1497 512 1758 568 potissimum

321 571 436 619 loca,
494 570 643 624 quibus
690 570 941 612 Amlethum
987 571 1124 612 inesse
1180 571 1400 625 cognouit3
1457 584 1593 625 eoque
1646 570 1758 612 facto

321 628 551 669 maximum
584 628 753 669 incauto
785 627 1035 669 beneficium
1068 628 1223 669 attulit.
1285 628 1375 670 Nec
1406 629 1595 669 callidius
1627 631 1759 669 trans-

321 687 491 727 missum
532 685 752 738 indicium,
791 699 913 740 quam
959 685 1170 740 cognitum
1209 686 1300 728 fuit.
1362 685 1577 741 Siquidem
1616 685 1760 727 Amle-

322 744 432 796 thus,
476 743 566 784 uiso
601 747 739 784 oestro
775 743 981 797 simulque
1024 744 1238 797 stramine,
1281 743 1392 799 quod
1426 744 1558 785 caude
1591 744 1759 785 insitum

321 803 530 856 gestabat,
552 800 759 842 curiosius
780 806 1018 856 pernotato‚
1041 801 1214 842 tacitum
1238 802 1426 843 canende
1448 802 1604 843 fraudis
1628 802 1760 842 moni-

319 865 409 900 tum
450 859 669 901 intellexit.
739 859 877 913 Igitur
920 859 1166 900 insidiarum
1210 860 1451 913 suspicione
1492 859 1758 912 conterritus,

321 931 403 972 quo
438 917 574 958 tucius
608 920 706 958 uoto
741 917 962 971 potiretur,
1004 921 1231 971 exceptam
1265 917 1530 972 amplexibus
1562 917 1759 958 feminam

321 975 372 1016 ad
405 975 592 1030 palustre
624 974 772 1028 procul
804 974 964 1015 inuium
987 975 1209 1029 protrahit.
1259 974 1395 1022 Quam
1428 975 1558 1016 eciam
1589 979 1760 1030 peracto

320 1033 563 1085 concubitu,
604 1047 657 1073 ne
698 1046 785 1073 rem
828 1032 1023 1086 cuiquam
1062 1032 1275 1087 proderet,
1307 1033 1538 1088 impensius
1580 1032 1762 1074 obtesta-

321 1095 387 1132 tus
436 1094 512 1132 est.
584 1090 683 1131 Pari
730 1090 858 1143 igitur
904 1089 1043 1131 studio
1089 1091 1266 1145 petitum
1309 1105 1356 1131 ac
1402 1091 1652 1145 promissum
1699 1093 1762 1131 est

320 1148 551 1190 silencium.
614 1147 842 1188 Maximam
886 1148 995 1188 enim
1028 1148 1228 1189 Amletho
1262 1148 1402 1202 puelle
1433 1148 1760 1189 familiaritatem

321 1211 444 1248 uetus
478 1205 745 1247 educacionis
777 1205 956 1247 societas
989 1205 1260 1258 conciliabat,
1304 1206 1415 1261 quod
1457 1211 1634 1260 uterque
1671 1219 1762 1246 eos-

321 1264 416 1305 dem
448 1264 628 1304 infancie
662 1266 956 1317 procuratores
989 1263 1199 1306 habuerit.

457 1322 642 1363 Domum
664 1321 805 1375 itaque
827 1321 1038 1371 reductus,
1063 1322 1235 1371 cunctis,
1262 1335 1315 1362 an
1339 1322 1484 1362 ueneri
1505 1320 1760 1373 indulsisset,

320 1394 395 1434 per
427 1379 655 1421 ludibrium
686 1379 1065 1434 interrogantibus,
1096 1379 1279 1433 puellam
1314 1393 1338 1419 a
1369 1393 1413 1420 se
1445 1382 1761 1433 constupratam

252 1451 268 1476 ε
321 1437 490 1479 fatetur.
552 1437 847 1491 Interrogatus
879 1451 1057 1490 rursum,
1091 1451 1173 1491 quo
1207 1450 1294 1477 rem
1316 1437 1409 1478 loco
1444 1437 1588 1491 egerit,
1621 1450 1761 1491 quoue

321 1495 494 1549 puluino
519 1509 618 1536 usus
641 1494 779 1544 fuerit,
802 1494 959 1549 ungule
979 1495 1154 1536 iumenti
1184 1495 1391 1549 cristeque
1412 1495 1524 1549 gall-i,
1558 1494 1761 1549 laqueari·

323 1553 399 1594 bus
433 1567 601 1608 quoque
634 1553 732 1594 tecti
765 1553 958 1593 innixum
991 1567 1035 1594 se
1068 1553 1189 1594 dixit.
1243 1552 1404 1595 Horum
1437 1554 1547 1594 enim
1578 1551 1760 1594 omnium

322 1611 567 1665 particulas,
589 1610 751 1652 uitandi
771 1609 977 1651 mendacii
995 1611 1149 1664 gracia,
1172 1625 1264 1652 cum
1287 1610 1512 1652 tentandus
1528 1609 1764 1665 proficisce-

322 1672 458 1721 retur,
506 1672 789 1710 contraxerat.
853 1667 947 1716 Que
979 1683 1064 1710 uox
1102 1669 1234 1709 multo
1267 1668 1634 1709 circumstancium
1678 1667 1762 1707 risu

253 1739 280 1764 ⁴.»
322 1732 503 1781 excepta
549 1731 633 1777 est,
687 1739 928 1780 quanquam
971 1727 1072 1767 nihil
1113 1740 1252 1767 rerum
1296 1726 1467 1767 ueritati
1506 1739 1580 1780 per
1624 1725 1760 1767 iocum

323 1783 567 1825 detraxerit.
648 1784 801 1825 Puella
843 1797 1009 1838 quoque
1059 1798 1109 1826 ea
1150 1783 1201 1825 de
1241 1798 1284 1824 re
1324 1784 1610 1838 interrogata,
1660 1781 1761 1824 nihil

325 1856 420 1883 eum
451 1842 536 1883 tale
576 1842 760 1896 gessisse
792 1840 1019 1896 perhibuit.
1081 1841 1205 1882 Fides
1246 1841 1467 1895 negacioni
1509 1840 1652 1882 habita
1685 1844 1760 1892 est,

321 1914 371 1941 eo
417 1899 586 1954 quidem
628 1899 824 1954 pronius,
873 1913 955 1954 quo
1000 1900 1135 1940 minus
1178 1899 1382 1941 satellites
1423 1899 1522 1940 facti
1569 1898 1759 1939 conscios

322 1957 454 1999 fuisse
503 1957 735 1999 constabat.
810 1957 1007 2009 Tamis,
1054 1958 1124 2012 qui
1170 1956 1386 2012 prestandi
1433 1957 1573 1998 indicii
1619 1957 1762 2009 gracia

323 2019 507 2057 oestrum
554 2015 815 2070 signaucrat‚
865 2020 911 2056 ut
953 2015 1131 2056 salutem
1175 2014 1361 2056 Amlethi
1403 2014 1658 2056 uaframenti
1696 2014 1760 2054 sui

322 2074 524 2116 beneficio
557 2074 794 2115 constitisse
814 2076 1077 2126 monstraret,
1108 2087 1244 2128 nuper
1271 2087 1316 2114 se
1347 2073 1437 2114 eius
1460 2072 1579 2114 unice
1602 2071 1760 2113 studio-

322 2147 413 2173 sum
447 2132 618 2173 exitisse
650 2131 829 2172 dicebat.
890 2130 982 2172 Nec
1025 2131 1168 2185 inepta
1197 2131 1364 2173 iuuenis
1404 2131 1622 2185 responsio
1666 2128 1759 2171 fuit.

322 2190 387 2230 Ne
435 2190 546 2232 enim
587 2188 747 2243 inssssdiois
788 2189 986 2230 meritum
1022 2189 1237 2243 negligere
1275 2192 1521 2243 putaretur,
1561 2186 1759 2243 quiddam

323 2248 532 2289 straminis
554 2248 748 2302 gerulum
772 2247 921 2288 subitis
942 2246 1159 2301 adlapsum
1182 2247 1344 2302 pennis,
1372 2245 1571 2301 quodque
1592 2245 1759 2301 paleam

326 2306 561 2359 posteriore
593 2305 781 2360 corporis
804 2310 924 2359 parte
949 2304 1133 2346 defixam
1155 2308 1356 2358 gestaret,
1388 2303 1468 2345 sibi
1490 2307 1758 2358 conspectam

1834 2202 1884 2235 (51

329 2361 513 2404 retulitff·
579 2361 702 2411 Quod
746 2362 903 2403 dictum
944 2361 1064 2415 [est],
1105 2366 1152 2402 ut
1194 2367 1356 2403 ceteros
1402 2361 1604 2402 cachinno
1659 2373 1754 2401 con·
1775 2374 1882 2403 xxv¹

327 2420 471 2470 cussit,
501 2420 561 2462 ita
591 2420 777 2461 Amlethi
808 2420 1016 2460 fautorem
1050 2418 1280 2474 prudencia
1312 2418 1553 2461 delectauit.

460 2476 796 2533 Superatis[que]
821 2477 1013 2518 omnibus
1036 2490 1317 2531 arcanamque
1342 2476 1533 2518 iuuenilis
1555 2473 1759 2516 industrie
1814 2486 1841 2511 1³·
1864 2478 1884 2503 1-

325 2550 460 2578 seram
492 2535 736 2591 patefacere
768 2534 1090 2590 nequeuntibus,
1137 2534 1305 2588 quidam
1338 2534 1563 2575 amicorum
1593 2532 1760 2586 Fengo-

322 2594 398 2645 nis,
429 2593 752 2650 presumpcione
776 2606 901 2649 quam
923 2592 1100 2635 solercia
1121 2592 1422 2644 abundancior,
1452 2591 1543 2633 fore
1563 2589 1760 2645 negabat,
