1884 3126
744 277 795 282 -
857 251 924 293 xi
985 277 1037 296 ff
1480 223 1612 291 '393

170 382 305 437 plebis
336 383 523 424 animum
554 382 866 437 interpretatus.
927 381 995 423 Ita
1026 381 1196 436 pellacis
1222 381 1303 423 uiri
1333 379 1611 431 mendacium,

169 440 396 494 legacionis
437 440 559 482 titulo
599 441 861 493 inuolutum,
905 454 1049 494 regem
1106 441 1261 496 pariter
1306 453 1354 481 ao
1407 438 1611 494 populum

167 498 340 550 fefellit,
366 498 489 549 hunc,
522 512 573 540 ne
604 499 889 540 imminentem
920 498 1097 550 uitaret,
1140 499 1274 551 illum,
1304 512 1358 539 ne
1385 496 1390 549 Ι
1417 500 1611 552 parceret
1667 509 1694 534 p·
1714 499 1766 527 590

169 557 424 612 expectanti.
485 556 677 599 Eundem
710 557 776 598 die
807 561 975 611 postera
1014 563 1091 598 rex
1122 556 1329 611 prioribus
1370 555 1489 611 paria
1519 554 1611 609 pol-

118 630 134 655 5
166 615 361 656 licentem
393 614 447 656 ad
478 615 733 670 speculanda
755 614 980 656 sedicionis
1001 619 1095 656 acta
1117 614 1305 667 dimittit,
1328 627 1611 655 communem-

167 687 248 728 que
292 673 454 715 hostem
497 674 604 714 inter
647 687 690 715 se
730 677 772 714 et
813 672 990 727 uulgum
1022 672 1201 714 creando
1241 673 1356 727 pacis
1396 675 1610 713 auctorem

167 732 401 786 assumpsit.
461 731 551 772 Nec
582 731 703 773 solita
734 732 876 785 legato
907 730 1085 785 perfidia
1117 729 1263 772 defuit.
1325 730 1453 771 Cuius
1484 730 1609 785 pesti-

167 788 267 831 feris
310 790 479 831 monitis
519 790 715 831 instincta
754 788 874 845 plebs
905 789 1202 830 uehemencius
1243 788 1468 830 aduersum
1499 788 1610 842 regis

166 852 292 903 caput
331 848 715 889 consternacionem
758 846 991 889 destrinxit.
1053 846 1250 888 Kanutus
1291 847 1472 898 interim,
1511 846 1610 888 coti-

98 918 133 945 10
164 905 299 947 dianis
330 920 539 948 sacrorum
571 906 815 948 solennibus
846 910 1057 957 assuetus,
1099 905 1254 960 nequid
1285 905 1478 960 religioni
1518 919 1611 960 pre-

166 967 353 1019 poneret,
386 964 542 1006 Albani
575 963 696 1005 edem
726 977 886 1016 sacram
918 978 1069 1019 prose
1102 963 1403 1019 deprecaturus
1433 963 1608 1006 accedit.

166 1021 331 1077 Quippe
363 1023 556 1077 precibus
589 1021 763 1076 [d]eum,
797 1036 923 1077 quam
954 1022 1116 1064 hostem
1148 1022 1288 1071 armis,
1319 1021 1476 1077 nequid
1507 1022 1610 1062 cari-

165 1080 243 1121 tati
282 1080 545 1132 detraheret,
586 1081 763 1146 aggredi
804 1081 1060 1147 preoptauit.
1137 1079 1221 1121 Vbi
1267 1080 1368 1121 dum
1412 1080 1610 1134 religioni

164 1138 356 1180 uacando
403 1138 541 1180 officia
580 1139 813 1180 sanctitatis
856 1139 1094 1194 exequitur,
1127 1143 1390 1180 consternate
1422 1138 1610 1179 multitu-

96 1209 131 1237 15
164 1196 271 1238 dinis
311 1210 466 1238 corona
505 1197 632 1238 armis
672 1197 900 1238 sacrarium
940 1197 1102 1239 clausit.
1164 1196 1380 1252 Quotquot
1424 1210 1524 1251 ergo
1556 1210 1610 1237 ex

165 1254 367 1297 militibus
397 1254 560 1297 hostem
590 1269 835 1311 precurrere
874 1259 1093 1321 poterant,
1136 1255 1311 1320 periculi
1350 1255 1607 1296 consorcium

164 1312 409 1355 affectantes
454 1327 597 1368 regem
644 1314 872 1368 petebant,
919 1314 1008 1355 eius
1052 1314 1095 1354 in
1141 1327 1185 1355 se
1230 1313 1340 1368 ipsos
1385 1313 1609 1355 discrimen

164 1371 460 1413 transfundere
492 1372 721 1427 cupientes.
783 1370 973 1438 Cumque
1004 1372 1184 1413 salutem
1213 1385 1375 1413 secessu
1407 1373 1608 1427 consequi

163 1434 355 1484 possent,
396 1430 632 1484 periculum
675 1430 890 1484 presencia
932 1431 1197 1486 quesierunt,
1245 1434 1465 1485 morteque
1507 1430 1609 1471 clari

92 1499 130 1526 20
162 1501 288 1542 quam
319 1487 423 1542 fuga
453 1489 534 1530 tuti
566 1488 657 1529 fieri
687 1488 939 1530 maluerunt.
999 1487 1167 1536 Quanta
1188 1502 1313 1543 porro
1346 1487 1608 1530 humanitate

162 1545 403 1587 clientelam
449 1546 558 1588 hanc
603 1546 838 1588 abundasse
885 1546 1126 1599 credemus,
1173 1560 1267 1602 que,
1313 1560 1366 1587 ne
1398 1545 1608 1588 infelicem

162 1603 321 1644 domini
351 1603 566 1646 fortunam
599 1604 823 1656 desereret,
853 1605 1040 1660 periculo
1064 1618 1166 1657 sese,
1200 1604 1314 1660 quod
1344 1604 1479 1646 uitare
1511 1604 1608 1646 lice-

162 1661 259 1715 bat,
288 1663 504 1717 opposuit,
549 1663 675 1718 inque
706 1676 862 1717 magna
902 1662 1095 1718 fugiendi
1134 1663 1253 1718 copia
1285 1662 1466 1704 salutem
1497 1663 1608 1717 regis

161 1733 286 1775 quam
318 1734 437 1761 suam
468 1721 576 1762 tueri
604 1721 739 1762 sacius
770 1720 924 1762 duxit?
991 1720 1248 1763 Benedictus
1290 1734 1482 1776 quoque,
1525 1721 1608 1762 fra-

92 1789 129 1817 25
161 1778 370 1820 ternitatis
400 1793 557 1820 nexum
589 1778 672 1820 fide
704 1779 904 1834 imitatus,
942 1780 984 1820 in
1016 1779 1175 1834 templo
1206 1793 1298 1820 cum
1332 1778 1464 1820 fratre
1496 1792 1608 1820 com-

162 1836 267 1877 mori
298 1836 596 1878 destinauerat.
639 1836 786 1879 Erious
806 1851 921 1890 uero,
943 1851 1129 1879 seorsum
1161 1837 1215 1878 ab
1238 1837 1355 1878 hoste
1377 1837 1607 1891 conclusus,

162 1907 258 1935 cum
302 1894 414 1936 solus
459 1895 773 1937 multitudinem
817 1895 1021 1937 sustinere
1067 1896 1281 1951 nequiret,
1324 1909 1400 1950 per
1446 1895 1608 1937 medios

162 1951 343 1993 hostium
384 1952 531 2007 globos
570 1953 681 1995 ferro
722 1963 930 1995 secessum
962 1954 1134 1995 molitus
1175 1953 1326 2008 erupit.
1373 1953 1504 2006 Tunc,
1536 1967 1607 1995 ne-

162 2010 275 2052 mine
305 2011 500 2065 religiose
531 2012 645 2067 pacis
677 2011 934 2053 domicilium
965 2012 1172 2053 uiolenter
1198 2012 1432 2066 irrumpere
1463 2026 1606 2067 presu-

92 2079 129 2108 30
159 2072 325 2121 mente,
365 2069 524 2123 primus
564 2069 741 2122 Blacco,
774 2069 1065 2112 cunctantibus
1105 2070 1267 2123 ceteris,
1309 2069 1420 2111 ferro
1459 2070 1607 2111 ualuas

148 2151 150 2153 -
161 2126 326 2181 petiuit,
359 2126 569 2182 ductuque
601 2141 675 2169 suo
707 2128 884 2170 eandem
906 2129 1065 2170 cunctis
1085 2128 1303 2170 licenciam
1336 2128 1497 2170 tribuit.
1540 2127 1607 2170 Ita

161 2198 204 2225 se
236 2198 318 2226 non
350 2185 559 2240 sacrilegii
591 2185 726 2240 modo,
758 2186 831 2228 sed
863 2187 997 2228 eciam
1027 2186 1184 2242 publici
1214 2185 1426 2241 parricidii
1457 2186 1607 2228 ducem

161 2247 458 2298 auctoremque
489 2243 696 2286 exhibuit.
758 2244 879 2293 Quod
920 2244 1069 2286 uidens
1099 2244 1219 2299 plebs
1259 2244 1468 2286 concitato
1501 2244 1608 2286 sedi-

161 2300 292 2342 cionis
323 2306 442 2342 motu
473 2302 678 2357 templum
720 2303 987 2357 aggreditur,
1029 2314 1165 2358 eoque
1204 2302 1443 2357 irrupcione
1480 2302 1605 2355 facta,

93 2371 129 2400 35
162 2358 328 2399 diuinos
361 2359 469 2400 lares
500 2373 549 2401 ac
569 2361 831 2402 sanctissima
852 2361 1087 2416 penetralia
1119 2361 1322 2414 sacrilega
1355 2364 1606 2416 tempestate

161 2416 335 2461 fedauit.
405 2417 567 2464 Verum
613 2417 768 2460 Blacco
815 2418 859 2460 in
904 2419 1017 2474 ipso,
1059 2433 1184 2474 quem
1215 2419 1447 2484 irruperat,
1489 2418 1607 2459 aditu

162 2474 406 2528 trucidatus,
449 2475 557 2517 datis
594 2475 811 2541 parricidii
851 2476 1047 2531 piaculis,
1087 2476 1233 2518 uiolati
1264 2476 1437 2517 sacrarii
1476 2490 1606 2531 penas

161 2532 376 2587 pependit
423 2532 536 2574 Mors
567 2534 655 2574 eius
683 2534 965 2576 interfectoris
995 2535 1113 2575 exitu
1135 2530 1370 2588 uindicalta
1401 2537 1476 2575 est.
1521 2533 1605 2575 Ita·
1642 2542 1784 2572 cxv'flt»

163 2604 243 2645 que
284 2590 457 2632 alterius
502 2590 591 2632 fato
633 2591 781 2644 scelus,
809 2591 814 2644 Ι
842 2592 1015 2634 alterius
1054 2593 1188 2648 pietas
1226 2605 1394 2633 causam
1424 2591 1606 2646 prebuit.
1661 2609 1690 2637 p
1710 2602 1760 2630 591

93 2661 130 2691 40
162 2647 448 2703 Orediderim,
491 2653 592 2695 tunc
621 2650 739 2711 pium
770 2664 959 2696 cruorem
988 2650 1229 2706 parricidali
1258 2650 1516 2710 permixtum
1546 2663 1610 2697 se-

1648 2746 1674 2774 l
