1884 3126
169 854 204 881 10

167 1143 203 1170 15

165 1431 203 1459 520

165 2298 201 2324 35

241 194 297 234 34
841 190 1089 233 ——1-—

377 317 543 362 Eodem
584 322 773 374 tempore
805 318 937 361 Tosto
980 318 1175 375 quidam,
1217 319 1397 362 obscuro
1437 319 1548 362 Iutie
1588 321 1679 364 loco

241 381 370 429 ortus,
403 376 626 419 ferocitate
658 378 795 419 clarus
828 377 1011 419 emersit.
1058 377 1192 419 Plebe
1213 391 1397 432 namque
1419 379 1536 419 uario
1558 385 1682 434 petu-

238 434 374 476 lancie
419 448 575 490 genere
620 435 838 488 laeessita,
884 435 969 476 late
1018 435 1277 477 crudelitatis
1318 436 1472 477 famam
1515 438 1681 483 extulit,

238 496 441 547 tantaque
487 491 760 546 malignitatis
807 492 1003 548 opinione
1044 493 1307 547 percrebuit,
1350 499 1396 534 ut
1436 494 1681 538 Facinorosi

242 551 493 603 cognomine
515 554 742 592 notaretur.
780 550 862 592 Sed
895 565 973 592 nec
1005 556 1248 592 exterorum
1271 551 1430 592 iniuriis
1453 552 1680 606 abstinens,

239 611 336 662 post
380 607 521 649 fedam
574 609 709 663 patrie
756 609 1031 650 uexacionem
1078 609 1208 650 eciam
1257 608 1486 650 Saxoniani
1532 614 1679 652 tentat.

241 665 371 707 Cuius
404 665 511 707 duee
544 665 731 721 Syfrido,
769 666 1057 708 laborantibus
1089 667 1220 721 prelio
1253 668 1395 720 sociis,
1432 681 1577 722 pacem
1609 682 1681 723 pe-

240 728 366 774 tente,
397 721 500 777 fore,
535 723 648 779 quod
679 725 732 766 ab
762 724 854 778 ipso
886 724 1164 779 poscebatur,
1205 726 1405 778 asseruit,
1448 726 1677 768 dummodo

241 781 320 822 sibi
338 782 511 836 gerendi
531 796 624 823 eum
642 781 842 836 Hadingo
861 782 963 824 belli
984 782 1230 824 societatem
1247 783 1439 838 polliceri
1456 785 1677 827 uoluisset.

236 839 539 894 Refragantem
570 840 701 890 illum,
735 840 1055 894 condicionique
1087 854 1235 895 parere
1270 845 1552 891 metuentem,
1593 843 1677 883 acri

235 898 444 939 minarum
488 911 644 952 genere
686 897 737 938 ad
781 912 895 951 eam,
942 911 1066 952 quam
1113 898 1311 953 optabat,
1356 900 1678 954 promissionem

236 955 448 1010 perduxit.
511 955 582 997 Fit
613 955 746 1007 enim,
779 961 846 1008 ut,
880 955 992 1010 quod
1024 955 1177 997 blande
1208 970 1292 998 non
1323 958 1512 1011 struitur,
1549 958 1678 999 mina-

237 1013 338 1054 citer
360 1014 620 1067 impetretur.
665 1013 702 1053 A
725 1027 807 1068 quo
841 1013 1026 1055 terrestri
1058 1015 1235 1068 negocio
1269 1019 1490 1070 superatus
1516 1014 1679 1057 Hadin-

235 1085 329 1124 gns,
363 1085 457 1112 cum
488 1071 660 1112 uictoris
694 1071 867 1112 classem
896 1071 901 1123 1
929 1072 1037 1112 inter
1067 1071 1314 1126 fugiendum
1346 1078 1554 1128 repertam
1586 1087 1679 1128 per-

234 1129 355 1170 fossis
374 1129 576 1171 lateribus
594 1129 861 1183 nauigacioni
880 1129 1067 1170 inutilem
1085 1129 1345 1182 reddidisset,
1364 1129 1678 1185 eon<s>eensam

237 1187 435 1242 scapham
477 1186 517 1227 in
559 1187 690 1228 altum
732 1186 896 1229 direxit.
960 1186 1094 1234 Quem
1134 1187 1266 1229 Tosto
1308 1188 1509 1230 occidisse
1548 1194 1678 1240 ratus,

238 1258 330 1285 cum
376 1244 446 1285 diu
486 1244 594 1285 inter
635 1245 875 1299 promiscua
920 1248 1167 1286 necatorum
1215 1245 1422 1288 cadauera
1469 1250 1678 1301 quesitum

236 1303 421 1356 reperire
459 1316 544 1343 non
586 1307 752 1357 posset,
797 1302 847 1343 ad
891 1302 1065 1344 classem
1104 1317 1342 1358 regressus,
1385 1304 1679 1346 animaduertit

237 1360 399 1401 eminus
450 1374 752 1416 myoparonem
803 1360 951 1401 mediis
1003 1361 1127 1402 maris
1179 1361 1337 1403 estibus
1389 1363 1677 1404 fluctuantem.

236 1417 370 1465 Quem
405 1431 498 1459 eum
533 1417 726 1459 adductis
759 1419 800 1459 in
833 1419 965 1460 altum
997 1419 1176 1472 nauigiis
1220 1420 1418 1475 persequi
1449 1420 1677 1474 statuisset,

236 1475 456 1516 fraccionis
488 1476 675 1531 periculo
717 1482 967 1530 reuocatuS,
1011 1490 1110 1531 egre
1150 1477 1269 1518 littus
1308 1478 1497 1532 repeciit.
1560 1477 1679 1519 Tunc

236 1533 440 1588 correptis
472 1533 643 1588 integris
676 1538 846 1589 ceptum
878 1535 947 1576 uie
980 1548 1115 1589 genus
1148 1534 1385 1590 exequitur.
1438 1535 1677 1590 Hadingus,

237 1591 433 1645 occupari
475 1606 519 1633 se
562 1591 737 1641 uidens,
780 1592 1017 1646 percontari
1049 1593 1241 1633 comitem
1286 1593 1417 1647 cepit,
1458 1607 1510 1636 an
1552 1593 1676 1634 nandi

235 1663 357 1690 usum
405 1649 597 1701 calleret,
656 1655 926 1705 neganteque
982 1664 1054 1701 eo,
1099 1649 1199 1704 fuge
1242 1650 1483 1692 diffidencia
1528 1655 1678 1706 sponte

188 1722 206 1750 r·›‚.
239 1707 376 1748 euersi
406 1707 562 1762 nauigii
597 1721 805 1749 concauas
837 1711 977 1761 partes
1010 1709 1254 1762 amplexus,
1286 1708 1430 1750 mortis
1462 1709 1585 1750 fidem
1619 1710 1677 1750 in-

236 1765 507 1820 sequentibus
530 1765 639 1807 fecit.
683 1764 887 1806 Securum
907 1766 1058 1806 deinde
1079 1765 1309 1807 Tostonem
1331 1766 1677 1821 inopinatumque

236 1827 277 1864 et
299 1823 529 1878 spoliorum
553 1823 739 1878 reliquiis
762 1823 924 1865 auidius
947 1823 1215 1865 incubantem
1248 1823 1434 1877 adortus,
1467 1828 1677 1879 prostrato

236 1881 447 1932 exercitu,
482 1880 653 1935 predam
687 1880 882 1923 deserere
924 1882 1084 1936 coegit,
1126 1895 1328 1936 suamque
1362 1882 1451 1923 eius
1481 1881 1583 1936 fuga
1617 1883 1677 1923 ul-

237 1938 416 1980 eiscitur.

371 1995 460 2037 Nec
491 1995 667 2037 Tostoni
709 1997 750 2037 in
793 1996 1021 2038 uindictam
1053 1997 1117 2038 sui
1158 1997 1319 2038 animus
1360 1997 1506 2040 defuit.
1568 1996 1675 2038 Nam

237 2067 329 2094 eum
354 2054 407 2095 ob
431 2054 592 2108 accepti
625 2054 813 2095 uulneris
843 2054 1174 2109 magnitudinem
1207 2054 1536 2109 reparandarum
1568 2055 1677 2097 intra

235 2111 411 2167 patriam
453 2112 605 2153 uirium
636 2113 800 2166 copiam
831 2126 915 2153 non
948 2112 1148 2165 haberet,
1187 2112 1318 2166 legati
1359 2113 1483 2154 titulo
1515 2112 1677 2154 Britan-

234 2168 342 2210 niam
366 2170 504 2224 peciit.
546 2170 594 2211 In
628 2184 711 2225 qua
743 2169 1008 2224 profeccione
1039 2170 1324 2224 nauigacionis
1356 2170 1488 2212 socios
1519 2171 1560 2211 in
1583 2170 1675 2212 alee

234 2227 372 2268 lusum
394 2241 468 2281 per
498 2227 715 2269 lasciuiam
750 2228 972 2279 contraxit,
1000 2228 1219 2282 rixamque
1241 2242 1265 2269 a
1287 2234 1540 2270 tesserarum
1562 2228 1677 2269 iacti-

235 2285 312 2326 bus
354 2291 488 2327 ortam
528 2285 697 2327 funesta
739 2285 844 2328 cede
887 2286 1005 2326 finire
1049 2285 1201 2327 docuit.
1262 2286 1328 2328 Ita
1361 2285 1526 2341 placido
1559 2299 1675 2327 exer-

236 2342 325 2383 cicii
341 2341 347 2348 ’
357 2356 513 2397 genere
545 2343 794 2384 discordiam
822 2356 897 2398 per
921 2347 1057 2384 totum
1079 2344 1294 2398 nauigium
1318 2344 1497 2390 diffudit,
1531 2357 1675 2384 eruen-

236 2404 409 2455 tamque
439 2415 625 2456 pugnam
671 2405 857 2442 mutatus
887 2400 960 2442 lite
991 2402 1107 2443 iocus
1139 2401 1375 2456 progenuit.
1437 2400 1493 2442 Et
1523 2406 1571 2442 ut
1602 2402 1674 2442 ali-

236 2458 350 2513 quod
382 2472 435 2499 ex
466 2460 603 2500 alieno
645 2459 755 2500 malo
797 2459 1062 2500 commodum
1096 2464 1279 2513 caperet,
1313 2459 1514 2514 correptis
1545 2459 1673 2501 inter·

236 2515 444 2557 sectorum
475 2517 677 2571 pecuniis,
712 2516 928 2558 Collonem
971 2517 1181 2572 quendam
1222 2517 1396 2573 piratica
1442 2521 1544 2557 tune
1573 2520 1676 2557 tem-

1700 1090 1727 1113 ι).
1747 1081 1780 1108 56

166 2586 202 2613 40
233 2571 359 2630 polris
398 2574 605 2629 insignem
641 2573 807 2634 adciuit.
850 2573 943 2623 Quo
977 2574 1128 2616 comite
1160 2588 1291 2632 paruo
1316 2575 1475 2630 postin
1496 2573 1711 2629 patriamp
1741 2584 1772 2611 57
