1884 3126
9 613 26 641 5

0 904 30 933 10

623 266 677 272 —
736 239 830 283 XV
893 266 942 273 —-
1426 242 1509 283 639

63 368 220 411 crebris
250 368 500 411 uulneribus
531 374 749 425 exceptus,
781 370 834 412 ab
856 370 1093 425 agrestibus
1124 374 1282 425 captus,
1314 369 1509 423 eundem,

57 441 182 483 quem
229 427 437 482 Magnus,
485 441 694 469 carcerem
737 434 937 483 expertus
983 433 1067 482 est,
1114 427 1309 483 supplicii
1352 428 1511 470 socium

58 485 242 535 sortitus,
275 499 399 540 quem
433 485 630 527 facinoris
661 491 900 528 consortem
919 486 1138 528 habuerat.
1185 485 1373 527 Karolus
1403 500 1511 528 mor-

58 543 169 585 tifico
200 543 379 584 uulnere
411 544 609 597 obrutus,
650 544 828 599 paruulo
859 545 928 586 uie
959 558 1132 586 excessu
1163 544 1319 599 petito,
1358 543 1511 586 fortem

57 601 250 656 spiritum
293 601 404 642 inter
443 602 594 643 molles
637 601 835 643 arborum
880 601 1050 644 frondes
1092 602 1307 658 deposuit,
1348 601 1511 644 felicior

61 659 181 702 obitu
213 673 339 714 quam
371 660 502 701 frater
523 659 625 701 uita.
679 659 869 708 Quorum
890 660 1191 715 patrimonium
1211 659 1511 702 Waldemarus

59 718 168 772 lege,
203 732 284 773 que
315 718 451 772 patrie
483 732 575 759 reos
606 717 798 760 omnibus
837 717 956 759 bonis
987 718 1180 770 damnat,
1213 717 1416 772 adeptus,
1447 718 1510 760 in-

60 779 231 831 sperata
262 790 388 831 opum
420 775 681 817 incrementa
726 776 950 817 contraxit.
1011 775 1148 831 Igitur
1179 775 1329 817 Karoli
1359 789 1511 831 corpus

60 837 185 888 putre
216 839 314 890 post
344 833 517 875 modum
557 834 610 875 ab
642 833 852 888 indigenis
882 838 1098 889 repertum
1137 834 1387 877 documento
1421 835 1510 876 fore

59 892 211 947 potuit,
243 892 383 934 aliena
414 892 585 946 fastigia
616 906 710 933 cum
742 892 910 947 proprie
941 895 1185 947 contemptu
1215 891 1381 933 fortune
1413 906 1510 933 con-

61 950 313 1005 cupiscenda
343 964 427 992 non
458 964 562 991 esse.

199 1008 301 1050 Post
342 1007 420 1049 hec
458 1007 694 1061 Henricus,
737 1007 789 1049 ob
831 1007 1065 1049 exercitum
1103 1006 1246 1049 Cesari
1284 1008 1509 1050 aduersum

61 1066 193 1109 Italos
223 1070 440 1121 negatum,
473 1080 649 1121 grauem
673 1066 783 1107 bello
805 1065 1010 1107 offensam
1030 1070 1244 1120 expertus,
1277 1079 1373 1107 cum
1395 1070 1510 1108 tante

0 1137 1 1144 ¹
61 1125 124 1167 rei
154 1125 311 1167 molem
341 1124 502 1166 uiribus
523 1125 606 1165 suis
628 1124 830 1165 maiorem
863 1128 1066 1174 cerneret,
1088 1123 1411 1165 Waldemarum
1431 1124 1510 1166 sibi

62 1183 232 1225 obuiam
263 1182 419 1224 crebris
449 1182 612 1224 nunciis
644 1177 889 1236 euocatum,
918 1182 1172 1237 pertransito
1202 1187 1351 1237 ponte,
1394 1183 1509 1224 cuius

63 1255 295 1297 numquam
325 1245 451 1282 antea
483 1239 706 1282 dimidium
736 1240 942 1282 excedere
974 1244 1262 1292 consueuerat,
1291 1255 1367 1295 per
1395 1254 1509 1282 'sum-

65 1314 178 1341 mam
221 1303 365 1340 mutue
402 1298 501 1340 fidei
543 1298 885 1340 exhortacionem
926 1298 1082 1339 obnixa
1113 1298 1261 1339 auxilii
1299 1299 1509 1353 peticione

64 1357 271 1399 sollicitat.
333 1356 454 1398 Adeo
485 1357 680 1412 superbie
711 1356 937 1398 necessitas
967 1356 1170 1411 imperat,
1201 1355 1417 1412 fastusque
1448 1357 1509 1397 in-

64 1415 250 1457 fortunio
283 1414 490 1456 domatur.
537 1413 610 1455 Ad
631 1415 743 1469 quod
773 1428 851 1456 rex
882 1429 926 1455 se
956 1414 1072 1455 nullo
1103 1414 1201 1456 fidei
1232 1413 1375 1456 debito
1398 1428 1510 1456 com-

63 1474 164 1529 pelli
195 1473 400 1529 prefatus‚
419 1473 607 1515 amicicie
638 1478 795 1525 tamen,
828 1486 954 1527 quam
984 1472 1083 1513 olim
1115 1486 1210 1513 cum
1231 1486 1279 1514 eo
1310 1473 1509 1526 iunxerit,

63 1532 98 1573 si
134 1531 305 1574 monitis
347 1531 430 1572 suis
470 1531 810 1586 obtemperatum
849 1530 977 1580 foret,
1019 1530 1249 1571 affuturum
1289 1530 1509 1585 promittit.

63 1589 201 1644 Igitur
234 1589 443 1642 Henrico,
483 1603 668 1644 quenam
707 1589 784 1630 hec
816 1592 979 1642 essent,
1021 1602 1268 1643 cognoscere
1300 1587 1509 1643 cupiente,

64 1661 159 1689 cum
190 1652 431 1701 terrenum⁷
464 1647 624 1702 inquit,
656 1648 958 1702 imperatorem
998 1650 1207 1687 attentare
1238 1647 1347 1687 inter
1377 1646 1511 1688 ardua

64 1705 254 1759 ducatur,
288 1705 422 1747 multo
455 1706 654 1747 celestem
685 1706 891 1746 lacessere
921 1704 1207 1759 periculosius,
1240 1704 1311 1759 qui
1341 1705 1509 1760 proprio
1562 1717 1571 1728 ·

62 1768 182 1816 nutu,
215 1768 356 1820 preter
386 1763 620 1805 humanum
641 1763 972 1815 amminiculum,
1003 1776 1204 1818 prospera
1230 1762 1300 1803 uel
1331 1762 1510 1804 aduersa

63 1821 216 1864 afferre
247 1821 496 1863 mortalibus
526 1821 668 1876 possit.
715 1821 850 1870 Quem
882 1821 916 1862 si
947 1819 1171 1874 Henricus‚
1202 1819 1453 1874 iampridem
1484 1834 1510 1864 a

64 1894 108 1921 se
138 1879 446 1935 pontificalium
468 1879 679 1920 bonorum
700 1879 858 1934 rapinis
881 1878 1102 1930 offensum,
1134 1879 1330 1932 congruis
1351 1882 1511 1919 restau-

63 1938 240 1979 racionis
281 1937 427 1979 officiis
467 1937 795 1992 complacasset,
837 1937 1058 1977 uictoriam
1091 1940 1231 1977 mente
1267 1949 1508 1990 presumere

63 2001 216 2050 posset,
248 1996 408 2051 alioqui
447 1995 606 2037 bellum
637 1999 796 2037 temere
835 1998 1079 2047 conaturus3
1121 1993 1232 2049 quod
1263 1994 1323 2047 si,
1356 1993 1508 2035 infesto

63 2054 154 2107 deo,
187 2054 464 2096 communiter
497 2054 551 2095 ab
583 2053 683 2108 ipsis
709 2053 1054 2104 committeretur,
1086 2052 1230 2093 ambos
1252 2051 1361 2092 hosti
1381 2052 1511 2093 uicto-

64 2112 171 2154 riam
202 2126 401 2154 cessuros.
460 2110 610 2166 Neque
642 2111 755 2153 enim
785 2111 959 2152 dubium
990 2111 1105 2161 fore,
1144 2110 1244 2164 quin
1275 2109 1431 2151 caduca
1463 2123 1512 2150 ac

64 2169 207 2224 fragili
245 2170 442 2225 potencia
481 2175 632 2211 usurus
670 2173 675 2219 1
714 2170 788 2221 sit,
831 2169 1016 2223 quisquis
1057 2167 1198 2208 diuine
1242 2167 1510 2222 pertinaciter

65 2229 238 2270 obuiare
270 2227 583 2283 presumpserit.
643 2227 782 2281 Igitur
823 2241 867 2268 se
898 2240 981 2267 non
1012 2225 1092 2267 nisi
1123 2225 1294 2280 expiato
1324 2224 1509 2280 periculo

65 2286 364 2327 commilicium
393 2285 570 2341 prebere
601 2299 813 2337 ausurum,
844 2284 1012 2339 publice
1043 2283 1239 2337 religioni
1269 2296 1395 2338 quam
1426 2283 1509 2337 pri-

66 2348 165 2385 uate
196 2343 384 2385 amicicie
414 2344 665 2399 propiorem.
727 2343 835 2384 Tum
857 2342 1080 2395 Henricus,
1112 2341 1246 2382 multa
1277 2354 1302 2381 a
1333 2354 1376 2382 se
1407 2354 1509 2395 pon-

66 2402 233 2443 tificum⁴
252 2401 371 2443 bonis
404 2401 593 2443 beneficii
621 2402 793 2442 nomine
824 2403 990 2441 extorta
1021 2399 1255 2450 confessus,
1295 2398 1442 2453 quibus
1473 2398 1508 2440 si

67 2464 214 2515 sponte
261 2459 450 2512 cederet,
495 2460 643 2501 ultime
697 2458 938 2514 paupertati
993 2456 1288 2507 subiiceretur‚
1345 2470 1508 2497 corrase

66 2522 314 2573 attonseque
346 2517 518 2559 ceruicis
549 2517 738 2559 homines
769 2516 877 2557 tanti
907 2529 932 2556 a
953 2529 995 2556 se
1027 2514 1213 2555 estimari
1243 2513 1440 2567 negabat,
1462 2518 1510 2555 ut

68 2575 178 2616 ultro
212 2575 359 2631 opibus
399 2589 562 2629 carere,
604 2575 780 2630 plusque
822 2587 967 2615 eorum
1006 2572 1067 2613 ire
1107 2586 1234 2627 quam
1272 2571 1405 2626 glorie
1435 2584 1509 2613 sue

66 2632 252 2675 tribuere
283 2633 399 2676 uelit.
460 2633 647 2690 Repulse
683 2636 824 2673 tamen
855 2644 927 2672 sue
957 2629 1175 2672 silencium
1213 2630 1266 2672 ab
1297 2629 1387 2685 ipso
1418 2629 1509 2684 geri

1563 2185 1594 2211 p.
1613 2177 1663 2204 931
