1884 3126
38 928 74 955 10

36 1510 74 1537 ‘20

40 2389 77 2417 35

42 2679 78 2706 40

652 283 699 290 —-
765 258 904 302 XIIII
965 281 1018 288 --
1484 260 1567 303 495

105 389 328 432 naualibus
363 390 495 446 copiis
539 391 679 434 mittit.
705 390 720 444 ΙΙ
746 391 942 438 Quorum
972 390 1302 433 auctoritatibus
1343 389 1448 432 moti
1479 389 1569 432 Sia-

105 449 347 503 landenses,
380 450 661 505 nauigacione
694 451 871 500 reflexa,
902 449 998 505 plus
1029 450 1368 505 propinquorum
1400 449 1568 491 monitis

108 521 236 563 quam
274 507 390 562 regis
431 508 611 563 imperio
645 508 919 550 tribuendum
953 511 1183 563 putarunt,
1218 507 1394 563 eiusque
1427 507 1567 550 deser-

107 568 222 607 tores
273 579 399 621 quam
452 566 605 608 horum
655 566 796 609 hostes
844 567 1029 608 existere
1075 567 1331 608 maluerunt.
1404 564 1568 608 Verum

106 623 368 676 Fionienses,
401 625 518 680 apud
550 639 656 681 quos
692 626 787 680 plus
820 625 931 679 regis
966 638 1092 680 quam
1126 624 1393 680 priuatorum
1425 639 1568 680 respe-

107 685 198 724 ctus
228 681 403 735 ua*luit,
437 686 569 739 spreti
601 685 786 725 monitus
818 697 951 739 penas
982 683 1228 738 uapulando
1261 684 1391 734 luere,
1423 684 1566 739 pulsa·
1588 691 1742 721 CXLVlb

105 741 222 797 tique
255 740 412 783 dedere
444 742 605 796 fugam,
640 756 766 798 quam
799 742 981 797 sospites
1014 742 1271 783 abnuerunt.
1334 741 1423 784 Nec
1455 743 1568 797 quic-

107 813 231 854 quam
266 799 412 841 8116Πο
453 801 662 841 malorum
710 801 851 856 egrius
884 801 994 842 tulit.
1059 800 1164 842 l'ost
1205 799 1283 841 hec
1317 800 1568 842 Hesbernus

106 858 292 898 hostium
326 858 504 900 consilia
536 873 793 914 cognoscere
825 859 988 912 iussus,
1023 873 1116 900 cum
1149 873 1280 914 prope
1314 858 1568 913 Wibergum

107 920 310 971 suscepte
342 917 654 972 speculacionis
686 918 830 972 gracia
861 917 1152 970 peruenisset,
1189 916 1422 969 Suenonis,
1455 917 1569 958 Ran-

109 973 296 1016 drusium
328 975 527 1030 petentis,
561 976 738 1018 obuium
771 976 1084 1031 contemplatur
1116 977 1367 1018 exercitum.
1429 975 1568 1030 Igitur

106 1047 161 1075 ne
193 1047 262 1074 res
297 1033 546 1087 diligencius
581 1048 706 1090 quam
738 1034 895 1076 forcius
932 1034 1161 1089 explorare
1194 1033 1437 1087 uideretur,
1470 1048 1567 1088 pre-

107 1091 355 1134 cedencium
388 1092 610 1147 quosdam,
646 1093 822 1134 effusius
857 1093 1184 1148 obequitantes,
1225 1092 1350 1134 hasta
1383 1092 1566 1134 ualidius

107 1150 324 1205 appetitos
356 1150 524 1192 militari
547 1152 706 1193 uirtute
726 1150 973 1207 prostrauit.
1023 1150 1214 1198 Quorum
1236 1164 1368 1206 equos
1391 1151 1565 1206 potitus,

58 1220 73 1245 5
108 1209 308 1249 comitum
353 1222 433 1264 ope
488 1223 563 1275 per
615 1209 789 1251 denium
835 1209 1143 1250 abstrahendos
1191 1210 1371 1252 c‘uiauit.
1444 1209 1566 1250 Tunc

109 1265 379 1318 Suenoniani,
414 1268 675 1324 propinquas
709 1267 894 1309 hostium
927 1265 1084 1323 ccipias
1116 1266 1398 1321 arbitrantes,
1432 1282 1565 1309 ar-ma

107 1330 200 1366 tura
239 1338 422 1380 propere
464 1331 655 1382 sumpta,
696 1326 1021 1381 lectissimisque
1065 1340 1272 1381 equoium
1313 1327 1565 1378 conscensis,

106 1382 218 1424 bello
242 1398 288 1425 se
311 1389 558 1439 preparant.
606 1384 667 1426 At
699 1389 925 1441 postquam
956 1385 1174 1440 inequalia
1205 1385 1299 1426 loca
1331 1385 1566 1439 permensis

106 1445 382 1496 prospectum
412 1442 614 1497 planicies
647 1443 786 1489 dedit,
820 1443 957 1483 solum
992 1447 1241 1484 contuentes
1273 1442 1564 1495 Hesbernum,

106 1506 204 1555 post
247 1514 343 1540 eum
389 1502 727 1556 promptissimos
767 1501 970 1556 dirigunt.
1049 1501 1212 1549 Quibus
1257 1501 1352 1551 ille,
1399 1502 1565 1543 uolucri

107 1558 207 1599 fisus
250 1572 383 1613 equo,
417 1563 535 1601 tanto
577 1564 710 1602 semet
741 1560 968 1601 interuallo
1003 1561 1227 1615 surripuit,
1271 1563 1318 1601 ut
1348 1559 1564 1602 interdum

107 1616 241 1682 quieti
273 1616 573 1660 descendendo
598 1619 854 1660 consuler.et
897 1618 1090 1684 Cumque
1123 1620 1388 1659 insecutores
1410 1618 1566 1661 frustra

107 1689 151 1715 36
185 1674 274 1715 61113
306 1677 593 1742 oceupacione
615 1677 799 1719 inhiasse
823 1677 1132 1731 conspicerent,
1165 1677 1398 1732 alloquium
1434 1677 1565 1732 ipsius

106 1731 184 1774 sub
216 1732 314 1775 fidei
338 1735 620 1788 promissione
643 1735 806 1777 eminus
829 1735 1102 1776 uociferando
1127 1735 1379 1790 deposcunt.
1421 1734 1565 1790 Negat

107 1805 255 1832 eorum
289 1805 333 1832 se
365 1792 580 1848 colloquia
612 1798 909 1848 suscepturum
942 1793 1215 1845 Hesbernus,
1255 1792 1368 1848 quod
1400 1793 1564 1835 lubrica

106 1849 190 1890 fide
222 1850 419 1891 serotinis
451 1864 545 1892 esse
579 1852 843 1907 temporibus
877 1853 1193 1905 consueuerint,
1225 1851 1482 1893 facetissime
1505 1853 1563 1893 eis

108 1907 352 1962 pe1fidiam,
386 1923 511 1964 quam
555 1916 748 1951 recenter
780 1910 1018 1966 Roskyldie
1051 1914 1295 1976 patrarant,
1331 1910 1562 1952 obiectans.

107 1965 175 2006 Ex
209 1966 361 2021 quibus
392 1967 569 2009 Petrum
602 1968 832 2017 duntaxat
875 1970 1129 2021 eoonomine
1161 1967 1349 2019 Thema,
1391 1969 1563 2024 antique

107 2025 320 2066 societatis
362 2024 518 2067 fiducia
558 2032 735 2082 accepta
777 1999 884 2080 fide,
926 2027 1101 2082 propius
1147 2026 1352 2069 accedere
1396 2041 1562 2081 passus,

108 2096 205 2124 cum
237 2096 364 2137 super
397 2082 675 2126 Waldemaro
708 2085 900 2140 pluribus
932 2091 1171 2139 rogaretur,
1206 2085 1356 2140 reliqui
1386 2085 1496 2127 inter
1518 2099 1563 2126 se

111 2141 229 2207 equis
272 2140 325 2182 de
365 2141 571 2184 industria
614 2151 914 2186 concurrentes
957 2143 1130 2184 insidias
1173 2144 1210 2184 ei
1242 2144 1321 2184 sub
1355 2144 1564 2185 exercita-

112 2199 242 2240 cionis
288 2199 559 2242 simulacione
599 2201 843 2244 tendebant.
916 2202 1036 2243 Tunc
1078 2202 1256 2243 Petrum
1299 2201 1562 2255 Hesbernus,

111 2256 211 2312 quid
261 2257 389 2298 animi
429 2258 553 2300 sociis
600 2266 731 2306 63361
773 2259 998 2301 aduertere
1041 2260 1242 2315 postulat
1313 2260 1391 2301 Ille
1432 2260 1563 2302 fidem

111 2329 232 2356 suam
265 2315 593 2358 commilitonum
624 2317 803 2372 perfidia
835 2318 1121 2384 quassandain
1154 2318 1339 2371 ueritus,
1383 2318 1564 2360 obuersa

110 2376 245 2423 hasta,
269 2373 538 2415 confixurum
561 2389 620 2426 se,
643 2376 714 2430 qui
737 2375 777 2416 in
800 2376 1074 2418 Hesbernum
1108 2391 1163 2417 iri
1170 2376 1314 2429 uisset
1337 2376 1562 2419 exclamat.

111 2430 304 2479 Quorum
341 2431 534 2473 fraudem
568 2432 818 2475 Hesbernus
862 2447 937 2488 per
976 2437 1182 2489 angustos
1226 2434 1465 2475 diuerticuli
1497 2448 1561 2476 re-

111 2503 252 2531 cessus
299 2503 559 2545 prepropere
605 2491 745 2546 pontis
793 2491 1014 2533 cuiusdam
1061 2493 1242 2540 transitu
1285 2493 1562 2547 precucurrit,

109 2548 378 2602 intentasque
409 2548 533 2589 lateri
566 2548 707 2590 hastas
740 2550 925 2604 cuspidis
957 2564 1032 2591 sue
1062 2549 1346 2592 frustrabatur
1379 2550 1561 2593 obiectu.

113 2605 306 2660 Cumque
338 2619 411 2646 603
445 2605 681 2648 identidem
713 2606 850 2662 dignis
881 2608 1057 2663 perfidie
1101 2608 1303 2649 conuiciis
1336 2608 1561 2662 affecisset,

110 2664 259 2720 procul
282 2663 379 2705 inde
402 2663 623 2707 discedens
646 2664 795 2707 obuios
827 2665 937 2708 forte
961 2667 1280 2720 commilitones,
1303 2665 1355 2707 de
1378 2666 1559 2710 hostium

1625 396 1720 432 (278)

1622 1285 1648 1309 p.
1670 1279 1703 1303 72¹,
