1884 3126
734 230 782 235 —-
847 206 960 249 VIII
1021 232 1074 236 —
1170 226 1176 231 ·
1548 209 1628 250 297
1689 249 1691 251 ,

185 332 361 375 fortuito
402 333 535 388 magis
577 347 703 389 quam
748 333 800 376 de
841 335 1049 377 industria
1088 337 1310 378 munificus
1353 351 1456 391 erga
1494 337 1628 393 ipsum

185 392 374 433 extitisse
414 391 656 446 gaudebat,
695 392 790 447 plus
829 407 873 434 se
912 394 1148 449 uoluptatis
1182 409 1235 436 ex
1266 394 1463 448 dacione,
1505 410 1629 451 quam

183 450 459 502 accipientem
492 463 544 490 ex
579 464 752 492 munere
786 452 961 505 sentire,
1009 457 1204 495 testatus.
1267 453 1402 508 Igitur
1434 467 1628 495 reuersus

184 507 447 562 Noruagiam
462 507 573 549 Refo
592 514 927 551 concertatorem
945 510 1096 565 pignus
1120 511 1342 553 exsoluere
1366 517 1629 553 recusantem

135 577 151 603 5
184 565 366 619 occidit,
412 566 627 622 filiamque
675 566 858 608 Gotonis
905 569 1115 623 captiuam
1163 568 1333 611 Gotrico
1379 569 1630 625 pociendam

184 623 368 666 adducit.

323 681 514 737 Cumque
546 681 764 734 Gotricus,
808 684 880 738 qui
912 688 954 725 et
984 683 1240 726 Godefridus
1280 690 1345 726 est
1378 686 1629 740 appellatus,
1686 689 1785 723 p·435

185 739 403 782 transfusis
434 741 476 781 in
508 746 680 782 exteros
711 741 869 796 preliis,
901 742 1054 783 famam
1086 755 1134 783 ac
1164 742 1278 784 uires
1311 742 1502 784 felicibus
1533 758 1630 798 pro-

182 803 386 853 pagasset
417 798 628 854 auspiciis,
664 799 773 840 inter
807 804 946 842 cetera
979 800 1188 842 factorum
1219 802 1490 855 monimenta,
1523 802 1632 843 hanc

119 867 151 894 10
183 870 353 911 quoque
384 856 625 899 saxonibus
667 857 814 898 tributi
854 858 989 912 legem
1020 858 1192 911 indixit,
1233 862 1280 899 ut
1312 873 1459 900 eorum
1492 859 1631 911 duces,

184 915 355 970 quocies
378 914 490 969 apud
514 914 663 956 Dauos
684 916 801 970 regni
824 917 1007 958 mutacio
1030 916 1286 970 obuenisset,
1310 922 1476 958 centum
1501 931 1630 972 equos

181 973 331 1014 niueos
372 972 537 1015 suffecti
578 973 690 1028 regis
733 974 867 1016 iniciis
915 974 1175 1016 dedicarent.
1238 974 1361 1023 Quod
1405 975 1437 1016 si
1470 989 1630 1016 nouum

183 1030 427 1073 saxonibus
469 1030 620 1073 ducem
664 1032 829 1074 uariata
867 1047 1007 1074 rerum
1047 1033 1256 1074 successio
1298 1033 1552 1088 peperisset,
1595 1034 1628 1075 is

182 1103 351 1144 quoque
383 1088 594 1144 predicte*
626 1090 840 1145 pensionis
885 1091 1087 1146 obsequio
1119 1091 1343 1146 potestatis
1375 1091 1624 1146 principium
1645 1103 1836 1134 LXXXIX.

118 1159 151 1185 15
182 1147 344 1189 Danice
382 1147 618 1190 maiestatis
660 1148 792 1190 titulis
836 1149 1078 1203 inclinaret,
1122 1163 1206 1205 quo
1239 1154 1279 1190 et
1310 1150 1446 1203 gentis
1486 1154 1629 1191 nostre

182 1205 392 1247 fateretur
432 1206 654 1261 imperium
699 1211 742 1247 et
783 1207 1062 1249 subieecionis
1104 1222 1178 1249 sue
1223 1208 1393 1249 solenne
1435 1208 1629 1263 preberet

181 1263 395 1305 indicium.
456 1263 546 1305 Nec
587 1263 816 1306 Germanie
857 1266 1027 1320 quidem
1073 1266 1346 1320 oppressione
1395 1270 1630 1317 contentus,

181 1336 258 1377 per
288 1321 500 1364 Resonem
531 1322 740 1377 legacioni
772 1322 983 1364 addictum
1017 1324 1244 1365 Sueoniam
1282 1327 1429 1365 tentat.
1492 1323 1628 1371 Quem

186 1378 374 1422 Sueones
406 1385 553 1435 aperta
583 1380 626 1421 ui
657 1394 809 1422 necare
841 1382 979 1435 ueriti,
1011 1381 1278 1423 latrocinium
1309 1382 1423 1435 ausi,
1459 1381 1626 1423 incusso

112 1449 149 1476 20
179 1435 335 1493 lallpide
351 1437 630 1481 dormientem
648 1444 1014 1494 consumpserunt.
1037 1439 1205 1495 Quippe
1221 1440 1428 1481 molarem
1445 1454 1626 1494 superne
1681 1447 1773 1483 (167)

181 1510 372 1551 pensum,
403 1496 589 1539 rescissis
622 1497 816 1552 uinculis,
853 1497 1029 1539 subiecti
1062 1498 1293 1540 ceruicibus
1325 1497 1439 1538 illabi
1472 1497 1626 1540 fecere.

179 1554 231 1596 In
263 1554 381 1596 cuius
413 1569 526 1596 noxe
560 1555 850 1610 expiacionem
884 1561 1023 1597 actum
1056 1560 1133 1608 est,
1165 1560 1212 1597 ut
1243 1555 1395 1610 singuli
1428 1555 1626 1597 facinoris

180 1616 377 1654 auctores
410 1612 576 1654 bissena
609 1614 702 1655 auri
733 1615 914 1666 talenta,
949 1627 971 1654 e
1002 1613 1128 1668 plebe
1160 1627 1260 1655 uero
1292 1613 1468 1667 quilibet
1499 1627 1626 1655 unam

182 1670 370 1712 eiusdem
418 1671 584 1725 generis
624 1672 790 1713 unciam
839 1671 1007 1714 &otrico
1048 1672 1325 1726 persolueret.
1386 1670 1624 1727 Vulpecule

115 1739 150 1766 25
181 1728 422 1783 pensionem
456 1729 681 1771 uocabant.

318 1787 485 1829 Accidit
516 1787 688 1839 interea,
721 1791 768 1828 ut
799 1802 874 1829 rex
904 1787 1165 1829 Francorum
1188 1785 1372 1828 Karolus
1405 1790 1626 1828 contusam

181 1843 292 1886 bello
320 1844 591 1886 Germaniam
627 1860 710 1888 non
741 1846 878 1887 solum
911 1844 1216 1887 Christianismi
1247 1858 1366 1885 sacra
1398 1845 1625 1900 suscipere,

181 1901 254 1943 sed
287 1903 419 1944 eciam
452 1903 607 1945 dicioni
639 1918 714 1945 sue
747 1918 894 1956 parere
929 1903 1215 1957 compelleret.
1269 1903 1364 1950 Quo
1398 1907 1626 1958 comperto,

182 1960 392 2011 Gotricus,
422 1961 621 2003 finitimas
643 1962 768 2003 Albie
789 1967 938 2017 gentes
963 1961 1151 2013 adortus,
1184 1960 1423 2014 Saxoniam,
1457 1974 1627 2016 suscep-

112 2027 150 2055 30
179 2022 268 2059 tum
292 2017 441 2061 Karoli
477 2020 623 2074 iugum
657 2019 847 2076 cupidius
878 2020 1190 2074 amplexantem
1222 2032 1271 2060 ac
1291 2018 1486 2060 Romana
1508 2033 1625 2060 arma

179 2075 350 2118 Danicis
385 2076 685 2132 preferentem,
722 2078 774 2119 ad
807 2078 1027 2133 pristinum
1059 2077 1174 2131 regni
1209 2077 1271 2117 sui
1304 2076 1471 2119 titulum
1503 2091 1624 2118 reuo-

180 2148 276 2175 care
307 2134 514 2177 tentabat.
568 2135 662 2184 Quo
697 2141 887 2191 tempore
911 2135 1096 2177 Karolus
1122 2135 1127 2188 Ι
1157 2134 1346 2176 uictricia
1376 2139 1490 2176 trans
1513 2135 1623 2176 Rhe·
1677 2150 1703 2176 p·
1722 2141 1772 2168 436

178 2206 279 2234 num
302 2197 441 2234 castra
462 2198 699 2249 receperat3
731 2194 912 2249 ideoque
943 2193 995 2235 ab
1027 2193 1191 2235 aduene
1224 2192 1356 2234 hostis
1380 2207 1620 2247 congressu,

178 2249 352 2305 perinde
394 2264 443 2292 ac
481 2252 601 2293 fluuii
643 2253 874 2294 intersticio
919 2252 1102 2303 uetitus,
1148 2250 1424 2305 temperabat.
1487 2250 1620 2298 Quem

109 2319 146 2347 35
177 2321 272 2349 cum
307 2309 360 2350 ob
392 2323 459 2350 res
494 2309 649 2351 Getrici
683 2310 1015 2366 comprimendas
1046 2310 1199 2351 iterato
1237 2314 1495 2351 transmeare
1525 2321 1619 2362 pro·

172 2370 381 2422 poneret,
420 2381 445 2408 a
475 2367 622 2409 Leone
652 2368 945 2410 Romanorum
987 2366 1186 2423 pontifice
1229 2367 1269 2407 in
1318 2367 1432 2408 urbis
1465 2364 1616 2407 tuende

178 2424 408 2479 presidium
453 2427 706 2479 accersitus,
752 2426 949 2468 mandato
992 2425 1153 2480 paruit,
1198 2424 1283 2466 filio
1330 2439 1430 2466 uero
1470 2423 1617 2475 Pipino

179 2482 355 2537 gerendi
376 2482 605 2525 aduersum
629 2484 846 2526 Gotricum
880 2483 975 2524 belli
1007 2486 1148 2537 partes
1181 2483 1400 2532 commisit,
1430 2484 1487 2533 ut,
1519 2479 1616 2520 dum

177 2540 267 2595 ipsc
299 2540 339 2581 in
371 2541 644 2596 longinquum
678 2541 843 2584 hostem
873 2545 1034 2595 ageret,
1064 2540 1132 2582 hic
1163 2544 1307 2591 contra
1327 2539 1506 2581 uicinum
1529 2550 1617 2577 sus-

110 2611 147 2640 40
178 2604 349 2655 ceptum
391 2612 534 2654 pugne
577 2600 800 2655 negocium
832 2603 1089 2655 procuraret.
1139 2598 1375 2655 Oportebat
1405 2596 1526 2648 enim,
1557 2599 1617 2647 ut,
