1884 3126
246 214 301 256 40
835 212 1101 256 -II—

248 338 359 381 tibus
410 338 608 394 occupari
658 342 825 395 posset,
876 339 1082 382 intactum
1132 339 1404 394 relinqueret.
1483 338 1688 381 Maiorem

246 395 400 439 deinde
452 396 668 452 copiarum
717 400 881 452 partem
931 395 1168 439 indubitate
1211 396 1416 438 firmitatis
1461 397 1686 452 municipio

247 454 508 509 complexus,
530 455 583 496 ab
604 454 729 497 hoste
749 469 794 497 se
819 454 1093 497 circunsideri
1114 455 1329 510 permittit.
1375 454 1505 496 Cuius
1527 454 1685 496 Frotho

249 512 522 568 oppugnandi
562 512 800 555 diffidencia
840 512 1089 566 concitatus,
1133 512 1368 567 complures
1391 513 1561 554 insolite
1592 526 1688 568 pro-

197 581 215 609 5
245 569 468 612 funditatis
497 569 630 613 fossas
662 571 774 612 intra
806 574 943 612 castra
973 570 1093 624 fieri,
1130 570 1395 625 latenterque
1436 584 1512 625 per
1543 570 1687 613 corbes

245 628 420 669 humum
452 629 590 682 egeri,
623 632 665 670 et
694 628 737 670 in
767 628 945 669 fluuium
987 627 1178 670 menibus
1220 626 1518 684 propinlquum
1561 628 1686 671 tacite
1708 644 1736 668 p·
1757 636 1790 662 65

245 685 378 729 disiici
419 685 556 727 iussit.
610 685 746 734 Quem
779 685 923 728 dolum
969 686 1116 728 crebro
1150 686 1307 742 cespite
1336 685 1458 728 fossis
1489 685 1688 741 superad-

230 742 346 795 dito,
379 743 673 785 occultandum
695 744 870 795 curauit,
900 744 1115 785 incautum
1145 743 1313 786 hostem
1344 742 1567 799 precipicio
1591 757 1689 786 con-

245 805 503 857 sumpturus,
546 800 823 856 futurumque
852 805 991 853 ratus,
1024 805 1072 843 ut
1103 802 1272 856 ignaros
1303 801 1532 845 desidentis
1562 801 1687 856 glebe

179 869 214 898 10
242 859 385 914 lapsus
416 858 626 902 obrueret.
686 859 793 901 Post
822 858 900 900 hec
931 859 1125 901 simulato
1157 864 1273 902 metu
1306 863 1442 901 castra
1471 860 1689 915 paulisper

246 917 444 960 deserere
477 917 603 971 cepit.
666 916 830 965 Quibus
871 917 1135 959 imminentes
1174 917 1408 973 oppidanos
1447 918 1689 974 passimque

244 975 373 1017 elusis
406 974 595 1030 uestigiis
627 975 671 1016 in
699 974 847 1018 foueas
870 975 1123 1030 prouolutos
1144 975 1316 1031 ingestis
1339 975 1519 1031 desuper
1539 976 1687 1019 iaculis

244 1032 491 1076 trucidauit.

379 1090 486 1132 Inde
505 1090 721 1146 profectus
744 1090 787 1132 in
811 1089 1081 1133 Trannonem
1102 1091 1272 1134 Rutene
1293 1091 1431 1146 gentis
1462 1096 1688 1147 tyrannum

157 1159 210 1187 -15
238 1147 404 1200 incidit3
439 1149 559 1190 cuius
589 1148 820 1190 maritimas
849 1149 992 1204 copias
1014 1149 1320 1204 speculaturus,
1352 1149 1521 1191 crebros
1542 1149 1686 1191 clauos

244 1220 297 1249 ex
318 1205 501 1248 fustibus
523 1210 653 1258 creat⁷
683 1205 916 1262 iisdemque
947 1207 1147 1249 carabum
1170 1210 1330 1249 onerat.
1374 1207 1468 1255 Quo
1492 1207 1688 1249 hostilem

241 1268 371 1306 noctu
412 1265 590 1306 classem
632 1264 824 1315 subiens,
869 1264 974 1307 imas
1022 1265 1290 1320 nauigiorum
1334 1268 1478 1320 partes
1519 1265 1687 1308 terebro

242 1322 418 1365 sauciat.
465 1322 560 1370 Que
580 1336 634 1364 ne
655 1322 921 1378 repentinum
953 1323 1161 1364 undarum
1192 1327 1440 1379 paterentur
1459 1323 1688 1376 incursum,

242 1380 440 1435 patencia
485 1379 741 1422 foraminum
784 1380 880 1422 loca
924 1380 1106 1435 prouisis
1151 1386 1277 1423 antea
1323 1380 1453 1423 clauis
1498 1380 1688 1434 obstruit,

173 1447 210 1475 20
241 1437 486 1494 terebrique
527 1437 729 1480 damnum
773 1438 984 1494 stipitibus
1015 1443 1181 1494 pensat.
1243 1438 1301 1481 At
1330 1438 1404 1481 ubi
1433 1438 1689 1481 foraminum

241 1496 408 1550 copiam
439 1495 669 1551 mergende
703 1496 826 1538 classi
857 1496 1052 1539 sufficere
1093 1495 1290 1550 credidit,
1334 1496 1514 1552 demptis
1546 1497 1686 1540 obsta-

241 1554 347 1595 culis
368 1558 609 1609 promptum
632 1554 750 1610 aquis
772 1554 934 1596 aditum
954 1554 1169 1610 patefecit,
1200 1554 1483 1610 hostilemque
1511 1555 1687 1598 classem

241 1625 319 1653 sua
350 1611 670 1654 circunfundere
700 1612 958 1668 properauit.
997 1612 1182 1668 Ancipiti
1212 1613 1402 1668 periculo
1425 1612 1686 1655 circunuenti

239 1669 414 1724 Ruteni,
446 1670 571 1711 armis
603 1671 721 1726 prius
752 1684 804 1713 an
839 1669 961 1713 undis
994 1670 1251 1725 resisterent,
1280 1670 1532 1713 hesitabant.
1569 1670 1685 1713 Nau-

171 1736 209 1765 25
238 1726 375 1783 fragio
405 1703 609 1783 pereunt,
649 1727 749 1770 dum
781 1728 1000 1784 nauigium
1032 1728 1086 1770 ab
1115 1727 1237 1771 hoste
1268 1728 1484 1771 uindicare
1514 1732 1686 1771 conten-

240 1784 360 1828 dunt.
402 1785 625 1828 Internum
646 1786 870 1830 discrimen
892 1790 1071 1828 externo
1093 1787 1277 1829 atrocius
1310 1790 1422 1839 erat;
1454 1785 1554 1828 dum
1584 1786 1686 1830 foris

240 1842 400 1885 ferrum
432 1843 660 1899 stringunt,
706 1844 820 1887 intus
866 1845 1064 1887 fluctibus
1103 1843 1273 1887 cedunt.
1333 1843 1441 1886 Bina
1481 1845 1604 1887 simul
1643 1845 1686 1887 in

241 1900 419 1944 miseros
468 1902 662 1957 pericula
711 1902 1031 1958 grassabantur.
1090 1902 1302 1945 Incertum
1351 1905 1463 1954 erat,
1510 1902 1686 1945 celerius

241 1958 383 2001 nando
417 1960 530 2001 salus
563 1974 617 2002 an
649 1960 886 2002 dimicando
918 1963 1149 2016 peteretur.
1210 1959 1396 2002 Medium
1425 1974 1567 2016 pugne
1598 1975 1686 2003 cer-

174 2026 212 2055 30
241 2021 386 2060 tamen
415 2031 530 2059 noua
561 2017 640 2059 fati
670 2018 836 2060 diremit
867 2019 1045 2061 occasio.
1088 2018 1265 2060 Gemine
1295 2021 1452 2060 mortes
1473 2032 1559 2060 uno
1580 2018 1685 2061 fere-

242 2075 397 2117 bantur
417 2075 604 2128 incessu3
639 2075 721 2118 due
751 2076 827 2119 leti
857 2077 926 2118 uie
957 2076 1117 2119 socium
1148 2089 1273 2131 egere
1303 2077 1552 2131 periculum.
1583 2076 1685 2119 Am-

241 2132 417 2189 biguum
459 2137 571 2185 erat,
609 2134 770 2177 ferrum
812 2135 944 2190 magis
975 2148 1028 2176 an
1059 2134 1216 2177 fretum
1247 2133 1449 2177 afficeret.
1512 2134 1684 2177 Gladios

241 2191 566 2247 propulsantem
585 2192 738 2235 tacitus
756 2189 762 2248 Ι
780 2193 986 2235 fluctuum
1007 2192 1192 2247 allapsus
1215 2192 1405 2247 excepit3
1429 2207 1452 2235 e
1475 2193 1682 2235 contrario
1702 2213 1733 2238 p.
1751 2204 1784 2231 66

242 2248 441 2292 fluctibus
464 2249 708 2293 obuiantem
731 2251 882 2293 obuius
899 2250 1010 2293 ensis
1027 2249 1246 2306 implicuit.
1282 2249 1505 2306 Aquarum
1521 2251 1682 2294 eluuies

176 2316 213 2345 35
244 2306 403 2350 cruoris
434 2308 656 2364 aspergine
685 2308 920 2351 sedabatur.

382 2364 517 2407 Victis
547 2366 693 2421 itaque
722 2365 916 2420 Rutenis,
946 2366 1083 2421 patria
1112 2365 1321 2408 Frothoni
1349 2366 1567 2423 repetitur.
1600 2366 1683 2414 Qui

246 2437 342 2465 cum
370 2423 566 2479 legatos
555 2438 599 2467 m
618 2424 820 2466 Rusciam
850 2423 1052 2479 exigendi
1081 2423 1228 2466 tributi
1256 2422 1396 2466 studio
1426 2424 1591 2478 missos,
1621 2424 1683 2465 in-

246 2481 434 2524 colarum
463 2481 652 2538 perfidia,
683 2482 814 2524 atroci
844 2482 992 2524 mortis
1022 2495 1180 2537 genere
1203 2486 1476 2537 consumptos
1497 2481 1682 2524 animad-

245 2542 459 2594 uerteret,
502 2538 658 2595 duplici
697 2539 848 2582 iniuria
879 2544 1117 2596 permotus,
1157 2539 1305 2582 urbem
1335 2538 1536 2582 Rotalam
1566 2543 1682 2581 arcta

177 2605 216 2635 40
244 2596 298 2639 ad
320 2596 493 2640 modum
524 2591 742 2640 obsidione
773 2597 1052 2654 persequitur.
1095 2597 1191 2646 Qua
1221 2611 1273 2640 ne
1307 2597 1424 2639 fluuii
1454 2597 1682 2640 intersticio
