1884 3126
686 252 735 258 -—
799 230 892 273 IIII
952 255 1005 261 —-
1418 237 1425 244 ‘
1487 233 1565 273 105

125 357 313 414 speciem
345 358 542 399 exanima
573 357 786 399 sociorum
819 373 1011 414 corpora,
1041 360 1196 414 partim
1227 360 1426 401 subiectis
1457 360 1572 415 stipi·
1631 381 1634 385 ’

122 417 236 458 tibus
268 416 388 469 fulta,
420 416 575 472 partim
606 417 851 472 propinquis
886 417 1098 473 lapidibus
1129 418 1284 472 affixa,
1316 418 1398 459 alia
1428 419 1573 459 uiuen-

122 479 211 515 tum
236 489 354 516 more
377 475 494 530 equis
515 475 735 530 imposita,
769 475 884 516 nullo
917 490 1131 516 armorum
1163 475 1365 530 detracto,
1398 476 1571 532 perinde

122 547 172 574 ac
194 532 427 588 prelia-tura
450 533 640 603 seriatim
661 533 701 573 in
737 534 873 575 aciem
906 547 1172 588 cuneumque
1204 534 1436 589 digesserit.
1483 533 1571 575 Nec

74 605 89 631 5
123 591 257 632 rarius
304 595 569 632 mortuorum
615 604 747 632 cornu
788 598 903 645 erat,
951 606 1078 647 quam
1117 593 1358 633 uiuencium
1403 592 1569 647 globus.

123 649 343 704 Stupenda
376 649 586 704 siquidem
616 648 687 689 illa
719 649 850 692 facies
885 657 998 703 erat,
1043 664 1137 691 cum
1175 651 1354 691 extincti
1375 665 1571 706 raperen-

122 712 190 748 tur
212 707 264 748 ad
287 707 434 762 prelia,
466 704 668 762 delfuncti
699 707 931 750 decernere
963 713 1228 762 cogerentur.
1276 708 1368 756 Que
1401 723 1466 749 res
1497 723 1568 748 au-
1626 724 1641 746 ι1
1674 715 1721 740 ¹00

123 766 228 807 ctori
273 766 413 807 ociosa
454 779 539 806 non
581 764 714 818 *fuit‚
766 781 861 807 cum
915 767 1003 821 ipse
1041 766 1324 808 extinctorum
1364 767 1567 820 imagines
1605 771 1751 800 XXXHb

122 823 426 866 lacessentibus
460 824 562 865 solis
594 824 721 865 radiis
754 825 949 865 immensi
981 825 1159 879 agminis
1191 825 1375 880 speciem
1412 825 1571 866 darent.

56 894 90 921 10
122 882 189 924 Ita
221 882 334 924 enim
366 882 508 923 inania
537 882 610 923 illa
641 881 938 924 defunctorum
970 882 1194 925 simulacra
1225 883 1447 938 pristinum
1468 883 1573 923 mili-

124 946 213 982 tum
236 953 460 981 numerum
481 940 738 994 referebant,
772 945 818 981 ut
843 941 949 982 nihil
973 955 1028 983 ex
1052 955 1199 982 eorum
1221 954 1355 994 grege
1378 941 1573 982 hesterna

123 1003 265 1053 strage
289 999 303 1050 [l
326 998 582 1040 diminutum
613 1003 799 1054 putares
863 998 957 1047 Quo
1004 1005 1179 1054 aspectu
1211 1000 1345 1041 territi
1384 999 1574 1040 Britanni
1647 1003 1715 1037 (59)

122 1071 310 1113 pugnam
341 1071 590 1112 precurrere
622 1057 752 1112 fuga,
796 1072 819 1098 a
851 1058 1028 1099 mortuis
1060 1058 1269 1112 superati,
1316 1071 1420 1112 quos
1452 1058 1573 1098 uiuos

125 1120 438 1171 oppresserant.
516 1115 609 1164 Que
655 1116 835 1165 uictoria
881 1116 1022 1157 nescio
1072 1115 1262 1157 callidior
1317 1130 1369 1156 an
1414 1116 1574 1156 felicior

54 1187 90 1213 15
124 1173 406 1216 existimanda
434 1174 499 1215 sit.
542 1174 637 1215 Rex
671 1174 772 1215 (lum
804 1175 975 1228 segnius
1008 1172 1154 1229 fugam
1185 1174 1378 1227 intendit,
1412 1174 1466 1214 ab
1497 1174 1574 1214 im-

123 1231 380 1273 minentibus
426 1233 648 1287 perimitur
694 1232 841 1273 Danis.
918 1231 1067 1273 Victor
1113 1232 1379 1285 Amlethus,
1416 1232 1573 1286 ingenti

122 1290 254 1346 preda
295 1293 409 1340 acta,
452 1291 751 1345 conuulsisque
783 1290 1003 1332 Britannie
1044 1291 1212 1346 spoliis,
1256 1291 1437 1346 patriam
1477 1304 1572 1331 cum

122 1348 372 1403 coniugibus
399 1349 520 1404 petit.

264 1407 456 1460 Interea,
498 1406 694 1448 defuncto
725 1406 901 1460 Rorico,
933 1407 1131 1462 Vigletus
1171 1420 1349 1462 regnum
1381 1407 1573 1462 adeptus,

50 1478 89 1508 20
121 1464 313 1507 Amlethi
354 1469 536 1507 matrem
575 1465 689 1507 omni
733 1466 974 1520 petulancie
1006 1479 1160 1520 genere
1192 1465 1413 1520 fatigatam
1446 1465 1573 1519 regiis

122 1523 273 1579 opibus
304 1524 611 1577 uacuefecerat,
645 1523 778 1564 filium
808 1525 914 1576 eius,
945 1523 1141 1564 fraudato
1174 1523 1429 1565 Lethrarum
1462 1537 1573 1577 rege,

122 1581 185 1623 cui
209 1581 465 1636 dignitatum·
486 1581 726 1623 iura'dandi
746 1582 1009 1637 tollendique
1027 1583 1091 1622 ius
1115 1586 1238 1634 esset,
1261 1581 1371 1622 Iutie
1395 1596 1572 1635 regnum

124 1654 353 1695 occupasse
393 1645 664 1696 conquestus.
729 1640 867 1688 Quam
908 1654 999 1681 rem
1030 1640 1255 1681 Amlethus
1295 1643 1413 1680 tanta
1445 1639 1570 1681 animi

123 1697 419 1740 moderacione
461 1699 643 1754 excepit,
685 1702 753 1745 ut,
787 1698 959 1751 Vigleto
1004 1697 1371 1753 splendidissimis·
1398 1697 1573 1739 uictor-ie

54 1769 91 1795 25
123 1769 198 1797 sue
230 1756 440 1798 manubiis
472 1756 647 1809 donato,
680 1757 934 1797 calumniam
967 1756 1170 1797 beneficio
1201 1756 1435 1811 rependere
1456 1755 1572 1797 uide-

123 1818 251 1856 retur.
316 1814 454 1863 Quem
494 1820 588 1870 post
629 1814 826 1867 modum,
876 1814 1084 1869 exigende
1130 1814 1308 1856 ulcionis
1352 1814 1572 1855 occasione

122 1878 330 1928 suscepta,
364 1873 475 1914 bello
508 1873 752 1915 lacessitum
784 1873 956 1924 deuicit,
989 1876 1117 1928 atque
1149 1886 1203 1913 ex
1236 1873 1401 1914 occulto
1449 1872 1572 1913 hoste

123 1930 370 1972 manifestus
402 1932 552 1973 euasit.
604 1931 835 1972 Fiallerum
866 1931 1016 1972 Scanie
1047 1930 1281 1985 prefectum
1313 1931 1441 1971 exilio
1474 1930 1572 1971 ade-

121 1989 203 2042 git3
246 2003 374 2043 quem
404 1989 458 2030 ad
489 1990 652 2043 locum,
694 1990 759 2031 cui
792 1988 1071 2030 Vndersakre
1107 2003 1263 2030 nomen
1297 1992 1380 2037 est,
1420 1988 1572 2029 nostris

54 2059 90 2086 30
122 2047 318 2100 ignotum
349 2047 531 2103 populis,
570 2048 828 2090 concessisse
863 2053 925 2088 est
957 2047 1082 2088 fama.
1144 2046 1249 2088 Post
1299 2046 1377 2087 hec
1423 2060 1517 2088 cum
1549 2061 1572 2086 a

122 2104 314 2159 Vigleto,
346 2105 499 2147 Seanie
532 2105 831 2161 Sialandieque
864 2105 1024 2146 uiribus
1054 2109 1269 2155 recreato,
1300 2118 1375 2160 per
1405 2104 1573 2159 legatos

122 2163 174 2203 ad
209 2162 367 2204 bellum
397 2168 716 2218 prouocaretur,
749 2164 924 2205 mirifica
951 2162 1077 2204 animi
1109 2162 1316 2204 industria
1340 2161 1443 2204 duas
1467 2162 1573 2204 circa

122 2236 169 2263 se
203 2235 292 2274 res,
335 2235 515 2276 quarum
554 2222 675 2263 alteri
716 2221 941 2278 probrum,
986 2221 1107 2263 alteri
1139 2221 1372 2277 periculum
1402 2220 1572 2272 inesset,

122 2279 317 2320 fluctuari
354 2280 553 2334 peruidit.
615 2279 784 2322 Sciebat
816 2281 972 2336 quippe
997 2279 1111 2330 sibi,
1153 2280 1188 2320 si
1217 2279 1572 2335 prouocaeionem

55 2350 91 2377 35
122 2341 382 2393 sequeretur,
414 2338 635 2379 imminere
666 2339 752 2380 uite
785 2338 1040 2394 periculum,
1083 2337 1116 2378 si
1147 2337 1382 2391 refugeret,
1414 2338 1570 2379 instare

123 2395 274 2437 milicie
317 2395 532 2450 probrum.
593 2395 936 2451 Preponderauit
977 2399 1117 2437 tamen
1163 2395 1203 2437 in
1237 2396 1570 2451 contemplatore

122 2453 328 2495 uirtutum
368 2454 509 2495 animo
551 2455 761 2496 seruande
810 2453 1044 2496 honestatis
1085 2452 1237 2509 cupido
1266 2487 1277 2508 ,
1321 2453 1570 2509 obtuditque

125 2511 253 2552 cladis
297 2510 565 2553 formidinem
609 2512 839 2567 impensior
884 2511 1022 2553 laudis
1063 2511 1269 2564 auiditas,
1316 2525 1368 2552 ne
1411 2511 1568 2554 solidus

123 2569 259 2622 glorie
296 2569 438 2624 fulgor
483 2570 735 2613 meticulosa
765 2570 839 2611 fati
871 2568 1159 2611 declinacione
1187 2569 1192 2622 Ι
1221 2574 1568 2625 corrumperetur.
1624 2575 1717 2610 p,1⁴51

56 2641 95 2670 40
124 2627 507 2671 Animaduertebat
539 2642 728 2688 quoque,
771 2633 936 2671 tantum
969 2640 1077 2684 pene
1108 2627 1218 2672 inter
1248 2627 1476 2682 ignobilem
1509 2626 1569 2669 ui-
