1884 3126
43 880 80 908 10

45 1171 79 1198 15

43 1461 80 1489 20

41 1750 78 1777 25

41 2039 78 2067 30

41 2328 79 2357 35

44 2617 80 2646 40

646 238 699 243 —
762 213 901 255 XHH
962 239 1016 246 ——-
1476 217 1560 258 573

117 340 453 397 oppugnacionis
478 354 603 396 quam
625 339 706 382 illis
724 339 981 383 defensionis
1000 341 1350 397 impedimentum
1366 343 1558 398 ingerere

112 400 322 441 uideatur.
384 398 587 440 Preterea
619 398 651 439 si
673 398 938 441 incolumitas
960 399 1286 442 Arkonensibus
1318 405 1559 456 negaretur,

112 457 219 511 fore,
253 463 299 498 ut
333 461 471 498 cetere
502 456 797 521 Rugianorum
830 457 970 509 urbes,
1003 459 1255 500 necessitate
1284 459 1326 500 in
1360 460 1557 500 uirtutem

114 529 333 582 conuersa,
366 515 446 555 hoc
477 514 635 566 awciius,
669 529 756 579 quo
786 514 1080 570 desperacius,
1113 517 1379 559 rebellarent.
1441 518 1559 566 Quos

112 574 145 616 si
178 575 219 614 in
250 573 376 614 fidem
408 573 538 627 recipi
572 572 889 627 comperissent,
922 574 1044 614 facile
1078 574 1222 616 eodem
1264 577 1461 631 exemplo
1493 590 1558 617 sa-

111 632 213 673 lutis
246 631 420 672 consilia
452 629 817 685 circunspicement
881 630 987 672 Cum
1010 645 1109 685 ergo
1134 633 1360 674 multarum
1392 634 1559 675 urbium

113 689 479 745 expugnacionem
522 688 613 729 sola
654 689 931 743 expedicione
973 690 1224 731 concludere
1266 705 1396 746 quam
1435 692 1558 734 unius

114 747 323 789 obsidioni
340 746 598 802 pertinacius
615 746 813 788 inherere
828 748 1092 802 prestancius
1115 747 1306 802 ducatur,
1329 749 1558 792 dedicionis

113 807 260 847 oblata
286 808 291 857 Ι
320 805 460 859 respui
503 819 586 847 non
630 809 841 870 oporteie.
904 804 976 846 Sin
1011 807 1162 848 ceteris
1196 821 1317 848 secus
1350 808 1559 860 uideatur,

111 864 340 905 inuiolatos
384 861 552 904 obsides
600 863 707 903 mitti
754 862 932 916 debere,
975 877 1028 904 ne
1070 878 1220 919 parum
1260 879 1435 920 syncera
1475 867 1559 907 fide

112 936 207 964 cum
240 922 298 962 eis
330 926 474 962 actum
508 920 739 962 existimari
778 927 946 975 posset,
988 928 1062 963 aut
1101 924 1238 976 gentis
1280 930 1425 965 nostre
1464 938 1559 979 pro-

111 979 303 1021 missioni
345 983 490 1044 preter
532 979 698 1020 solitum
746 979 830 1019 ulla
876 979 1126 1021 lubricitatis
1167 980 1284 1022 labes
1325 982 1559 1024 accederet.

111 1038 238 1080 Hanc
270 1036 529 1079 sentenciam
561 1037 775 1077 maximus
818 1036 1016 1092 pontifex
1047 1037 1234 1080 Eskillus
1266 1041 1560 1081 consentaneis

112 1095 323 1148 suffragiis
344 1094 547 1136 fraudare
571 1109 719 1150 passus
742 1108 825 1136 non
850 1100 924 1147 est,
949 1095 1140 1149 dicendo,
1164 1096 1329 1152 plebem
1351 1098 1558 1153 patribus,

111 1168 196 1195 non
242 1152 357 1210 plebi
398 1157 539 1208 patres
589 1153 886 1208 obtemptu-'aie
934 1154 1113 1208 debeie,
1161 1169 1299 1210 mque
1347 1170 1421 1211 par
1469 1170 1560 1197 esse

113 1213 294 1254 maiores
317 1209 555 1253 minoxum*
579 1210 751 1252 arbitrio
775 1226 821 1252 c(
816 1211 940 1253 deine
992 1211 1074 1259 Qui
1097 1217 1236 1254 autem
1262 1215 1558 1268 optabiliorem

110 1271 337 1312 uic-tmiam
380 1269 540 1324 acquiri
584 1284 735 1324 posse,
780 1284 906 1335 quam
939 1270 1077 1311 aliene
1108 1271 1322 1325 religionis
1356 1273 1558 1330 populum

110 1343 192 1371 non
225 1329 360 1369 solum
402 1328 598 1378 tributis,
639 1342 789 1368 uerum
833 1329 964 1369 eciam
1013 1327 1260 1370 Christianis
1301 1331 1429 1371 sacris
1460 1331 1558 1371 sub-

110 1388 271 1429 iectum
315 1384 512 1427 efficere?
583 1360 666 1427 'Sed
712 1386 843 1427 eciam
883 1387 1027 1441 pocius
1067 1386 1382 1429 Arlonensium
1430 1401 1559 1442 opera

112 1445 339 1485 aduersum
373 1444 559 1499 reliquos
591 1442 732 1485 hostes
764 1446 993 1493 utendum,
1039 1458 1163 1499 quam
1196 1445 1369 1487 cedibus
1401 1446 1560 1487 inhian-

112 1503 211 1544 dum
255 1502 483 1554 moncbatg
527 1502 694 1557 quipj'pe
735 1502 963 1556 subiugare
1006 1502 1194 1554 hostem,
1237 1518 1362 1559 quam
1394 1518 1559 1556 necare,

110 1567 231 1603 tanto
263 1560 528 1614 prestancius
561 1573 666 1613 esse,
701 1564 905 1615 quantum
931 1561 1068 1626 pietas
1090 1575 1114 1602 a
1137 1562 1366 1603 seueritate
1399 1562 1558 1603 distare

110 1619 396 1674 cognoscitur.
469 1618 649 1672 Insuper
692 1620 908 1673 aliquanto
956 1619 1091 1659 sacius
1139 1620 1230 1660 fore
1281 1620 1558 1686 complurium

111 1676 397 1718 municionum
442 1674 625 1731 presidia
666 1677 826 1731 pariter
868 1691 1097 1732 occupate,
1131 1692 1255 1733 quam
1294 1679 1417 1718 unius
1450 1678 1560 1719 obsi-

110 1735 278 1776 dionem
312 1735 499 1775 omnium
533 1735 845 1789 expugnacioni
888 1749 1137 1790 preponere.
1202 1736 1262 1776 Ea
1305 1737 1557 1777 monitorum

110 1795 282 1835 racione
314 1797 533 1848 permotos
564 1793 776 1847 principes
818 1799 904 1833 tam
937 1807 1011 1834 sue
1044 1807 1167 1847 quam
1200 1794 1427 1835 Absalonis
1466 1808 1558 1834 sen·

110 1852 249 1892 tcncie
299 1864 547 1893 assensores
593 1850 741 1891 effecit.
815 1851 909 1892 Rex
955 1865 1148 1906 quoque,
1198 1852 1348 1892 codem
1397 1852 1559 1892 consilii

111 1910 260 1964 uigore
307 1910 522 1961 firmatus,
564 1909 738 1950 infestas
780 1910 925 1964 populi
976 1923 1103 1950 uoces
1152 1910 1302 1950 clausis
1343 1910 1558 1964 paciencia

111 1969 284 2009 auribus
317 1967 492 2022 respuit.
556 1967 718 2014 Quibus
751 1967 802 2007 ad
837 1967 1018 2008 curanda
1045 1981 1222 2022 corpora
1256 1968 1448 2018 dimissis,
1474 1968 1559 2008 Ab·

111 2026 247 2078 salon,
267 2025 631 2080 suscipiendorum
657 2024 849 2066 obsidum
874 2026 1119 2067 mandatum
1147 2026 1382 2080 amplexus,
1404 2027 1557 2080 partim

109 2084 341 2125 liberorum
374 2084 554 2138 pignora
585 2083 829 2137 recipiebat,
861 2084 1010 2139 partim
1040 2088 1236 2138 parentes
1267 2085 1306 2124 in
1331 2083 1557 2125 crastinum

109 2156 242 2196 usque
274 2156 349 2195 pro
386 2141 527 2182 liberis
560 2141 825 2183 almittebat.
879 2141 1036 2183 Eodem
1071 2143 1263 2197 proxime
1297 2142 1431 2182 noctis
1454 2142 1558 2182 hora

111 2200 318 2241 concubia
351 2199 538 2254 quietem
571 2200 781 2253 capiente
813 2201 963 2252 ingens
989 2200 1153 2240 bar-bari
1179 2201 1336 2240 clamor
1358 2200 1556 2252 insonuit,

111 2257 387 2307 Guthslzalki,
420 2270 503 2312 quo
537 2256 728 2299 Absalon
751 2242 867 2311 apud
889 2257 1063 2298 Sclauos
1087 2258 1318 2312 interprete
1344 2257 1555 2310 umbi-‚itm

111 2315 275 2369 copiam
308 2315 555 2369 flagitantis.
620 2315 702 2362 Qui
749 2315 827 2355 hac
866 2329 972 2357 uoce
1014 2316 1200 2368 excitus,
1234 2315 1432 2369 quidnam
1466 2315 1558 2356 bar-

111 2374 239 2415 barus
281 2372 475 2423 afferret,
515 2378 662 2413 mutuo
706 2374 887 2414 clamore
927 2374 1142 2428 perquirit.
1206 2373 1307 2424 llle,
1338 2373 1555 2428 postulato

110 2430 337 2472 Absalonis
370 2430 500 2483 aditu,
537 2431 707 2486 propius
731 2431 930 2472 accedere
952 2432 1196 2485 permissuS,
1231 2445 1413 2485 eumque
1437 2435 1557 2472 extra

110 2489 342 2530 tentorium
383 2488 433 2528 ad
478 2502 523 2529 se
564 2502 835 2544 progressum
878 2503 954 2542 per
995 2490 1266 2542 interpretem
1299 2488 1556 2543 alloquutus,

111 2547 342 2601 impensius
384 2560 506 2589 orare
549 2547 684 2601 cepit,
727 2547 992 2601 permitteret
1034 2547 1113 2587 sibi
1136 2545 1387 2595 vKar-eminis
1421 2546 1557 2588 Arko-

109 2605 302 2646 nensium
335 2604 506 2646 fortune
537 2606 739 2645 nuncium
771 2605 935 2660 afferre,
967 2605 1227 2659 hortarique,
1260 2610 1319 2659 ut,
1351 2604 1556 2646 similibus

1617 823 1642 847 p.
1664 814 1715 841 836

1596 1217 1749 1245 CLXle

1621 1511 1714 1544 (δ’-’.51
