1884 3126
110 895 146 921 10

111 1185 148 1212 15

110 1473 147 1500 ⁸20

110 1764 147 1791 25

113 2035 161 2079 30v

745 247 798 253 ·—
859 221 947 264 VII
1006 247 1059 255 —-
1544 231 1625 272 243

177 352 268 396 Nec
299 352 467 408 generis
503 352 805 395 obscuritatem
837 353 1117 408 exprobrasse
1150 359 1360 409 contenta,
1392 357 1523 399 eciam
1546 359 1626 401 oris

178 411 496 453 deformitatem
539 411 812 466 improperat.
876 411 1097 455 Haldanus
1140 415 1351 468 geminum
1384 415 1437 456 ab
1469 429 1519 456 ea
1549 418 1625 458 sibi

177 470 332 511 uicium
367 469 568 510 obiectari
603 469 846 517 subiunxit,
888 484 1038 523 unum,
1083 472 1196 526 quod
1243 473 1447 528 sanguine
1478 488 1626 529 parum

177 529 348 581 niteret,
381 528 578 581 alterum,
612 526 723 582 quod
755 526 895 568 rimosi
927 528 1008 568 oris
1039 528 1245 570 iacturam
1276 531 1492 586 inexpleta
1523 532 1626 573 cica-

177 588 281 628 trice
315 585 546 641 preferret3
577 585 761 640 ideoque
792 599 875 625 non
897 586 1012 640 prius
1035 600 1078 627 sc
1101 588 1349 641 postulando
1373 589 1462 630 eius
1486 590 1626 644 gracia

179 644 433 696 rediturum,
481 657 606 698 quam
651 649 862 698 utranque
910 648 1052 684 notam
1099 650 1220 699 parta
1264 647 1387 687 armis
1435 647 1626 689 claritate

180 703 380 744 tersisset.
444 700 650 743 Obsecrat
682 715 865 756 quoque,
899 702 1019 743 necui
1054 702 1163 744 thori
1189 704 1502 745 conniuenciam
1534 720 1626 761 pre-

181 762 313 805 beret,
345 764 576 815 antequam
614 759 775 800 reditus
807 759 1053 801 interitusue
1077 761 1139 802 sui
1162 762 1450 803 certitudinem
1472 764 1624 804 nuncio

181 819 468 872 cognouisset.
512 819 650 866 Quem
682 817 854 869 athlete,
886 817 1013 859 fratre
1036 818 1280 874 iampridem
1305 820 1356 861 ab
1379 834 1427 862 eo
1449 821 1626 875 spoliati,

177 877 359 919 Gurithe
390 877 583 918 locutum
615 875 786 930 indigne
818 876 1018 929 ferentes,
1057 876 1340 919 discedentem
1374 879 1488 933 equis
1519 880 1626 920 inse-

180 935 282 976 ctari
317 939 535 976 conantur.
598 934 692 982 Quo
735 934 851 986 uiso,
895 935 1191 976 commilitibus
1234 935 1438 976 latebram
1480 940 1626 991 petere

178 993 324 1046 iussis,
365 1007 409 1034 se
451 993 588 1034 solum
636 993 801 1047 pugiles
849 997 1124 1047 excepturum
1171 993 1349 1035 dicebat.
1413 993 1626 1036 Morantes

180 1052 362 1093 asseclas
384 1051 649 1105 imperioque
674 1050 848 1105 obsequi
874 1049 1063 1092 deforme
1097 1050 1296 1093 ducentes
1329 1052 1449 1092 minis
1481 1051 1625 1106 abigit,

182 1109 384 1164 prefatus.
407 1124 492 1150 non
515 1112 827 1163 comperturam
846 1107 1080 1159 Guritham,
1095 1123 1286 1164 pugnam
1305 1124 1329 1149 a
1347 1124 1390 1150 se
1406 1109 1627 1151 formidine

180 1167 416 1209 detrectari.
480 1166 584 1208 Mox
625 1180 782 1221 quercu
824 1166 986 1208 succisa
1028 1172 1154 1222 atque
1195 1167 1236 1208 in
1276 1167 1394 1208 clauc
1438 1168 1626 1208 habitum

179 1225 366 1277 redacta,
399 1227 513 1267 solus
546 1239 640 1266 cum
674 1224 791 1266 ‚XIL
822 1239 993 1265 manum
1025 1225 1251 1278 conseruit,
1288 1224 1446 1280 eosque
1480 1226 1627 1279 spiritu

180 1285 397 1338 spoliauit.
461 1283 626 1331 Quibus
670 1283 925 1338 peremptis,
971 1288 1057 1324 tam
1099 1282 1278 1337 preclari
1318 1283 1456 1338 operis
1497 1282 1627 1323 titulis

181 1356 265 1383 non
293 1346 535 1393 contentus,
567 1340 737 1381 maioris
761 1340 913 1382 edendi
937 1341 1077 1393 gracia
1102 1340 1239 1381 auitos
1261 1354 1286 1380 a
1306 1345 1440 1382 matre
1462 1340 1626 1395 gladios

181 1401 354 1455 recepit,
386 1414 569 1455 quorum
592 1399 698 1439 alter
721 1398 972 1453 LyusinguS,
1006 1399 1111 1440 alter
1134 1398 1394 1453 Hwytingus
1428 1398 1481 1439 ob
1514 1398 1626 1439 eolli-

179 1459 280 1499 mati
323 1458 529 1499 acuminis
574 1457 752 1498 nitorem
801 1457 1059 1497 uocabulum
1101 1456 1259 1498 habuit.
1324 1459 1378 1496 At
1417 1456 1489 1496 ubi
1520 1456 1628 1497 inter

182 1516 386 1557 Aluerum
442 1515 587 1557 Suetie
628 1529 771 1569 regem
811 1515 1090 1569 Rutenosque
1133 1514 1287 1555 bellum
1335 1514 1512 1567 flagrare
1560 1527 1626 1554 co-

181 1575 344 1628 gnouit,
376 1589 398 1616 e
430 1574 615 1628 uestigio
638 1573 838 1614 Rusciam
871 1574 990 1627 petit,
1024 1573 1250 1627 oblatoque
1280 1572 1425 1612 incolis
1457 1571 1626 1615 auxilio.

181 1646 345 1673 summa
367 1645 464 1673 cum
497 1632 682 1672 omnium
716 1631 967 1685 dignacione
999 1631 1235 1685 suscipitur.
1279 1629 1363 1670 Sed
1388 1643 1465 1670 nec
1486 1629 1627 1684 procul

181 1689 368 1732 Aluerus
400 1689 605 1744 *agebatg
645 1689 762 1730 breui
793 1690 983 1730 locorum
1015 1689 1189 1729 traiectu
1214 1687 1219 1739 l
1248 1688 1470 1742 paruulam
1501 1687 1625 1728 inter-

181 1753 377 1790 nectente
429 1747 693 1789 distanciam.
769 1746 898 1788 Cuius
951 1747 1070 1788 miles
1117 1744 1392 1797 Hildigerus,
1439 1744 1628 1785 Gunnari

181 1807 313 1859 filius,
351 1807 621 1848 Rutenorum
652 1805 866 1861 pugilibus
901 1804 953 1846 ad
986 1818 1132 1846 secum
1163 1802 1442 1844 dimicandum
1475 1815 1628 1858 prouo-

183 1865 310 1918 catis,
352 1878 446 1905 cum
478 1863 725 1906 Haldanum
767 1863 908 1904 offerri
950 1863 1330 1910 animaduerteret,
1372 1861 1544 1915 eiusque
1584 1875 1628 1900 se

182 1922 357 1963 fratrem
391 1937 481 1964 esse
521 1935 606 1963 non
647 1922 884 1976 ignoraret,
927 1922 1131 1976 pietatem
1170 1919 1403 1960 fortitudini
1443 1917 1628 1973 pretulit,

182 1994 323 2035 seque,
365 1980 634 2036 septuaginta
675 1979 864 2034 pugilum
909 1979 1181 2034 oppressione
1214 1977 1503 2031 conspicuum,
1536 1989 1625 2015 cum

179 2038 347 2080 homine
380 2053 530 2094 parum
553 2042 743 2092 spectato
767 2051 935 2078 manum
961 2040 1251 2078 conserturum
1273 2035 1453 2086 negauit.
1501 2033 1626 2073 lubet

182 2097 325 2151 itaque
369 2111 467 2139 eum
509 2096 719 2137 minorum
763 2110 808 2136 se
850 2109 988 2136 rerum
1033 2092 1332 2148 experimentis
1387 2091 1522 2132 metiri
1579 2104 1626 2131 ae

183 2154 335 2195 deinde
375 2162 484 2210 equa
524 2153 684 2194 uiribus
726 2152 865 2194 studia
909 2152 1154 2193 consectari.
1216 2150 1308 2191 Hec
1339 2154 1483 2190 autem
1505 2147 1519 2201 ll
1542 2161 1624 2189 non

182 2213 352 2254 uirtutis
384 2212 636 2259 diffidencia,
668 2211 741 2252 sed
774 2210 1029 2264 integritatis
1060 2207 1266 2250 seruanda
1298 2207 1437 2260 gracia
1468 2211 1627 2246 astrue-

184 2270 276 2315 bat,
319 2284 414 2312 cum
457 2284 539 2311 non
583 2270 718 2311 solum
759 2269 1006 2310 acerrimus.
1052 2281 1200 2308 uerum
1241 2265 1371 2306 eciam
1402 2262 1627 2305 hebetandi

136 2344 146 2350 ·
174 2328 437 2379 ⁴carminibus
479 2328 576 2369 ferri
619 2327 779 2383 peritus
823 2327 1040 2368 existeret.
1104 2324 1270 2378 Quippe
1311 2336 1404 2363 cum
1444 2322 1497 2362 ab
1539 2321 1627 2361 eius

186 2390 304 2440 patre
346 2400 466 2426 suum
513 2399 759 2441 oppressum
808 2384 1086 2434 meminisset,
1127 2381 1383 2434 affectusque
1425 2379 1627 2433 geminos,

187 2458 316 2485 unum
347 2448 525 2499 paterne
558 2443 749 2494 ulcionis,
786 2442 963 2483 alterum
995 2441 1179 2482 fraterne
1212 2437 1405 2486 caritatis,
1438 2436 1626 2486 haberet,

185 2503 497 2557 prouocacione
531 2502 692 2550 cedere,
725 2515 851 2555 quam
882 2499 1067 2540 maximo
1089 2495 1292 2552 implicari
1313 2495 1470 2535 scelere
1492 2494 1628 2534 sacius

186 2558 319 2601 duxit.
384 2558 516 2601 Cuius
557 2560 650 2600 loeo
699 2557 825 2599 alium
866 2556 1089 2598 Haldanus
1135 2555 1337 2595 athletam
1382 2551 1628 2606 deposcens,

115 2630 153 2658 40
183 2617 418 2659 exhibitum
451 2617 629 2668 iugulat,
660 2629 845 2671 moxque
878 2615 913 2655 ei
948 2614 1078 2656 eciam
1111 2612 1287 2654 hostium
1321 2608 1517 2663 suffragio
1548 2608 1628 2649 uir-

1425 2676 1490 2712 16*

1654 1691 1798 1720 Lxxllb

1682 1735 1710 1760 p.
1731 1727 1782 1754 356

1696 2162 1784 2196 (136)
