1884 3126
40 886 74 913 10

41 1179 73 1206 15

37 1469 74 1495 ‘20

38 1759 76 1786 ‘25

40 2049 77 2077 30

646 244 700 249 —
759 217 898 261 XIIII
959 244 1010 248 —
1473 221 1549 262 561

106 364 308 393 occursus
353 349 627 404 promittitur.
702 348 795 397 Quo
843 363 918 391 rex
967 350 1205 404 legatorum
1252 350 1557 392 adhortacione

103 408 332 464 profectu-s,
354 407 650 449 Guncellinum
675 407 849 448 obuium
872 406 1034 456 babuit,
1057 409 1129 463 qui
1152 409 1229 450 sub
1252 408 1555 464 impedimento

104 467 285 508 aduerse
329 465 574 507 ualitudinis
622 465 738 506 ducis
786 466 1026 507 absent-iam
1075 471 1320 520 excusaret,
1370 481 1556 523 eumque

104 524 217 580 apud
251 523 463 580 Eydoram
498 524 690 565 celeriter
721 523 1006 565 aduenturum
1037 525 1317 578 promitteret.
1369 524 1431 567 Eo
1460 539 1556 567 cum

103 589 280 625 uentum
321 588 454 632 esset,
497 585 539 623 et
579 581 696 623 ducis
737 582 943 637 promissa
986 583 1274 637 complentur,
1320 587 1363 624 et
1403 583 1555 625 milicia

106 642 333 683 aduersum
376 641 552 682 Sclauos
593 639 766 695 paribus
808 640 919 681 uotis
965 640 1211 682 condicitur.
1274 641 1354 683 Sed
1399 656 1448 684 eo
1482 641 1556 683 Di-

105 700 263 741 minum
298 702 494 754 petente,
535 711 611 739 rex
642 697 946 753 Walogostum
980 699 1219 754 profectus,
1257 700 1409 741 omissa
1441 700 1554 741 urbis

107 757 442 815 oppugnacione,
475 756 651 797 finitima
682 771 780 797 rura
813 757 937 797 armis
970 758 1188 812 percurrit.
1251 757 1355 799 Osni
1385 772 1554 814 quoque

108 816 267 872 oppidi,
285 818 381 871 post
398 821 612 857 recentem
631 815 871 856 uastitatem
894 828 1040 868 parum
1058 816 1298 866 reedificati,
1314 816 1554 858 incendium

103 875 241 917 iterat.
314 872 476 914 Eodem
520 873 778 914 uastacionis
820 887 977 927 genere
1021 873 1190 915 diuersa
1234 874 1417 929 regionis
1462 875 1556 916 loca

103 938 323 989 petuntur.
376 932 433 973 At
466 930 622 984 Sclaui,
657 931 753 983 quia
785 931 945 973 uiribus
972 931 1047 972 niti
1069 932 1313 987 nequibant,
1346 937 1556 988 utrunque

105 992 271 1033 hostem
304 1004 373 1031 ere
405 994 535 1044 atque
570 989 786 1030 obsidibus
818 989 1000 1045 placant.

243 1049 348 1090 Post
390 1048 466 1089 hec
507 1062 583 1089 rex
626 1047 724 1089 belli
765 1047 995 1102 Noruagici
1036 1049 1379 1102 meditacionem,
1423 1050 1475 1091 ad
1513 1050 1556 1091 id

104 1122 236 1163 usque
265 1111 432 1161 tempus
453 1106 578 1147 rebus
601 1105 802 1147 Sclauiois
824 1106 1152 1160 interpellatam,
1187 1121 1342 1162 magna
1364 1122 1557 1149 curarum

104 1171 224 1222 parte
255 1165 362 1206 liber
393 1164 642 1219 ingreditur.
695 1164 833 1212 Quam
864 1165 974 1206 ueris
996 1165 1199 1220 principio
1223 1166 1401 1220 copiosis
1423 1166 1557 1221 patrie

104 1225 265 1266 uiribus
306 1227 551 1276 exsecutus,
595 1236 668 1276 per
709 1237 916 1263 summam
950 1222 1221 1265 VVicarorum
1262 1224 1558 1278 dignacionem

105 1297 188 1324 non
221 1281 350 1323 modo
373 1281 530 1322 liberos
559 1279 724 1334 adiltus,
757 1285 868 1322 certe
892 1281 1024 1321 eciam
1048 1282 1156 1323 letos
1180 1284 1374 1323 occursus
1396 1282 1556 1324 habuit.

105 1340 195 1382 Nec
226 1339 377 1392 hostis,
421 1338 493 1380 sed
535 1338 650 1380 ducis
691 1352 809 1379 more
852 1353 1042 1380 sermone
1083 1354 1177 1380 cum
1219 1340 1363 1381 incolis
1401 1340 1557 1393 habito,

106 1398 372 1441 concionibus
405 1411 523 1439 arma
554 1397 746 1438 mutauit.
809 1396 997 1445 Quorum
1030 1397 1319 1439 beniuolencia
1350 1398 1455 1439 adeo
1489 1398 1558 1439 de-

104 1457 305 1505 lectatus,
346 1459 393 1496 ut
434 1455 614 1496 hostium
657 1454 994 1508 obliuisceretur,
1038 1457 1260 1511 ociosaque
1301 1456 1558 1511 procedendi

106 1515 306 1557 tarditate
338 1514 541 1554 eximium
569 1512 760 1568 Erlyngo
793 1513 1176 1555 contrahendarum
1210 1515 1363 1555 uirium
1394 1519 1559 1570 tempus

106 1573 288 1628 reliquit.
350 1571 600 1625 Magnitudo
633 1571 843 1612 exercitus
875 1572 963 1612 eius
995 1572 1099 1613 letos
1126 1572 1389 1613 Wicensium
1420 1572 1558 1613 oculos

106 1632 148 1673 in
171 1645 213 1673 se
236 1630 461 1671 conuertit.·
506 1628 739 1684 Nauigacio
770 1643 936 1684 quoque
959 1630 1047 1670 eius
1070 1633 1201 1684 gratis
1224 1645 1370 1671 eorum
1393 1631 1559 1671 lumini-

107 1689 184 1731 bus
206 1692 376 1743 aspecta
393 1687 499 1728 libei
505 1702 550 1728 os
566 1687 811 1742 impetrauit
829 1701 1041 1729 excursus.
1074 1687 1303 1729 Enimuero
1324 1689 1559 1744 complures

106 1748 149 1789 in
181 1746 411 1801 angustias,
444 1759 519 1801 per
551 1759 654 1811 quas
686 1745 807 1786 classi
829 1745 1015 1786 seriatim
1039 1746 1263 1787 meandum
1287 1751 1388 1795 er,at
1420 1747 1559 1787 multi-

106 1806 262 1847 tudinis
294 1805 382 1845 eius
414 1804 714 1844 ammiracione
746 1817 785 1858 pi
780 1804 961 1851 .,·otracti
996 1818 1076 1859 quo
1108 1805 1265 1845 cercius
1293 1805 1559 1858 niuigiorum

106 1877 329 1905 numerum
345 1859 763 1916 deprehendere<n>t,
783 1875 868 1902 non
885 1852 1077 1910 nocendi
1096 1862 1167 1903 sed
1185 1863 1401 1917 spectandi
1429 1862 1558 1904 auidi-

106 1925 194 1963 tate
237 1920 351 1961 edita
390 1920 481 1960 loca
524 1919 804 1974 complebant.
875 1919 1242 1974 Tunsbergenses,
1290 1935 1370 1976 quo
1411 1921 1559 1962 ceteris

107 1993 253 2034 regem
283 1978 513 2032 impensius
544 1978 751 2030 colerent,
790 1978 942 2019 finibus
974 1978 1058 2019 suis
1090 1984 1312 2033 exceptum
1337 1977 1351 2032 ΙΙ
1374 1978 1554 2019 honora-

107 2038 264 2079 tissime
297 2036 569 2091 processionis
597 2035 733 2076 officio
755 2036 945 2077 uenerati
968 2041 1076 2089 sunt,
1110 2037 1315 2091 religione
1337 2036 1558 2078 seruicium

108 2095 383 2137 cumulantes.
430 2093 609 2148 Erlyngi
630 2094 798 2146 milites,
823 2094 892 2149 qui
914 2095 1172 2149 superiorem
1195 2095 1306 2149 regis
1328 2094 1558 2135 aduentum

107 2152 358 2194 munimenti
403 2151 489 2193 illic
534 2151 601 2192 siti
647 2151 799 2192 fiducia
844 2157 1117 2205 spreuerant,
1173 2158 1410 2207 presentem
1457 2152 1558 2207 fuge

109 2210 394 2253 declinacione
417 2209 637 2250 cauebant.
684 2208 794 2258 Rex,
819 2215 1015 2265 superato
1038 2210 1425 2261 cli110,1collustrate
1444 2210 1559 2265 rupis

109 2282 309 2310 cacumen
336 2266 523 2318 miratus,
545 2267 876 2322 inexpugnabile
898 2268 977 2309 loci
999 2268 1225 2323 presidium
1246 2267 1558 2322 comprobabat,

0 2339 1 2342 ’
42 2336 79 2364 35
111 2327 212 2368 artis
244 2340 346 2381 opus
378 2324 700 2366 transcendente
731 2330 895 2366 natura.
948 2325 1114 2378 Fertur,
1146 2327 1315 2367 interim
1335 2325 1559 2379 Erlingum

42 2630 78 2657 40

110 2384 323 2430 cuiusdam
356 2383 470 2424 sinus
502 2383 732 2436 angustias,
764 2382 981 2424 Danorum
1004 2384 1267 2438 nauigacioni
1289 2389 1558 2450 opportunas,

107 2441 363 2498 prohibendi
404 2440 605 2481 transitus
644 2441 788 2494 gracia
830 2441 985 2482 crebris
1018 2441 1304 2482 machinarum
1338 2441 1559 2482 tormentis

108 2500 306 2548 uallasse‚
339 2498 434 2553 plus
464 2498 651 2538 locorum
685 2497 925 2540 difficultati
957 2513 1081 2554 quam
1115 2499 1291 2556 propriis
1326 2498 1485 2540 uiribus
1516 2499 1558 2540 in

110 2556 356 2613 excipiendo
396 2556 515 2597 hoste
556 2555 848 2598 confidentem
911 2553 1179 2622 Quapiopter
1218 2571 1308 2610 reX,
1349 2556 1560 2598 tarditatis

109 2630 183 2657 sue
223 2613 488 2669 dispendium
530 2620 772 2667 execratus,
813 2619 986 2656 uocatos
1026 2615 1181 2656 amicos
1221 2614 1446 2656 celeritatis
1487 2627 1560 2656 ex-

178 2689 257 2716 Saxo
278 2688 513 2714 Grammaticus.
1375 2683 1421 2719 36

1617 1300 1642 1324 p.
1664 1291 1715 1317 818

1611 1986 1704 2020 (318)
