1884 3126
134 620 150 647 5

120 910 154 939 10

121 1200 155 1228 15

115 1548 154 1576 20

114 1838 151 1866 25

115 2127 152 2154 30

113 2416 150 2444 35

753 275 807 282 -
866 248 955 292 VII
1018 277 1067 284 -
1552 258 1631 299 231

184 391 315 434 quam
348 377 582 420 maximum
617 378 656 420 ei
689 382 989 434 contemptum·
1019 380 1254 423 obscuritas
1296 383 1481 438 peperit,
1519 383 1632 439 quod

183 435 430 479 fortitudine
482 451 644 478 uacuus
698 437 836 478 aliena
896 437 1108 492 probitate
1157 440 1369 481 fortuna-m
1425 441 1633 484 instruere

186 494 418 537 uideretur.
496 495 706 549 Precipue
766 495 943 536 eandem
990 496 1031 537 in
1076 510 1262 538 amorem
1304 498 1498 540 Hakonis
1546 514 1631 541 ma-

183 553 373 607 gnalium
422 552 511 595 cius
556 557 748 608 spectata
794 554 968 594 deflexit
1000 554 1154 609 opinio.
1216 555 1382 611 Quippe
1426 557 1628 599 maiorem

182 610 360 652 forcium
392 625 518 666 quam
549 611 739 653 mollium
772 615 1014 667 respectum
1045 612 1223 667 agebat,
1254 627 1330 655 nec
1361 614 1521 667 forme,
1553 616 1627 657 sed

186 683 363 724 operum
394 669 576 723 insignia
606 669 859 720 mirabatur,
902 670 1060 720 sciens,
1105 685 1226 712 omne
1268 671 1429 714 decoris
1473 673 1630 714 blandi-

186 731 375 769 mentum
407 727 497 769 sola
527 727 695 769 uirtutis
729 727 1001 770 estimacione
1032 728 1284 779 sordescere,
1316 743 1393 771 nec
1425 744 1531 786 equa
1572 731 1630 772 illi

186 786 308 828 lance
341 785 537 828 conferri.
600 785 708 827 Sunt
742 786 855 828 enim
887 786 1053 842 puelle,
1090 801 1169 842 que
1201 787 1346 842 pocius
1386 801 1480 829 ama
1494 792 1629 830 torum

189 844 382 886 claritate
415 858 542 899 quam
583 844 725 899 specie
757 844 1004 899 capiuntur,
1046 858 1254 900 quasque,
1297 859 1379 886 non
1413 846 1518 899 oris,
1557 846 1629 887 sed

187 902 340 944 mentis
386 902 577 944 habitum
630 902 899 956 estimantes,
944 902 982 943 in
1032 903 1241 944 alternum
1287 904 1437 958 copule
1485 908 1633 946 uotum

187 962 303 1003 solus
346 960 475 1001 animi
515 964 737 1016 respectus
780 960 985 1002 accendit.
1053 960 1328 1015 Hagbarthus
1370 975 1490 1015 uero,
1536 976 1629 1003 cum

187 1019 326 1075 Sigari
357 1018 451 1060 filiis
472 1018 659 1060 Daniam
681 1022 841 1074 petens,
873 1019 1104 1074 iisdemque
1127 1019 1283 1073 ignaris
1307 1019 1461 1061 sororis
1485 1034 1630 1062 eorum

187 1077 371 1133 alloquio
419 1078 602 1132 potitus,
655 1076 825 1119 tandem
871 1091 963 1118 eam
1004 1077 1057 1117 ad
1099 1076 1345 1118 clandestini
1386 1078 1630 1119 concubitus

188 1135 513 1192 promissionem
559 1135 642 1177 fide
689 1135 782 1177 sibi'
816 1135 1089 1190 obligandam
1134 1134 1323 1176 adduxit.
1400 1134 1491 1183 Que
1536 1140 1631 1190 post

188 1194 381 1246 modum,
420 1194 533 1235 forte
572 1193 837 1249 pedissequis
877 1193 1060 1247 insignes
1092 1206 1311 1248 procerum
1351 1194 1497 1234 titulos
1538 1208 1631 1235 con-

189 1252 445 1305 ferentibus,
492 1250 750 1307 Hildigisleo
798 1251 1026 1293 Hakonem
1079 1252 1273 1307 pretulit,
1320 1251 1361 1291 in
1407 1251 1478 1292 illo
1529 1251 1631 1292 nihil

189 1314 335 1366 preter
380 1311 565 1365 speciem
611 1309 828 1351 laudabile
874 1309 1070 1363 reperiri,
1122 1310 1162 1351 in
1208 1309 1288 1350 isto
1337 1309 1418 1350 oris
1463 1309 1629 1350 lituram

190 1368 318 1410 animi
348 1369 454 1410 flore
484 1369 654 1424 pensari
686 1372 856 1409 testata.
918 1367 1008 1408 Nec
1039 1381 1135 1408 eum
1166 1366 1341 1421 simplici
1370 1365 1629 1408 laudacionis

189 1441 347 1482 genere
380 1427 586 1470 extulisse
619 1430 828 1477 contenta,
858 1425 931 1467 tali
963 1430 1168 1467 concentu
1201 1440 1277 1466 usa
1307 1425 1576 1480 perhibetur:

324 1542 410 1584 Hic
437 1542 636 1585 candoris
668 1543 792 1598 inops
824 1542 958 1597 prima
989 1541 1202 1596 probitate
1232 1541 1404 1594 relucet,

391 1600 573 1643 Vultum
605 1601 753 1655 uigore
786 1599 983 1641 meciens.

323 1657 433 1700 Nam
465 1660 667 1701 damnum
698 1657 832 1713 rigide
863 1656 1030 1699 redimit
1061 1670 1178 1698 mens
1209 1656 1341 1698 ardua
1371 1655 1519 1710 forme,

390 1717 676 1772 Mendamque
709 1716 838 1758 uincit
870 1715 1071 1770 corporis.

325 1773 465 1818 Corde
496 1776 624 1817 micat
655 1775 835 1830 species,
869 1772 996 1814 facies
1029 1772 1195 1814 feritate
1226 1772 1407 1824 iuuatur,

390 1833 490 1890 Ipso
523 1835 664 1888 rigore
696 1832 889 1888 precluis.

321 1890 414 1933 Nec
445 1891 630 1933 candore
662 1890 759 1932 beat
790 1893 987 1941 mentem,
1020 1888 1094 1930 sed
1126 1890 1265 1929 mente
1297 1887 1483 1929 colorem

389 1949 560 1992 Morum
590 1963 767 1991 seuerus
800 1947 968 1989 arbiter.

322 2006 435 2049 Huic
469 2008 656 2063 precium
687 2021 773 2048 non
806 2005 943 2047 forma
972 2003 1084 2056 facit,
1116 2003 1190 2045 sed
1224 2002 1377 2045 forcior
1407 2016 1534 2044 ausus

389 2065 619 2122 Armisque
650 2079 780 2121 parca
811 2064 998 2113 claritas3

321 2124 402 2166 Ast
432 2124 552 2166 illum
583 2124 732 2180 capitis
764 2122 892 2164 decor
923 2121 1132 2175 approbat
1164 2123 1206 2162 et
1238 2119 1348 2160 nitor
1381 2119 1461 2160 oris

389 2181 641 2238 Vertexque
672 2182 784 2223 crine
815 2178 1010 2234 fulgidus.

319 2240 474 2284 Sordet
504 2241 630 2282 inane
662 2239 790 2281 decus
820 2238 968 2291 forme,
1001 2235 1271 2278 confunditur
1302 2235 1344 2276 in
1374 2248 1420 2275 se

388 2298 540 2340 Fallax
572 2298 738 2340 decoris
770 2296 964 2351 dignitas.

321 2356 573 2412 Disparibus
604 2355 752 2397 studiis
784 2355 938 2409 species
969 2354 1192 2406 uirtusque
1227 2353 1438 2404 reguntur,

386 2415 483 2456 Hec
513 2418 688 2470 perstat,
719 2413 790 2454 illa
821 2411 995 2467 deperit.

322 2472 530 2528 Importat
562 2471 716 2513 uicium
748 2483 909 2511 uacuus
941 2468 1076 2521 color3
1110 2468 1221 2508 hunc
1251 2464 1356 2506 leuis
1387 2463 1485 2504 anni

387 2530 555 2571 Fluxus
589 2529 796 2584 gradatim
826 2526 1014 2581 dissipat.

319 2589 400 2630 Ast
430 2588 620 2644 probitas
651 2586 824 2628 meliore
856 2584 950 2625 loco
983 2596 1058 2624 sua
1087 2586 1260 2637 pectora
1291 2580 1441 2631 firmat,

389 2644 481 2688 Nec
511 2646 629 2702 lapsa
659 2657 833 2701 prorsus
865 2641 1035 2685 excidit.

1686 806 1713 830 [h
1734 797 1784 825 339

1679 2005 1771 2039 (129)

1678 2077 1703 2100 [n
1725 2068 1775 2095 340
