1884 3126
247 942 282 970 10

244 1230 280 1258 15

243 1519 281 1547 20

240 1808 278 1836 25

239 2098 277 2126 30

241 2386 277 2413 35

323 289 404 330 634
854 306 904 309 —
964 280 1101 322 XIIII
1166 304 1212 308 —-

318 414 461 456 ssuerit.
523 411 684 476 Quibus
723 422 913 461 rursum,
939 407 1020 458 lut
1049 407 1138 449 fieri
1178 407 1296 461 solet,
1331 406 1564 460 euomitus,
1597 406 1752 459 restim,

319 485 441 527 quam
473 468 579 510 collo
611 469 809 510 innexam
840 465 1038 515 habebat,
1069 465 1283 516 manibus,
1312 479 1364 506 ne
1396 478 1470 519 per
1501 477 1591 505 eam
1625 469 1752 506 attra-

318 531 506 577 heretur,
547 523 884 579 complicandam
925 523 1111 565 curabat.
1173 522 1339 564 Mersus
1381 522 1521 564 denuo
1563 522 1750 563 uisentes

318 585 486 637 eadem,
526 596 607 637 qua
646 582 785 636 prius,
826 581 1101 635 ambiguitate
1145 580 1386 635 compleuit.
1450 579 1533 621 Sed
1575 592 1752 635 corpore

315 644 404 684 eius
436 639 609 683 tandem
639 639 822 680 exanimi
854 643 1039 693 reperto,
1071 638 1299 680 dubietatis
1323 637 1484 693 quieuit
1514 637 1749 680 contencio,

316 700 366 740 In
412 702 576 740 tantum
621 701 764 737 autem
808 696 892 737 illic
937 697 1151 738 exercitus
1198 700 1342 738 noster
1387 695 1543 750 captiui
1588 695 1752 750 pecoris

315 756 512 811 gregibus
544 753 803 808 abundabat,
835 757 882 795 ut
911 754 951 794 in
984 753 1134 795 iisdem
1156 753 1330 808 agendis
1363 752 1578 795 cotidiana
1609 757 1751 805 pasto-

314 828 407 854 rum
449 826 578 867 opera
617 815 829 865 uteretur;
870 825 1049 866 quorum
1081 811 1313 853 discuisum
1348 810 1535 866 periculo
1570 824 1749 852 uacuum

314 870 520 925 generalis
553 869 781 911 earundem
812 869 1002 924 parcium
1025 869 1201 911 uastitas
1234 868 1453 919 efficiebat,
1487 882 1612 923 quam
1633 872 1752 911 tanta

312 927 599 970 incendiorum
639 927 704 968 uis
742 932 993 982 pepererat,
1034 932 1082 968 ut
1122 926 1366 968 hirundines
1411 939 1577 982 quoque
1616 927 1751 980 tectis,

314 985 463 1041 quibus
494 984 686 1026 habitare
711 988 1034 1038 consueuerant,
1067 984 1228 1037 orbate,
1259 984 1558 1040 gubernaculis
1578 984 1752 1026 nauium

313 1057 362 1084 ac
382 1044 531 1098 proris,
563 1041 700 1083 fetum
719 1046 1004 1097 procreature,
1036 1042 1159 1084 nidos
1180 1043 1419 1098 affigerent,
1443 1042 1752 1085 domiciliorum

314 1115 435 1142 usum
480 1100 533 1142 ab
576 1099 767 1142 hostibus
799 1101 1056 1142 mutuantes.
1125 1101 1231 1142 Post
1270 1100 1348 1142 hec
1387 1114 1462 1141 rex
1502 1099 1750 1154 Henricum,

313 1158 475 1199 diutina
507 1157 816 1199 Diminensium
859 1157 1080 1200 obsidione
1119 1172 1386 1213 suspensum,
1427 1157 1611 1213 alloquio
1646 1159 1752 1224 peti-

312 1220 446 1270 turus,
478 1216 664 1257 terrestri
703 1216 853 1257 itinere
884 1220 1068 1272 arrepto,
1100 1216 1248 1259 urbem
1287 1215 1494 1257 Cozcoam
1531 1229 1556 1256 a
1587 1216 1752 1258 nemine

314 1273 530 1315 defensam
560 1274 649 1328 igni
688 1274 934 1329 implicitam
974 1274 1155 1330 reliquit.
1217 1273 1350 1316 Cuius
1383 1287 1628 1329 processum
1659 1278 1752 1315 tum

311 1332 446 1373 amnis
478 1331 698 1372 cuiusdam
719 1331 1045 1387 profunditate
1034 1332 1226 1386 insignis,
1257 1335 1347 1373 tum
1370 1331 1617 1373 ulteriorum
1637 1331 1750 1373 loco-

312 1403 405 1430 rum
436 1388 661 1430 difficultas
693 1388 879 1431 indicata
909 1390 1113 1432 cohibuit.
1176 1389 1289 1431 Hinc
1318 1389 1409 1444 regi
1451 1390 1494 1430 in
1527 1389 1750 1431 Caminen-

313 1447 421 1488 sium
454 1447 713 1501 prouinciam
754 1447 956 1489 transitus
989 1447 1091 1499 fuit,
1133 1462 1259 1503 quam
1289 1447 1419 1488 rurali
1449 1448 1583 1502 magis
1613 1461 1749 1502 popu-

310 1505 487 1556 lacione‚
511 1518 636 1559 quam
658 1504 742 1546 ulla
764 1502 1134 1571 munilmentorum
1152 1505 1476 1572 oppugnacione
1481 1519 1749 1571 permensus,

312 1561 487 1604 Camino
513 1563 722 1604 duntaxat
742 1562 924 1604 inaniter
946 1568 1173 1618 attentato,
1205 1563 1388 1618 nauigia,
1421 1563 1514 1619 quis
1537 1563 1751 1628 captiuum

311 1634 438 1676 pecus
471 1620 939 1675 ueheret,p1endenda
971 1620 1148 1663 curauit.
1209 1621 1303 1663 Hec
1333 1625 1422 1663 tam
1452 1620 1556 1662 uber
1586 1621 1751 1675 pecoris

311 1681 632 1733 opportunaque
675 1678 987 1721 commeatibus
1029 1682 1138 1733 erat,
1185 1683 1233 1721 ut
1279 1679 1513 1721 exercitum
1558 1684 1752 1720 nostrum

310 1735 499 1778 bimestri
539 1735 679 1778 edulio
727 1736 869 1778 aleret.
943 1737 1185 1792 Legacione
1227 1736 1378 1779 deinde
1421 1737 1471 1777 ad
1520 1735 1751 1778 Henricum

309 1793 449 1848 missa,
481 1795 665 1849 presenti
697 1793 847 1835 milicie
877 1795 1001 1836 finem
1034 1796 1251 1850 imponere
1281 1792 1505 1849 iubet<ur>,
1537 1794 1608 1836 illo
1642 1793 1751 1835 obsi-

311 1851 503 1904 dionem,
545 1865 668 1906 quam
710 1852 865 1894 frustra
904 1853 1106 1907 gesserit,
1145 1853 1262 1894 ocius
1302 1853 1510 1894 soluturo.
1549 1879 1551 1881 ·
1587 1852 1750 1900 Quibus

310 1909 523 1964 responsis
547 1910 743 1965 acceptis,
765 1911 1061 1952 interiacencia
1085 1925 1254 1966 queque
1276 1911 1429 1965 partim
1450 1909 1575 1963 ferro,
1597 1910 1752 1964 partim

309 1967 397 2023 igni
428 1967 617 2020 adortus,
641 1982 718 2023 per
742 1982 952 2010 summam
984 1968 1142 2010 hostilis
1164 1968 1225 2011 rei
1255 1968 1582 2024 populacionem
1605 1967 1749 2008 Wala-

309 2029 481 2081 gostum
511 2025 684 2067 accedit.
748 2025 843 2073 Quo
877 2026 980 2076 uiso,
1011 2026 1384 2081 Walagostenses,
1417 2025 1599 2067 Zulistro
1633 2024 1750 2076 duce,

308 2088 542 2125 extremam
585 2083 725 2138 pontis
766 2084 829 2125 sui
870 2090 1032 2139 partem
1074 2084 1317 2127 conuellere
1347 2087 1570 2139 ceperunt,
1602 2084 1751 2138 nequis

310 2141 496 2183 hostium
527 2155 602 2196 per
634 2155 728 2182 eum
759 2141 1028 2197 irrumperet,
1049 2142 1279 2184 inhibituri.
1341 2140 1472 2183 Cuius
1503 2140 1750 2193 fragmentis

309 2198 432 2254 pauci
463 2212 517 2240 ex
537 2200 691 2240 nostris
712 2199 888 2254 perinde
910 2214 960 2241 ac
980 2200 1101 2242 scalis
1124 2204 1305 2250 utentes,
1337 2198 1750 2240 amminiculantibus

309 2257 448 2310 sociis,
472 2270 651 2298 ascensu
673 2257 862 2310 obtento,
884 2258 1074 2300 hostium
1095 2258 1199 2299 urbe
1223 2257 1489 2299 exilienciuni
1512 2256 1751 2311 irrupcione

309 2318 524 2369 petuntur.
595 2314 757 2363 Quibus
799 2315 853 2357 ob
893 2316 1151 2370 paucitatem
1190 2315 1384 2357 resistere
1424 2313 1749 2370 nequeuntibus,

309 2371 568 2427 Hemmingo
601 2376 794 2438 excepto,
818 2387 963 2414 omnes
992 2386 1168 2415 cessere.
1212 2372 1439 2414 Absalonis
1472 2372 1537 2413 hic
1569 2372 1750 2425 armiger

311 2435 426 2483 erat,
471 2430 636 2471 leuibus
680 2430 806 2481 armis
851 2431 1101 2484 instructus,
1148 2430 1199 2472 ad
1247 2430 1484 2471 discrimina
1526 2429 1749 2471 subeunda

310 2488 646 2542 promptissimus
687 2502 937 2550 semperque
978 2503 1023 2531 se
1066 2488 1262 2544 periculis
1304 2489 1554 2542 immergere
1586 2487 1747 2528 solitus

312 2545 395 2593 Qui
426 2545 526 2586 dum
559 2560 603 2588 se
634 2544 815 2601 paruulo
856 2546 976 2601 pedis
1006 2560 1201 2600 regressu
1241 2546 1491 2600 urgentibus
1530 2544 1749 2595 subtrahit,

309 2603 406 2644 talis
437 2603 581 2657 gladii,
615 2618 699 2659 quo
732 2604 892 2647 cinctus
924 2607 1027 2657 erat,
1057 2603 1324 2658 longitudine
1355 2602 1539 2655 offensis,
1571 2603 1747 2655 supinus

243 2673 279 2700 40
313 2661 506 2702 concidit.
559 2661 654 2710 Quo
685 2663 808 2717 lapsu
839 2661 932 2717 plus
953 2662 1087 2716 glorie
1116 2675 1242 2717 quam
1263 2660 1519 2702 incommodi
1549 2664 1748 2715 expertus
