1884 3126
42 921 76 949 10

39 1211 73 1238 15

0 1475 73 1527 ¹20

35 1790 71 1819 25

33 2081 71 2110 30

32 2369 69 2398 35

33 2661 69 2690 40

631 285 679 291 -——
744 262 882 305 XIIII
942 290 996 297 --
1468 269 1551 310 623

106 403 210 431 uoce
241 403 407 445 quoque
439 388 707 444 deficeretur,
744 391 907 433 interne
938 392 1270 447 perturbacionis
1301 398 1424 436 notas
1456 408 1551 436 con·

107 447 202 489 fuso
235 448 318 489 oris
349 447 497 489 habitu
537 462 612 503 pre
643 463 686 490 se
718 449 869 491 ferens.
929 450 1138 493 Notabilis
1177 451 1258 493 uiri
1288 452 1552 495 taciturnitas

108 506 203 559 fuit,
237 519 318 561 que
348 519 401 546 ne
433 505 705 547 confessionis
736 507 829 548 1000
861 507 1094 561 duceretur,
1126 509 1309 564 prudens
1326 509 1552 552 Absalonis

107 563 370 605 interuentus
417 562 576 614 effecit,
623 564 778 605 miratu
822 564 1042 619 indignum
1089 566 1286 620 dicentis,
1327 567 1381 609 ad
1424 582 1552 610 nouos

108 621 414 663 criminacionis
446 621 634 663 obiectus
663 621 889 672 hominem,
923 623 1175 665 defensionis
1206 624 1394 677 dubium,
1426 626 1551 681 pleno

108 679 399 721 meditacionis
431 679 605 720 consilio
637 680 916 735 respondendi
962 680 1101 723 officia
1145 682 1305 724 tardius
1335 683 1551 737 exhibere,

108 737 381 793 protinusque
413 750 512 777 eum
543 736 671 778 dandi
703 738 890 793 responsi
933 739 1076 792 gracia
1107 740 1314 795 colloquio
1346 741 1551 783 excedere

107 799 171 845 et,
215 809 321 850 quos
361 794 486 847 uelit,
527 809 582 836 ex
623 795 767 836 amicis
798 796 838 836 in
887 797 1103 837 consilium
1146 798 1391 840 contrahere
1422 799 1549 841 iubet.

107 852 199 901 Quo
241 853 351 894 dicto
385 858 598 894 recreatus
630 852 812 907 Magnus
856 858 982 908 atque
1014 854 1067 895 ad
1099 869 1216 910 spem
1256 856 1550 899 labefactande

105 910 388 953 accusacionis
420 916 596 962 erectus,
628 911 811 966 acceptis
842 912 1164 954 consultacionis
1195 913 1383 965 induciis,
1416 913 1551 957 Absa-

105 969 248 1010 lonem
290 983 386 1010 cum
417 967 620 1021 Tukone,
652 968 994 1010 Wendilensium
1025 971 1236 1024 antistite,
1268 976 1447 1013 seuocat.
1507 973 1550 1014 Is

106 1026 230 1068 Tuko
264 1026 376 1082 patri
407 1027 496 1067 eius
517 1025 642 1068 Erico
667 1026 911 1068 diaconatus
933 1026 1143 1083 obsequiis
1164 1042 1360 1084 percarus
1382 1029 1550 1072 habitus

105 1085 240 1140 deque
272 1085 360 1126 eius
392 1084 587 1125 clientela
618 1084 671 1126 ad
705 1085 990 1139 pontificatum
1023 1085 1179 1128 accitus
1210 1086 1359 1128 fuerat.
1421 1087 1548 1130 Cuius

104 1143 166 1184 rei
195 1147 319 1197 grata
363 1141 657 1183 recordacione
688 1142 835 1197 Magni
866 1143 1083 1184 caritatem
1114 1145 1363 1199 propensius
1406 1147 1546 1187 animo

104 1201 273 1242 insitam
304 1200 502 1242 habebat.
552 1199 687 1248 Quem
710 1201 890 1245 multum
921 1200 1074 1255 diuque
1106 1202 1158 1243 ob
1190 1203 1361 1256 cogitati
1382 1204 1548 1245 sceleris

103 1259 412 1300 immanitatem
443 1258 640 1314 profectis
670 1273 695 1299 a
727 1258 871 1299 dolore
900 1260 1096 1301 conuiciis
1125 1261 1348 1312 insecutus,
1380 1275 1548 1316 respon-

104 1317 230 1358 dente
261 1331 327 1369 eo,
359 1317 559 1371 epistolas
603 1317 742 1357 aliena
773 1316 923 1357 fraude
965 1321 1202 1367 contextas,
1242 1322 1547 1373 superuacuum

103 1374 145 1415 id
187 1375 452 1430 purgacionis
483 1389 616 1429 genus
648 1375 841 1427 astruxit,
873 1388 956 1415 non
987 1374 1121 1416 solum
1153 1376 1368 1430 scripture,
1401 1377 1474 1418 sed
1506 1381 1548 1418 et

104 1433 188 1474 stili
240 1432 436 1486 modum,
482 1447 564 1488 quo
610 1433 744 1473 scriba
790 1432 918 1487 ipsius
959 1431 1212 1474 Lambertus
1257 1434 1299 1474 in
1342 1434 1546 1476 dictandis

103 1491 289 1546 epistolis
323 1491 383 1532 uti
415 1491 559 1543 soleat,
592 1491 820 1532 certissime
851 1504 1148 1545 recognoscere
1170 1491 1371 1546 prefatus.
1420 1491 1547 1534 Cuius

104 1549 434 1590 affirmacionem
479 1548 693 1590 Absalone
745 1548 1033 1590 consentaneis
1074 1550 1214 1590 uerbis
1256 1555 1547 1605 prosequente,

103 1611 268 1648 tantum
300 1607 457 1662 Magno
489 1607 797 1662 desperacionis
828 1607 1021 1657 incessit,
1055 1612 1100 1648 ut
1132 1621 1225 1660 eos,
1258 1622 1311 1648 an
1341 1608 1419 1648 sibi
1452 1622 1545 1650 con-

102 1665 294 1707 fessionis
334 1665 521 1707 remedia
560 1665 760 1720 amplecti
799 1665 966 1716 liceret,
1008 1665 1170 1720 trepide
1213 1670 1542 1719 percontaretur.

103 1722 212 1764 Tum
243 1723 454 1774 Absalon⁷
498 1723 665 1764 tametsi
697 1722 900 1764 confessio
935 1722 1120 1777 periculo
1162 1737 1244 1764 non
1276 1728 1458 1776 careret,
1490 1724 1543 1765 ad

102 1780 210 1823 hanc
250 1785 393 1823 tamen
423 1785 520 1823 ante
552 1778 945 1836 procur<r>endum,
992 1794 1119 1835 quam
1159 1781 1210 1822 de
1242 1781 1366 1821 uenia
1406 1786 1546 1822 actum

103 1853 410 1894 excussumque
431 1839 556 1891 foret,
578 1839 775 1893 negabat,
797 1838 1028 1893 suadetque
1050 1839 1123 1889 uti,
1146 1843 1316 1893 stupore
1341 1838 1543 1893 deposito,

102 1911 178 1951 per
223 1911 266 1938 se
312 1898 381 1939 uel
426 1911 502 1953 per
548 1899 730 1937 amicum
776 1897 817 1937 in
860 1901 1072 1951 posterum
1096 1896 1110 1949 ΙΙ
1133 1897 1242 1937 diem
1283 1896 1544 1938 induciarum

102 1955 347 1996 facultatem
380 1956 583 1996 audacter
614 1955 844 2008 efflagitet,
885 1954 1050 1995 firmato
1082 1955 1222 1995 animo
1264 1967 1352 1994 rem
1383 1954 1545 1996 felicius

103 2013 362 2068 expleturus.
424 2013 585 2062 Quibus
618 2012 836 2066 admissis,
868 2026 943 2053 rex
976 2016 1214 2066 presentem
1246 2011 1449 2052 nobilium
1479 2026 1544 2053 ca-

101 2074 279 2123 teruam,
312 2085 488 2126 uespere
519 2071 599 2111 iter
630 2071 862 2125 ingressus,
894 2070 947 2111 ad
978 2069 1191 2118 Vnnonis,
1231 2070 1544 2124 locupletissimi

101 2129 194 2177 uiri,
225 2132 400 2184 penates
432 2143 574 2170 secum
605 2128 816 2184 perduxit.
877 2127 926 2168 In
961 2141 1043 2182 qua
1065 2127 1329 2182 profeccione
1352 2126 1544 2168 Absalon

102 2201 127 2227 a
158 2186 313 2241 Magno
345 2187 398 2228 ad
430 2187 605 2228 modum
636 2190 852 2239 estuante,
884 2186 1075 2240 quisnam
1114 2185 1364 2226 defensionis
1396 2185 1544 2226 modus

102 2244 274 2286 obiectis
305 2249 573 2300 congrueret,
605 2244 828 2286 curiosiore
852 2243 1170 2298 percontacione
1201 2243 1422 2295 consultus,
1453 2243 1544 2284 nul-

103 2302 188 2343 lam
218 2307 383 2357 partem
415 2304 569 2358 probro
601 2306 674 2343 aut
704 2302 894 2356 periculo
927 2315 1103 2342 uacuam
1135 2300 1288 2342 aiebat.
1335 2299 1446 2341 Nam
1467 2314 1543 2342 nec

99 2360 412 2401 accusacionem
442 2365 503 2402 tot
529 2361 533 2413 Ι
562 2374 702 2401 rerum
734 2359 897 2400 indiciis
922 2359 1145 2400 subnixam
1175 2358 1368 2399 refellere
1399 2371 1536 2412 prom-

102 2422 235 2472 ptum,
267 2432 343 2459 nec
374 2419 639 2473 purgacionis
670 2422 812 2472 partes
844 2417 1078 2458 detrectare
1109 2429 1350 2471 syncerum,
1382 2415 1541 2456 confes-

101 2476 230 2517 sionis
261 2489 362 2517 uero
395 2477 556 2518 exitum
588 2475 815 2530 ancipitem
845 2474 948 2528 fore,
980 2488 1105 2529 quam
1127 2473 1244 2514 nulla
1270 2473 1392 2514 uenie
1423 2473 1543 2514 certi-

100 2533 203 2574 tudo
226 2538 499 2589 precurreret.
552 2533 620 2574 Ita
641 2547 772 2574 uerax
804 2533 991 2587 responsi
1022 2532 1142 2572 dator
1172 2530 1397 2572 consultori
1427 2530 1543 2584 igno-

100 2591 288 2633 ranciam
309 2592 572 2646 pretendere,
595 2604 722 2646 quam
743 2591 785 2631 in
807 2589 944 2631 dubiis
966 2589 1259 2631 certitudinem
1285 2587 1543 2643 promittere,

97 2648 265 2691 fidelius
296 2649 430 2692 duxit.
483 2649 602 2690 Tunc
624 2647 795 2702 Magno,
821 2648 963 2689 omnia
993 2661 1037 2688 se
1059 2646 1265 2687 ueraciter
1295 2645 1542 2700 relaturum,

1598 1906 1691 1940 (354)

1591 2375 1616 2400 p.
1638 2366 1689 2393 909
