1884 3126
767 211 821 218 —
880 186 995 230 VIII
1053 213 1107 219 —-
1578 192 1660 232 293

216 315 410 367 gassent,
453 312 625 356 tandem
665 314 876 357 incidente
916 316 1125 370 lignorum
1165 317 1327 374 inopia,
1369 318 1497 361 foculi
1530 320 1661 361 nutri-

217 372 368 412 mentis
402 370 577 425 defecti,
610 387 689 414 nec
721 379 972 429 suppetente
1005 375 1270 418 decoccionis
1302 377 1489 427 officina,
1522 377 1659 419 crudis

216 429 370 469 famem
394 429 579 471 obsoniis
602 429 907 487 propulelrunt.
951 432 1112 474 Verum
1135 435 1370 489 complures
1391 436 1660 477 uescencium
1726 453 1753 478 p·
1772 445 1824 472 430

216 487 404 528 ultimam
455 494 616 541 pestem
660 491 713 530 ab
756 489 965 545 indigeste
1013 491 1131 546 dapis
1176 493 1380 533 sacietate
1425 497 1659 536 traxerunt.

166 559 183 585 5
215 545 406 586 Primum
439 547 547 587 enim
582 547 788 601 paulatim
830 549 1059 589 stomachis
1099 550 1299 590 inusitato
1341 554 1486 605 partus
1519 551 1659 593 edulio

216 602 367 658 langor
397 604 586 658 irrepsit,
631 605 806 659 deinde,
848 604 978 647 lacius
1025 611 1222 648 manante
1253 609 1471 662 contagio,
1515 609 1660 650 uitalia

216 661 388 703 morbus
428 663 624 717 appeciit.
687 663 840 719 Sicque
884 678 1037 719 anceps
1081 665 1298 720 utriusque
1330 667 1658 721 intemperancie

217 719 369 761 malum
404 726 451 761 ut
481 719 706 776 inedia<m>
737 736 926 774 grauem,
958 723 1018 764 ita
1048 724 1191 777 gulam
1224 738 1391 779 quoque
1419 729 1658 779 suspectam

216 777 436 831 effecerat,
485 793 579 820 cum
611 794 688 822 nec
720 782 833 822 uesci
868 784 1003 821 tutum
1036 795 1115 822 nec
1147 782 1358 823 abstinere
1391 782 1656 823 commodum

145 850 180 877 ιο
206 840 471 880 nosceretur.
533 837 670 891 Igitur
702 852 868 880 omnem
913 839 1059 880 salutis
1091 853 1206 894 spem
1239 839 1555 893 abiicientibus,
1595 840 1659 893 (ut

213 908 389 935 neruum
424 901 522 937 tunc
563 895 726 937 facilius
771 897 907 950 rumpi
948 897 1115 938 solitum
1148 903 1221 947 est,
1255 912 1346 939 cum
1381 898 1537 939 arccius
1570 903 1658 940 ten-

214 951 356 1006 ditur,)
389 954 666 1009 patrocinium
699 955 916 1010 inopinate
949 955 1255 997 commoditatis
1287 955 1456 997 affulsit.
1508 955 1656 997 Subito

215 1011 326 1052 enim
361 1011 467 1066 ignis
501 1012 604 1053 haut
634 1013 783 1066 procul
817 1013 996 1054 emicare
1030 1018 1281 1068 conspectus
1314 1014 1542 1067 exhaustis,
1576 1019 1658 1055 tra-

213 1068 350 1110 hende
374 1070 461 1111 uite
484 1070 678 1112 fiduciam
702 1071 982 1124 ingenerauit.
1026 1071 1160 1118 Quem
1185 1070 1429 1113 Thorkillus
1456 1076 1658 1126 tanquam

144 1140 179 1167 15
212 1127 411 1169 diuinitus
445 1127 589 1169 datum
623 1129 853 1171 remedium
888 1130 1087 1183 colligere
1119 1134 1321 1182 statuens,
1352 1143 1434 1184 quo
1468 1130 1545 1171 sibi
1571 1143 1657 1171 cer·⁴

212 1185 366 1226 ciorem
410 1186 462 1226 ad
504 1187 641 1228 socios
684 1187 867 1229 reditum
907 1192 1111 1238 strueret,
1154 1201 1355 1228 cacumen
1397 1186 1490 1227 mali
1529 1187 1658 1229 infixe

211 1257 378 1298 gemme
419 1243 587 1298 fulgore
630 1245 828 1300 signauit.
892 1246 1056 1287 Littore
1100 1244 1252 1286 deinde
1291 1245 1451 1300 potitus
1491 1245 1658 1287 subiicit

211 1302 342 1343 oculis
365 1304 531 1356 angusti
555 1303 710 1353 aditus,
743 1309 1037 1357 arctat-umque
1060 1303 1243 1344 faucium
1277 1317 1462 1358 specum.
1507 1303 1656 1356 Quem,

211 1360 434 1402 comitibus
474 1361 575 1402 foris
618 1362 838 1416 prestolari
881 1362 1306 1415 iussis„ingressus.
1351 1360 1458 1402 duos
1504 1361 1657 1402 eximie

140 1431 178 1458 20
210 1417 460 1471 granditatis
503 1420 667 1475 aquilos
699 1420 967 1475 conspicatur
1015 1420 1176 1460 corneis
1217 1419 1390 1461 naribus
1431 1423 1655 1470 contracta,

211 1489 292 1529 que
324 1476 410 1518 fors
444 1478 679 1531 obtulerat,
722 1479 809 1529 igni
850 1477 1107 1519 nutrimenta
1149 1481 1394 1532 prestantes.
1458 1476 1654 1518 Ceterum

210 1534 410 1576 deformis
433 1535 651 1580 introitus,
684 1537 863 1578 obsoleti
894 1540 1051 1591 postes,
1083 1540 1173 1576 ater
1205 1535 1287 1576 situ
1319 1535 1478 1589 paries,
1522 1534 1654 1575 sordi-

211 1592 309 1632 dum
344 1597 526 1646 tectum,
573 1594 772 1649 frequens
807 1594 1017 1646 anguibus
1047 1594 1336 1648 pauimentum
1367 1607 1450 1633 non
1485 1592 1653 1633 oculum

210 1650 344 1704 magis
387 1664 509 1706 quam
552 1653 738 1694 animum
786 1652 1071 1694 offendebant.
1132 1650 1239 1691 Tum
1285 1651 1503 1705 gigantum
1549 1651 1655 1691 alter

139 1721 175 1748 ‘25
208 1709 435 1750 salutatum
461 1723 556 1750 eum
584 1725 672 1751 rem
706 1717 863 1752 conatu
893 1710 1145 1765 prearduam
1182 1723 1320 1749 orsum
1355 1721 1445 1748 esse
1477 1707 1653 1759 dicebat,

208 1766 396 1808 inusitati
428 1769 610 1809 numinis
642 1769 829 1810 adeundi
861 1767 1092 1823 cupiditate
1124 1767 1386 1820 flagrantem,
1418 1771 1547 1819 atque
1579 1780 1651 1806 ex-

210 1824 477 1866 tramundani
519 1827 698 1868 climatis
742 1826 1031 1881 cognicionem
1074 1823 1359 1877 inuestigabili
1391 1823 1652 1864 scrutacione

208 1882 492 1935 complexum.
553 1885 590 1925 A
624 1899 668 1925 se
701 1889 842 1926 autem
875 1883 1079 1939 propositi
1111 1882 1269 1923 itineris
1303 1881 1475 1922 semitas
1512 1879 1652 1934 cogni-

208 1944 360 1993 turum,
394 1941 426 1982 si
458 1946 544 1983 tres
575 1942 780 1984 ueridicas
810 1941 1049 1984 sentencias
1081 1940 1256 1981 totidem
1289 1938 1523 1993 prouerbiis
1545 1952 1652 1980 com-

138 2011 175 2039 30
206 1997 436 2051 prehensas
482 2005 764 2055 expromeret.
827 2000 933 2041 Tum
968 1998 1235 2040 Thorkillus:
1278 1996 1371 2038 Non
1412 1996 1650 2037 mehercule

206 2056 529 2111 incompciorem
555 2059 728 2100 naribus
750 2059 949 2099 familiam
973 2056 1204 2113 peruidisse
1228 2051 1517 2109 commemilni.
1566 2053 1648 2095 Sed
1717 2068 1743 2092 ι).
1765 2059 1812 2086 43¹

205 2128 346 2168 neque
378 2115 543 2168 locum,
588 2131 669 2172 quo
702 2118 838 2158 minus
870 2116 1051 2157 libenter
1084 2113 1294 2168 degerem,
1327 2113 1460 2166 attigi.
1519 2111 1649 2153 Item:

206 2172 332 2213 Illum
360 2173 459 2215 mihi
490 2173 644 2229 pedem
684 2175 899 2230 pociorem
940 2178 1102 2225 statuo,
1145 2172 1213 2226 qui
1246 2171 1359 2225 prior
1392 2171 1554 2211 exitum
1585 2183 1650 2210 ca-

205 2243 377 2284 pessere
425 2232 621 2286 quiucrit.
684 2233 837 2287 Gigas,
881 2230 1089 2273 Thorkilli
1129 2228 1360 2284 prudencia
1402 2228 1649 2275 delectatus,

136 2300 173 2328 35
203 2289 525 2343 prouerbiorum
569 2291 750 2332 ueritate
791 2289 985 2332 laudata.
1027 2287 1172 2332 docet,
1212 2286 1264 2326 ad
1296 2286 1417 2340 inops
1449 2284 1649 2339 graminis

159 2353 165 2354 ’
206 2346 339 2387 solum
373 2348 553 2403 altisque
586 2348 784 2389 obfusum
816 2347 1002 2389 tenebris
1034 2345 1221 2400 inprimis
1258 2357 1348 2385 esse
1370 2342 1647 2407 migrandum.

204 2405 320 2447 Ante
353 2411 495 2446 autem
530 2420 656 2460 quam
689 2406 853 2448 destina
868 2411 935 2446 tus
967 2404 1100 2459 possit
1132 2403 1248 2442 locus
1281 2401 1433 2455 accipi,
1478 2413 1648 2453 nauiga-
1714 2410 1806 2444 (165)

205 2461 390 2502 cionemss
428 2463 653 2518 quatriduo
696 2463 897 2519 pertinaci
938 2461 1112 2516 remigio
1150 2457 1487 2515 pertrahendam.
1547 2457 1867 2498 Illienxxxvm-

206 2519 427 2561 uisendum
472 2520 563 2562 fore
596 2521 918 2575 Vgarthilocum
961 2523 1094 2561 tetros
1137 2515 1457 2570 horrendosque
1498 2527 1647 2568 specus

135 2590 172 2617 40
203 2576 374 2619 sordida
388 2579 606 2622 mansione
621 2579 901 2636 complexum.
919 2575 1175 2626 Thorkillus,
1190 2587 1448 2629 magnopere
1462 2577 1648 2629 stupens,
