1884 3126
342 235 421 274 144
924 235 1192 275 —V—

339 375 462 417 quam
487 361 885 416 meroris'poeulum
919 362 1181 418 degustauit.
1233 363 1368 405 Nemo
1402 364 1508 406 dura
1530 379 1613 406 non
1634 378 1784 420 passus

337 425 626 474 temperanter
675 419 868 461 facilibus
915 422 1064 464 utitur.
1108 424 1114 474 Ι
1158 422 1240 470 Qui
1286 421 1540 464 fortitudinis
1594 424 1784 466 columen
1842 440 1868 464 1³-

339 492 433 519 esse
466 477 689 530 debueras,
721 478 889 519 eneruis
921 480 1049 521 animi
1082 480 1294 535 specimen
1327 480 1582 522 exhibebis?
1630 480 1788 523 Fortis-

341 535 447 577 simo
479 539 658 590 parente
691 535 851 591 editus,
885 537 1036 579 ultime
1068 537 1365 579 imbecillitatis
1397 539 1683 594 spectaculum
1717 539 1788 580 da-

290 604 305 628 s·
336 592 431 634 bis?
493 593 561 635 Sic
593 608 618 634 a
648 593 879 635 maioribus
911 594 1182 652 discrepabis,
1214 600 1263 636 ut
1293 595 1459 637 feminis
1486 596 1653 638 mollior
1683 597 1788 639 fias?

277 898 312 924 lo

271 1185 302 1210 15

266 1476 302 1502 :¹0

261 2055 298 2082 30

263 2345 299 2371 35

259 2636 298 2663 40

338 650 533 692 Necdum
566 651 810 693 adolescere
844 653 1016 708 cepisti,
1051 659 1094 695 et
1124 654 1206 695 iam
1239 658 1282 694 te
1314 654 1402 695 uite
1434 655 1614 696 sacietas
1647 655 1788 710 cepit?

339 708 443 757 Quis
478 708 584 751 hanc
614 708 728 764 prior
757 710 982 764 imaginem
1015 712 1210 767 prebuit?
1272 710 1501 753 Clarissimi
1544 712 1612 754 aui
1643 726 1785 768 nepOS,

339 766 493 809 inuicto
540 773 660 822 parte
694 767 851 818 editus,
898 769 1037 812 leuem
1081 769 1386 811 contrariorum
1426 783 1573 811 auram
1618 771 1783 825 perpeti

338 839 420 866 non
438 825 595 868 ualebit
607 823 649 865 ΡΨ·
682 825 854 866 Indoles
873 830 945 868 tua
969 828 1084 869 auite
1108 828 1274 869 uirtutis
1299 827 1487 869 habitum
1509 832 1785 883 representat.
1802 834 1884 862 ΧΗ

345 884 382 923 Α
416 884 585 925 nemine
617 884 754 925 uictus
788 898 854 938 es,
890 888 962 927 tua
993 886 1068 928 tibi
1100 886 1236 928 solum
1268 885 1428 927 incuria
1460 887 1617 928 nocuit.
1670 885 1787 927 Peri-

336 941 428 983 culo
459 955 537 996 per
568 956 645 982 uos
680 946 825 983 erutus
859 956 930 992 cS,
970 958 1052 986 non
1085 945 1299 986 subactus.
1362 943 1606 985 Amiciciam
1636 944 1786 985 iniurie

336 999 572 1054 deputabis,
609 999 750 1040 odium
795 1013 871 1054 pro
904 1002 1046 1055 gracia
1077 1002 1319 1044 relaturus?
1382 1000 1600 1056 Obsequio
1627 1001 1784 1057 placari

337 1057 570 1106 debueras,
613 1071 698 1098 non
741 1057 919 1100 moueri.
981 1060 1226 1115 Numquam
1267 1065 1308 1100 te
1342 1058 1396 1100 dii
1441 1074 1489 1101 eo
1521 1060 1678 1101 furoris
1711 1074 1784 1101 ex-

336 1115 486 1157 cedere
521 1115 663 1167 uelint,
697 1119 743 1156 ut
774 1122 1040 1159 seruatorem
1087 1117 1344 1159 insidiatoris
1383 1116 1478 1159 loco
1518 1121 1663 1160 notare
1696 1131 1784 1159 sus-

335 1174 482 1215 tineas.
519 1174 613 1214 ·An
659 1187 707 1214 eo
753 1174 827 1214 tibi
860 1175 920 1215 rei
953 1176 1135 1229 erimus,
1180 1190 1263 1231 quo
1306 1174 1482 1216 benefici
1515 1189 1682 1230 sumus,
1724 1176 1785 1216 in-

335 1231 630 1286 dignacionem
671 1231 820 1273 officiis
865 1235 1157 1275 contractui-i?
1219 1233 1452 1288 R-eputabis
1484 1232 1673 1285 hostem,
1718 1233 1784 1274 eui

335 1291 481 1331 salutis
515 1295 586 1331 tue
617 1289 823 1344 premium
857 1291 1020 1333 debes?
1081 1291 1231 1347 Neque
1265 1291 1373 1333 enim
1406 1295 1448 1333 te
1479 1290 1658 1333 liberum
1690 1304 1785 1346 cap·

335 1348 573 1400 tiuauimus,
606 1346 680 1388 sed
704 1361 785 1402 ope
808 1350 1078 1403 preuenimus
1100 1349 1378 1391 laborantem.
1428 1348 1483 1390 Et
1506 1361 1604 1391 ecce
1625 1363 1784 1403 gazam,

335 1420 451 1462 opes,
484 1405 787 1460 supellectilem
821 1406 966 1449 reddo.
1016 1408 1145 1449 Soror
1177 1411 1251 1448 tua
1280 1408 1313 1448 si
1345 1406 1472 1448 michi
1493 1410 1650 1449 temere
1674 1406 1688 1461 Η
1711 1406 1783 1448 de·
1850 1420 1883 1454 (8

334 1468 535 1519 sponsata
567 1463 763 1517 creditur,
798 1465 863 1506 cui
899 1464 1154 1519 decreueris,
1187 1464 1344 1518 nubat3
1376 1465 1591 1507 enimuero
1622 1464 1782 1507 intaeta

335 1522 391 1563 illi
424 1521 632 1577 pudicicia
662 1527 816 1563 manet.
867 1522 1065 1565 Ceterum
1089 1523 1269 1565 militare
1301 1522 1388 1573 tibi,
1422 1523 1457 1564 si
1479 1522 1781 1578 acceptaueris,

335 1581 450 1622 uolo.
514 1579 629 1621 Caue
677 1594 728 1621 ne
775 1580 829 1622 ab
872 1595 917 1622 re
956 1581 1018 1623 ira
1064 1581 1247 1623 animum
1290 1581 1493 1623 obstines.
1564 1578 1695 1622 Nulla
1738 1584 1782 1622 te

334 1650 475 1680 rerum
507 1638 670 1680 iactura
700 1639 926 1680 concussit.
974 1638 1088 1680 Nihil
1120 1639 1306 1681 libertati
1338 1643 1410 1680 tue
1431 1638 1668 1680 detractum
1700 1643 1778 1681 est.

336 1695 655 1751 Obsequentem
687 1711 755 1738 me
779 1696 867 1750 tibi,
899 1711 982 1738 non
1012 1697 1289 1753 imperantem
1312 1711 1534 1752 agnosces.
1580 1695 1779 1744 Qualem-

264 1780 290 1789 --
334 1768 500 1810 cunque
545 1755 595 1796 de
638 1754 773 1809 capite
814 1769 908 1796 meo
941 1755 1196 1797 sentenciam
1238 1755 1491 1807 decreueris,
1533 1754 1777 1810 comprobo.

332 1811 452 1854 Idem
485 1816 527 1853 te
552 1812 650 1869 hic,
691 1812 806 1867 quod
836 1813 876 1853 in
910 1813 1047 1867 regia,
1079 1828 1201 1868 posse
1237 1812 1410 1855 confide.
1470 1812 1665 1855 Eandem
1697 1811 1778 1867 hie,

331 1884 458 1925 quam
489 1870 531 1912 in
563 1871 674 1923 aula,
706 1869 974 1925 imperitandi
995 1871 1237 1926 potenciam
1268 1875 1400 1913 tenes.
1447 1869 1544 1911 Hoc
1575 1870 1627 1912 de
1658 1869 1779 1912 nobis

330 1927 370 1968 in
403 1929 519 1976 loco,
563 1927 760 1983 quiequid
794 1927 907 1984 apud
938 1930 1096 1982 regiam
1130 1928 1370 1984 placuisset,
1403 1928 1586 1970 institue.
1646 1927 1778 1969 Proni

330 1985 382 2027 ad
415 1985 649 2042 parendum
682 2000 840 2028 sumus.
903 1986 1123 2028 Hactenus
1152 1986 1312 2029 Ericus.

467 2042 527 2084 At
559 2058 706 2098 regem
747 2044 824 2085 hec
859 2049 943 2085 tam
978 2045 1019 2085 in
1055 2059 1122 2096 se,
1155 2059 1280 2100 quam
1313 2044 1354 2085 in
1386 2043 1550 2085 hostem
1582 2056 1775 2085 mansue·

330 2101 428 2143 fecit
461 2101 615 2143 oracio.
676 2101 869 2156 Deinde,
902 2102 1143 2157 compositis
1182 2102 1427 2158 pacatisque
1470 2100 1677 2151 omnibus,
1714 2115 1777 2142 re-

331 2158 445 2201 ditur
474 2159 515 2200 in
547 2158 678 2201 littus.
741 2159 837 2201 Rex
871 2159 1041 2202 Erieum
1085 2174 1134 2202 ac
1164 2159 1356 2201 nauticos
1388 2159 1594 2201 uehiculis
1640 2158 1775 2214 excipi

330 2218 459 2259 iubet.
522 2216 582 2257 At
614 2217 685 2258 ubi
717 2217 759 2259 in
791 2218 951 2272 regiam
986 2222 1049 2259 est
1080 2223 1269 2270 uentum,
1301 2217 1542 2259 concionem
1575 2216 1774 2258 aduocari

330 2275 444 2328 facit,
476 2275 517 2316 in
551 2288 675 2329 quam
699 2275 898 2317 accersito
921 2275 1042 2317 Erico
1074 2275 1153 2317 sub
1186 2276 1445 2330 sponsalium
1471 2274 1553 2316 fide
1585 2288 1772 2316 sororem

331 2348 378 2375 ac
423 2332 763 2374 centurionatum
811 2333 941 2375 dedit.
1016 2332 1185 2375 Adiecit
1213 2334 1217 2385 l
1246 2332 1423 2385 deinde,
1472 2332 1640 2374 fastidio
1692 2331 1772 2373 sibi
1825 2350 1852 2375 p.
1871 2343 1884 2368 Ξ

330 2391 422 2434 fore
454 2391 655 2445 reginam,
689 2391 817 2432 filiam
849 2391 1057 2446 placuisse
1089 2391 1248 2433 Getari.
1304 2389 1494 2445 Ideoque
1524 2403 1683 2431 nouum
1716 2388 1774 2430 illi

329 2448 558 2504 legacionis
600 2461 706 2503 opus
751 2448 920 2503 deberi3
964 2449 1120 2504 optime
1151 2448 1203 2489 ab
1234 2449 1327 2503 ipso
1359 2446 1580 2502 negocium
1614 2446 1774 2503 expleri

329 2520 469 2562 posse,
501 2507 618 2548 cuius
648 2505 753 2547 nihil
775 2506 951 2548 arduum
973 2506 1146 2548 conatui
1175 2506 1391 2548 uideretur
1421 2507 1525 2547 fore.
1570 2505 1775 2547 Preterea

330 2578 375 2605 se
395 2564 627 2606 Getuaram
658 2562 713 2604 ob
745 2564 868 2606 celati
899 2564 1083 2606 criminis
1115 2562 1459 2618 consci<enci>am
1482 2563 1666 2605 silicibus
1700 2562 1773 2603 ob-

327 2626 543 2674 ruturum3
575 2620 835 2663 Hanundam
876 2635 979 2663 uero
1012 2620 1274 2664 redditurum
1314 2622 1438 2676 patri,
1469 2634 1522 2663 ne
1560 2620 1601 2662 in
1633 2619 1773 2661 Dania
