1884 3126
255 909 290 935 10

254 1196 290 1223 15

248 1482 285 1509 ‘20

238 2636 275 2663 40

333 256 415 296 510
867 270 914 275 —
977 242 1116 286 XIIII
1177 266 1228 273 ——

335 378 583 435 expiabilem
617 376 676 415 eis
707 373 939 415 timiditatis
970 375 1114 413 notam
1146 364 1375 413 inurerent.
1416 368 1567 425 Itaque
1600 369 1768 413 eneruis

333 443 374 479 et
406 433 631 476 effeminati
653 432 777 472 animi
799 430 1131 485 trepidacionem
1153 429 1260 470 falso
1285 442 1506 470 causarum
1529 432 1766 470 commento

331 493 513 534 colorare
545 504 631 542 eos,
663 489 950 541 asseuer,abat
984 487 1189 539 docendo,
1223 486 1362 528 facilia
1394 486 1557 528 refectu
1595 487 1764 541 nauigia

328 550 428 599 fore,
464 553 505 589 et
538 548 677 602 opima
710 550 1021 587 commeatuum
1053 545 1350 600 supplementa
1372 557 1450 599 pei
1470 544 1645 598 predam
1677 544 1763 586 late

325 611 541 661 patentem
584 605 668 645 leui
709 604 886 659 negocio
932 601 1174 657 con<s>0isoi
1218 615 1356 668 posse.
1418 601 1616 643 Ceterum
1650 602 1764 657 ipsos

327 664 481 704 famam
514 666 555 703 et
586 661 824 716 opinionem
855 675 974 702 suam
996 660 1245 714 grauissimo
1277 659 1448 701 crimine
1480 663 1764 725 corrupturos,

326 722 359 762 si
391 734 532 774 legem
563 720 671 774 apud
704 719 848 760 hostes
879 719 921 759 in
952 722 1070 758 101110
1102 731 1274 759 suorum
1306 715 1549 773 pauci*tate
1580 719 1669 759 sine
1701 732 1762 759 re-

324 783 470 833 spectu
493 777 665 832 pudoris
689 776 885 818 deserere
907 776 1219 817 sustinuissent.
1266 775 1303 817 E
1326 776 1478 830 quibus
1511 775 1618 816 alter
1649 775 1762 817 domi

323 850 368 877 se
400 836 578 889 negocia
608 835 752 889 regia,
785 848 867 889 que
905 847 1069 875 summa
1101 847 1194 875 cum
1227 834 1444 874 celeritate
1478 834 1654 888 exsequi
1693 848 1764 876 110-

321 908 440 934 ccsse
470 893 663 945 haberet,
707 906 877 933 manere
910 891 1143 934 subtexuit.
1208 890 1368 933 Contra
1399 891 1603 937 Absalon,
1635 892 1761 933 simu-

323 951 531 991 lacionem
565 951 668 1003 eius,
702 950 797 1004 quia
830 949 1127 990 blandimentis
1150 949 1368 1004 nequibat,
1399 949 1521 990 minis
1553 949 1763 990 discutere

323 1009 508 1060 cupiens,
542 1021 640 1061 eos,
683 1008 752 1062 qui
793 1008 834 1048 in
879 1007 1155 1062 expedicione
1186 1007 1394 1049 soluenda
1416 1006 1430 1060 ΙΙ
1453 1007 1547 1062 plus
1587 1007 1758 1048 arbitrio

322 1079 396 1106 suo
413 1079 535 1120 quam
559 1065 673 1118 regie
695 1064 947 1107 indulserint
970 1065 1227 1118 reuerencie,
1249 1078 1333 1106 non
1356 1069 1517 1105 tantum
1541 1066 1760 1118 bonorum,

322 1123 396 1164 sed
439 1130 480 1164 et
522 1123 627 1164 lucis
669 1137 716 1164 ac
757 1123 929 1178 spiritus
970 1124 1237 1177 erepcionem
1278 1123 1414 1178 patria
1454 1123 1549 1177 lege
1590 1124 1760 1165 meritos

324 1181 551 1222 astruebat.
613 1180 693 1222 Sed
726 1195 781 1222 nc
815 1195 864 1221 ea
894 1180 1060 1235 quidem
1093 1181 1268 1235 periculi
1299 1181 1642 1234 denunciacione,
1675 1194 1757 1235 quo

323 1241 458 1280 minus
492 1239 706 1280 fauentem
738 1238 1007 1293 nauigacioni
1047 1243 1220 1280 uentum
1252 1239 1349 1279 uelo
1382 1239 1652 1293 colligerent,
1684 1239 1759 1279 im-

321 1297 592 1338 becillitatem
617 1310 761 1337 eorum
785 1296 937 1338 durare
959 1296 1347 1351 trepidacionemue
1374 1297 1582 1351 corrigere
1605 1297 1758 1351 potuit.

318 1354 593 1395 Discedentos
633 1354 776 1409 itaque
822 1355 1099 1396 execracione
1141 1359 1184 1396 et
1217 1354 1404 1396 conuicio
1437 1368 1512 1409 per
1551 1369 1757 1395 summam

317 1413 544 1453 uerborum
591 1411 865 1453 acerbitatem
911 1412 1073 1467 insequi
1119 1412 1421 1467 perseuerauit.
1494 1411 1615 1459 Quod
1662 1427 1754 1453 cum

317 1475 588 1524 experrectus
621 1483 697 1511 rex
730 1484 783 1510 ex
814 1470 1033 1511 Absalone
1056 1475 1343 1524 cognosceret,
1376 1475 1461 1511 tam
1492 1470 1756 1524 impudentes

318 1532 360 1568 ct
391 1528 603 1581 improbos
637 1527 875 1569 desertores
907 1541 1039 1582 penas
1072 1528 1150 1569 sibi
1190 1529 1369 1569 luituros
1409 1527 1589 1569 iurabat.
1653 1527 1756 1569 Con-

315 1599 461 1627 80011εο
494 1584 648 1628 deinde
671 1586 821 1639 insula,
853 1587 1078 1627 accersitos
1109 1587 1379 1640 nauigiorum
1410 1590 1593 1627 rectores
1626 1599 1754 1639 agen-

313 1642 461 1684 dorum
493 1643 819 1698 percontacione
851 1644 1061 1685 sollicitat.
1124 1643 1432 1698 Compluribus,
1466 1648 1513 1684 ut
1543 1643 1753 1696 redeatur,

314 1701 513 1756 expedire
558 1702 716 1752 uisum,
762 1702 878 1756 quod
919 1706 1011 1743 tuto
1056 1699 1234 1757 holstem
1280 1702 1485 1743 lacessere
1530 1707 1753 1755 nequeant.

263 1772 278 1798 r,
312 1758 571 1801 Placituram
606 1774 681 1800 rex
712 1760 792 1800 sibi
837 1760 1096 1801 sentenciam
1129 1759 1390 1810 affirmabat,
1422 1759 1499 1800 nisi
1532 1773 1575 1800 ea
1611 1773 1679 1800 res
1711 1764 1753 1800 et

311 1818 453 1870 grauis
484 1818 621 1873 patrie
651 1818 779 1858 rubor
811 1823 851 1858 et
882 1818 1030 1871 ingens
1052 1818 1238 1859 hostium
1264 1817 1577 1858 incitamentum
1601 1818 1753 1858 existe-

313 1878 388 1916 ret.
434 1874 545 1916 Nam
578 1879 619 1916 et
641 1889 712 1916 eos
735 1874 895 1916 Danice
917 1875 1204 1930 expedicionis
1235 1876 1496 1930 presenciam
1521 1890 1574 1916 ex
1596 1879 1753 1915 castro-

311 1946 399 1973 rum
425 1933 613 1987 uestigiis
637 1938 940 1987 comperturos,
966 1938 1006 1974 et
1028 1933 1332 1974 clandestinam
1357 1933 1443 1974 eius
1466 1933 1752 1974 reuersionem

311 1990 525 2032 timiditati
536 1964 768 2032 &duntaxat
799 1991 1092 2046 imputaturOS.
1153 1990 1292 2032 Huius
1314 1992 1374 2032 rei
1406 2005 1533 2032 causa
1563 1990 1750 2057 peiiculo

242 2061 258 2086 s
310 2061 354 2088 se
387 2062 510 2103 quam
542 2049 686 2089 rubori
717 2053 864 2104 patere
896 2050 1034 2102 malle,
1066 2049 1178 2090 haud
1213 2063 1426 2104 quaquam
1456 2062 1638 2114 proram⁷
1671 2049 1748 2089 nisi

310 2106 507 2148 lacessito
540 2106 675 2158 hoste,
706 2120 940 2148 uei-‚surum
1002 2107 1210 2148 Preterea
1240 2121 1283 2147 sc
1317 2120 1476 2172 eorum,
1508 2107 1592 2161 qui,
1624 2106 1749 2147 simu-

309 2163 397 2204 lata
426 2165 599 2205 nauium
631 2164 872 2219 fragilitate,
906 2164 1163 2218 defecerant,
1195 2165 1406 2218 ignauiam
1431 2170 1674 2219 equatur-os,
1701 2163 1748 2217 si,

312 2235 417 2275 quos
448 2222 594 2263 labore
626 2221 837 2276 uicerant,
882 2223 1038 2264 uirtute
1074 2236 1158 2263 non
1190 2227 1463 2277 superarent,
1501 2221 1747 2276 domosque,

310 2279 501 2333 impensa
522 2279 632 2320 male
655 2280 944 2335 nauigaeione,
967 2284 1222 2335 repeterent.
1255 2279 1376 2321 Tunc
1395 2279 1748 2330 Wethemannus,

262 2351 274 2366 r
308 2337 498 2378 incautas
530 2337 669 2391 Rugie
701 2352 766 2379 res
810 2338 965 2379 recenti
1010 2337 1305 2393 speculacione
1336 2341 1558 2391 expertus,
1604 2337 1747 2378 admo-

308 2394 467 2436 uendas
488 2395 619 2436 littori
643 2396 786 2451 copias
817 2395 978 2447 suadet,
1002 2397 1037 2437 si
1065 2395 1200 2449 ignari
1230 2396 1368 2436 incole
1389 2395 1555 2444 fuerint,
1576 2395 1745 2449 impune

307 2452 481 2506 predam
516 2453 746 2508 cedemque
777 2453 974 2505 facturas,
1007 2454 1070 2494 sin
1101 2453 1293 2509 prouidi,
1335 2452 1553 2494 confestim
1587 2452 1745 2507 absque

309 2509 545 2551 discrimine
590 2511 811 2552 redituras.
883 2509 989 2558 Vtro
1028 2514 1169 2552 autem
1200 2486 1327 2552 modo
1374 2525 1418 2552 se
1459 2514 1628 2565 gerant,
1670 2523 1746 2564 per

308 2569 522 2609 arancium
569 2582 729 2611 morem
774 2563 977 2624 deprendi
1023 2583 1149 2624 posse
1193 2568 1487 2620 asseuerabat,
1533 2568 1604 2623 qui
1651 2581 1743 2608 cum

305 2625 482 2679 primam
505 2626 653 2668 diurne
676 2640 803 2683 opere
823 2630 985 2682 partem
1012 2627 1245 2682 exegerint,
1279 2640 1361 2682 quo
1385 2626 1437 2667 ad
1465 2625 1741 2667 laborandum

1816 728 1884 756 cm

1823 1017 1878 1050 (28
