1884 3126
135 866 169 892 10

131 1156 167 1183 15

129 1446 167 1472 ‘20

128 2026 165 2053 30

129 2318 164 2344 35

794 200 1062 241 —X—
1569 202 1647 242 341

206 329 497 385 instructoque
530 329 688 371 nobilis
719 328 832 371 fame
864 328 1048 384 nauigio,
1080 329 1206 371 armis
1234 327 1240 382 Ι
1267 329 1477 371 ulcionem
1500 331 1654 385 exequi

205 394 339 443 parat.
400 388 561 429 Contra
609 387 777 440 Sueno,
825 386 964 428 adcita
1016 387 1198 442 priuigni
1247 402 1397 439 manu,
1442 388 1652 430 maritimo

205 446 372 487 hostem
404 447 633 487 certamine
667 445 839 500 excipit.
883 445 931 485 In
956 459 1039 500 quo
1066 445 1190 486 Olaui
1214 445 1458 501 sagittarius
1476 445 1652 500 Enarus,

205 518 360 558 magno
409 505 597 559 corporis
645 504 832 559 artisque
878 503 1031 544 robore
1078 503 1297 558 preditus,
1345 507 1465 545 tanto
1513 504 1652 558 rigore

204 562 366 603 mirifici
397 575 519 603 arcus
564 566 823 603 tormentum
866 560 1131 615 intenderat,
1176 566 1222 602 ut
1255 575 1491 606 excussum
1515 562 1568 603 ab
1600 577 1652 604 eo

205 620 389 661 iaculum
431 619 548 661 nulla
587 634 726 661 rerum
771 619 931 660 duricia
978 618 1167 668 sisteret,
1216 634 1297 674 quo
1346 620 1481 661 minus
1521 621 1650 662 citato

204 682 324 719 motu
346 678 593 719 uniuersum
619 681 866 733 penetraret
899 677 1182 719 obstaculum.
1239 677 1287 718 In
1309 678 1468 719 malum
1489 679 1651 733 nauigii

203 735 396 777 incidens
438 736 598 790 lignum
639 735 849 777 uiolencia
891 750 967 777 sua
1012 736 1204 791 peruium
1250 735 1410 778 habuit.
1474 735 1651 790 Eadem,

204 793 422 836 interiecto
445 794 556 849 regis
580 795 742 850 clypeo,
775 793 921 836 tabule
944 795 1046 835 ratis
1069 794 1265 849 illapsum
1287 794 1360 834 uix
1384 795 1492 835 inter
1515 795 1651 837 undas

201 851 382 907 impetus
416 853 481 894 sui
514 852 640 893 finem
673 852 872 908 repperit.
935 851 1086 906 Itaque
1133 852 1304 904 grauius
1337 852 1502 893 hostem
1535 855 1650 895 solus

204 924 331 964 quam
365 915 449 951 tota
484 911 694 952 sociorum
728 924 876 951 manus
908 909 1079 951 afficere
1112 910 1258 951 ualuit.
1313 910 1512 951 Ceterum
1544 911 1649 953 adeo

204 976 318 1009 certo
342 969 427 1009 ictu
452 968 664 1010 destinata
694 968 886 1013 feriebat,
920 971 980 1021 ut,
1011 968 1208 1023 quicquid
1241 968 1486 1023 impetebat,
1520 969 1650 1010 offen-

203 1025 335 1069 deret.
402 1027 495 1075 Quo
530 1027 692 1079 euenit,
736 1031 782 1067 ut
815 1025 977 1077 Sueno,
1010 1027 1208 1068 tormenti
1244 1030 1429 1067 monstro
1463 1028 1649 1080 territus,

201 1084 297 1137 plus
329 1089 467 1126 metus
498 1085 540 1126 in
573 1085 694 1126 unico
738 1083 880 1139 stipite
925 1098 1051 1139 quam
1084 1089 1173 1126 tota
1208 1084 1387 1126 hostium
1422 1085 1556 1127 classe
1588 1100 1651 1127 re-

200 1147 392 1196 poneret.
455 1142 645 1198 Cumque
693 1142 829 1184 solum
874 1142 914 1183 in
958 1144 1048 1184 eius
1091 1143 1368 1197 corrupcione
1416 1143 1649 1185 remedium

200 1200 571 1246 animaduerteret,
604 1215 687 1242 non
722 1206 808 1241 tam
842 1200 1105 1253 sagittarium
1140 1215 1264 1256 quam
1296 1201 1398 1242 artis
1429 1202 1650 1256 sagittar-ie

200 1258 528 1300 instrumentum
550 1259 603 1300 ab
627 1260 716 1300 eius
739 1259 797 1300 rei
819 1259 965 1313 peritis
998 1259 1143 1313 impeti
1175 1259 1306 1311 iubet,
1339 1259 1496 1315 uiolata
1527 1274 1649 1301 arcus

200 1315 373 1358 fortuna
405 1318 541 1358 tucius
574 1317 732 1358 bellum
766 1331 913 1372 gerere
953 1318 1141 1372 cupiens.
1203 1317 1253 1358 In
1287 1315 1444 1372 quo<d>
1475 1317 1647 1359 delectis

201 1375 391 1416 certatim
437 1376 521 1417 tela
565 1375 916 1429 congerentibus,
957 1390 1085 1416 unum
1127 1375 1239 1416 forte
1270 1376 1386 1417 arcui
1419 1376 1647 1431 impactum

198 1433 401 1474 artificem
434 1433 619 1488 ingenio,
653 1433 818 1475 hostem
850 1433 1028 1474 uictoria
1061 1433 1274 1488 spoliauit.
1337 1432 1530 1489 Cumque
1562 1433 1647 1475 late

199 1492 413 1546 rupcionis
439 1491 528 1533 eius
556 1491 697 1546 fragor
728 1492 1009 1546 obstreperet,
1042 1496 1217 1547 stupens
1241 1491 1414 1542 Olauus,
1447 1491 1647 1547 quidnam

201 1554 314 1590 esset
347 1550 674 1603 comminutum,
707 1550 955 1603 interrogat.
1019 1549 1099 1591 Cui
1132 1548 1317 1599 Enarus,
1364 1548 1646 1604 Conuulisam,

198 1607 346 1661 inquit,
380 1607 456 1659 abs
478 1612 522 1648 te
548 1606 809 1662 Noruagiam
839 1612 955 1662 puta.
999 1607 1102 1648 Plus
1137 1621 1319 1662 namque
1353 1607 1444 1661 opis
1477 1608 1516 1648 in
1549 1621 1648 1649 arcu

201 1679 324 1720 quam
350 1666 540 1707 exercitu
564 1667 794 1720 repositum
826 1666 1054 1716 iudicabat,
1087 1665 1276 1707 futurum
1309 1679 1453 1721 pugne
1487 1666 1648 1706 exitum

127 1738 143 1762 ι’
197 1723 362 1765 abscisa
394 1724 584 1778 responsi
617 1724 853 1779 sagacitate
886 1725 1149 1778 complexus.
1213 1723 1302 1764 Nec
1335 1736 1478 1774 secus,
1520 1738 1647 1778 quam

200 1781 475 1835 predixerat,
538 1781 702 1824 accidit.
764 1781 941 1823 Fraccio
1003 1796 1187 1836 namque
1239 1796 1361 1822 arcus
1413 1781 1646 1822 insecutam

198 1838 556 1894 Noruagiensium
607 1839 768 1880 cladem
817 1839 1004 1881 ominata.
1052 1844 1130 1882 est.
1192 1839 1253 1881 Vt
1299 1844 1442 1881 autem
1485 1839 1648 1881 Olauus

198 1896 381 1938 hostium
414 1912 564 1939 manus
596 1898 818 1939 arbitrario
852 1898 941 1938 fato
973 1902 1241 1953 precurreret
1272 1901 1538 1952 mortemque
1571 1897 1647 1939 sibi

198 1955 288 2010 ipse
321 1954 656 2009 con<s>cisceret,
689 1955 813 1997 armis
846 1959 1022 1997 onustus
1045 1956 1238 2011 precipiti
1261 1956 1375 1997 saltu
1396 1955 1649 2011 profundum

197 2013 335 2067 peciit,
368 2018 571 2068 tanquam
604 2014 694 2055 uita
726 2013 906 2055 feliciter
937 2028 1216 2066 excessurus,
1261 2014 1292 2054 si
1326 2027 1412 2055 non
1444 2014 1648 2055 auiditate

198 2071 303 2112 lucis
338 2072 541 2112 uictorem
574 2071 726 2112 intueri
758 2076 994 2126 cogeretur.
1058 2071 1252 2127 Cumque
1286 2071 1427 2113 Sueno
1462 2072 1645 2114 hostium

199 2129 309 2171 uires
342 2130 383 2171 in
417 2143 536 2171 suam
566 2129 761 2171 redactas
793 2134 1049 2184 potestatem
1082 2129 1271 2183 uidisset,
1307 2144 1413 2185 quos
1445 2130 1570 2171 armis
1593 2130 1645 2172 ad

198 2187 343 2239 fugam
375 2187 666 2237 inclinauerat,
700 2188 895 2229 oracione
919 2187 972 2229 ad
996 2188 1245 2243 obsequium
1267 2189 1436 2230 flectere
1459 2189 1644 2243 cupiens,

199 2246 404 2300 insignem
449 2246 508 2287 rei
557 2245 702 2287 bellice
750 2259 991 2288 successum
1036 2246 1088 2287 ad
1137 2246 1368 2287 blandicias
1416 2246 1646 2299 transtulit,

198 2305 422 2360 uictorque
470 2318 563 2345 cum
611 2304 731 2345 uictis
781 2303 935 2359 pacisci
981 2303 1174 2345 deforme
1223 2319 1307 2346 non
1355 2304 1491 2345 duxit.
1552 2303 1646 2346 Nec

198 2361 459 2417 Noruagiam
483 2361 559 2403 sibi
582 2361 811 2403 subiecisse
844 2366 1081 2414 contentus,
1114 2362 1249 2417 petita
1271 2362 1440 2416 Anglia,
1473 2367 1645 2417 pactum

172 2434 290 2461 *cum
328 2420 565 2461 Adalstano
600 2419 766 2472 habuit,
807 2425 876 2472 ut,
918 2434 968 2461 eo
1003 2419 1257 2473 decedente,
1301 2419 1409 2473 regis
1445 2419 1566 2461 bonis
1597 2433 1646 2461 ac

197 2477 368 2519 nomine
400 2477 628 2519 frueretur.

338 2534 495 2576 Iisdem
541 2534 804 2590 temporibus
852 2535 1048 2591 Popponi
1093 2534 1410 2586 Rimbrandus,
1453 2534 1643 2577 Henrico

129 2605 166 2632 40
199 2592 365 2635 Marcus
389 2593 591 2649 pontificii
614 2592 817 2648 religione
848 2594 1071 2645 successit3
1103 2607 1178 2651 pro
1200 2592 1391 2650 Lefdago
1416 2592 1643 2639 Fulbertus

1710 350 1735 374 p.
1757 340 1807 368 505

1703 1569 1727 1593 p.
1750 1561 1776 1587 ὁ(
1785 1562 1801 1586 6
