1884 3126
234 860 270 887 10

231 1146 267 1173 15

228 1432 265 1459 20

226 1719 262 1746 25

223 2007 260 2034 30

221 2294 256 2322 35

221 2584 258 2618 4ο

309 211 391 252 566
837 223 891 230 -
950 197 1088 239 XIIII
1148 221 1202 229 -

309 333 507 376 ubertatis
527 339 715 383 tempora
731 326 991 382 predicabat.
1025 324 1151 366 quta
1167 323 1279 379 quod
1297 324 1528 377 auspicium
1545 324 1739 365 instantis

308 391 404 432 anni
435 387 563 442 copiis
585 398 694 426 nunc
716 384 895 438 parcius,
928 395 1039 423 nune
1060 381 1273 436 profusius
1299 381 1499 422 utendum
1526 382 1740 424 monebat.

306 446 449 488 Veteri
480 443 630 485 deinde
661 455 773 482 mero
807 439 860 480 ad
891 440 1020 494 pedes
1060 439 1270 480 simulacri
1311 439 1529 480 libamenti
1563 439 1735 481 nomine

307 504 467 549 defuso,
497 499 791 540 uacuefactum
822 497 1022 551 poculum
1053 497 1211 537 recenti
1246 496 1415 546 imbuit,
1458 497 1739 552 simulatoque

304 557 549 615 propinandi
581 556 717 598 officio
745 560 928 596 statuam
949 558 1189 607 ueneratus,
1222 552 1341 594 tun?¹÷
1367 554 1458 606 sibi,
1494 559 1582 594 tum
1606 555 1740 610 patrie

306 618 414 658 bona
442 615 683 667 ciuibusque
707 626 834 667 opum
856 627 904 653 ac
928 612 1197 652 uictoriarum
1220 611 1478 652 incrementa
1500 613 1738 653 solennium

306 674 522 714 uerborum
563 669 882 723 nuncupacione
924 669 1139 723 poscebat.
1203 668 1298 716 Qua
1339 669 1475 721 finita,
1520 669 1737 711 admotum

305 731 363 771 ori
387 729 581 784 poculum
600 728 725 768 nimia
743 726 913 767 bibendi
931 728 1146 768 celeritate
1165 726 1362 767 continuo
1382 727 1534 768 haustu
1553 728 1738 775 siccauit,

304 788 593 842 repletumque
637 798 751 826 mero
797 784 1002 825 simulacri
1050 784 1224 825 dextere
1270 784 1465 825 restituit.
1537 785 1740 826 Placenta

301 858 465 899 quoque
506 843 641 884 mulso
686 841 898 891 confecta,
944 841 1125 883 rotunde
1157 841 1306 894 forme,
1348 842 1595 896 granditatis
1639 857 1738 885 uero

302 906 428 955 tante,
473 905 521 941 ut
561 914 669 955 pene
711 899 889 940 hominis
935 904 1140 941 staturam
1173 904 1371 955 equaret,
1418 900 1621 941 sacrificio
1666 901 1737 941 ad-

303 959 562 1000 mouebatur.
625 957 759 1005 Quam
793 957 986 998 sacerdos
1019 957 1096 998 sibi
1127 970 1175 998 ac
1206 957 1364 1013 populo
1398 958 1580 999 mediam
1612 959 1739 1000 inter-

301 1030 487 1071 ponens,
535 1029 585 1055 an
632 1029 655 1054 a
696 1014 901 1068 Rugianis
948 1019 1214 1067 cerneretur,
1261 1017 1503 1069 percontari
1562 1016 1736 1058 solebat.

302 1073 473 1123 Quibus,
503 1072 620 1113 illum
651 1086 675 1112 a
707 1086 750 1113 se
784 1072 939 1121 uideri,
974 1072 1348 1127 respondentibus,
1382 1086 1434 1112 ne
1466 1077 1560 1127 post
1582 1087 1737 1115 annum

299 1131 352 1171 ab
386 1130 545 1171 hisdem
578 1130 690 1172 cerni
722 1134 886 1184 posset,
921 1131 1108 1185 optabat.
1171 1130 1265 1178 Quo
1296 1131 1300 1182 Ι
1327 1132 1587 1185 precacionis
1620 1145 1738 1173 more

299 1202 382 1229 non
415 1202 534 1229 suum
568 1192 639 1228 aut
670 1187 816 1242 populi
846 1188 994 1240 fatum,
1027 1188 1098 1229 sed
1130 1187 1271 1229 futura
1304 1187 1449 1229 messis
1480 1189 1740 1231 incrementa

298 1245 510 1300 poscebat.
573 1244 890 1299 Consequenter
931 1246 1008 1286 sub
1047 1246 1258 1287 simulacri
1301 1246 1469 1287 nomine
1500 1250 1740 1301 presentem

299 1303 464 1344 turbam
505 1303 816 1355 consalutabat,
865 1317 1039 1358 eamque
1092 1303 1252 1344 diucius
1299 1304 1352 1345 ad
1397 1303 1519 1345 huius
1560 1305 1738 1346 numinis

299 1360 616 1402 ueneracionem
658 1360 804 1401 sedulo
846 1361 1033 1402 sacrificii
1077 1362 1159 1402 ritu
1202 1361 1487 1416 peragendam
1531 1363 1739 1416 hortatus,

296 1418 571 1460 certissimum
604 1417 739 1459 cultus
770 1419 977 1473 premium
1009 1423 1120 1460 terra
1150 1420 1339 1474 marique
1385 1420 1739 1475 uictoriam-pro-

223 1483 235 1494 “
297 1477 504 1517 mittebat.
566 1475 645 1516 His
686 1476 743 1516 ita
786 1477 988 1530 peractis,
1031 1477 1237 1532 reliquum
1278 1477 1360 1517 diei
1403 1477 1537 1531 plenis
1572 1479 1738 1520 luxurie

298 1533 429 1588 epulis
462 1533 691 1587 exigentes,
723 1534 835 1588 ipsas
866 1534 1224 1589 sacrfficiidapes
1256 1535 1296 1575 in
1330 1549 1451 1576 usum
1485 1536 1666 1576 conuiuii
1695 1541 1738 1577 et

296 1591 393 1644 gule
423 1592 678 1632 nutrimenta
710 1596 898 1643 uertere,
943 1597 1209 1633 consecratas
1250 1593 1410 1633 numini
1454 1593 1646 1635 uictimas
1679 1595 1738 1635 in-

296 1649 576 1703 temperancie
599 1663 672 1690 sue
695 1649 854 1690 seruire
877 1654 1091 1703 cogentes.
1138 1650 1185 1691 In
1212 1664 1293 1705 quo
1318 1650 1440 1704 epulo
1465 1651 1737 1692 sobrietatem

294 1707 452 1747 uiolare
486 1707 600 1760 pium
635 1707 876 1748 estimatum
910 1712 984 1758 est,
1016 1722 1188 1749 seruare
1214 1708 1331 1749 nefas
1354 1707 1558 1751 habitum.
1606 1707 1738 1749 Num-

295 1778 385 1805 mus
416 1764 468 1805 ab
501 1777 584 1805 uno
624 1778 793 1819 quoque
835 1778 948 1806 mare
979 1766 1050 1807 uel
1080 1765 1237 1806 femina
1269 1766 1484 1806 annuatim
1529 1767 1571 1807 in
1615 1766 1737 1808 huius

295 1821 499 1862 simulacri
532 1822 686 1863 cultum
719 1822 818 1863 doni
850 1823 1018 1864 nomine
1052 1823 1329 1878 pendebatur.
1391 1823 1538 1865 Eidem
1568 1838 1736 1879 quoque

294 1879 524 1933 spoliorum
556 1894 603 1920 ac
634 1879 861 1934 predarum
900 1894 998 1935 pars
1041 1881 1170 1922 tercia
1212 1881 1520 1936 deputabatur,
1561 1882 1737 1936 perinde

294 1941 420 1991 atque
452 1937 542 1978 eius
574 1938 757 1992 presidio
780 1943 903 1993 parta
927 1938 1187 1992 obtentaque
1209 1938 1397 1980 fuissent.
1447 1939 1543 1980 Hoc
1568 1954 1735 1995 quoque

291 2008 444 2036 numen
476 1998 687 2036 trecentos
722 2010 853 2051 equos
887 1995 902 2049 [Ι
934 1996 1189 2051 descriptos,
1233 1995 1493 2051 totidemque
1527 1997 1731 2039 satellites

294 2052 334 2092 in
367 2053 425 2093 eis
458 2052 682 2094 militantes
713 2053 913 2107 habebat,
947 2067 1125 2109 quorum
1159 2067 1283 2095 omne
1305 2055 1480 2104 lucrum,
1512 2069 1586 2096 seu
1607 2056 1734 2097 armis

293 2124 367 2151 seu
398 2109 514 2151 furto
548 2110 772 2165 quesitum,
805 2111 1034 2152 sacerdotis
1063 2111 1250 2152 custodie
1271 2112 1553 2165 subdebatur3
1587 2113 1734 2168 quiex

293 2181 436 2208 earum
477 2181 614 2208 rerum
658 2169 863 2209 manubiis
904 2169 1058 2210 diuersi
1101 2170 1269 2223 generis
1312 2169 1490 2224 insignia
1528 2184 1576 2212 ac
1616 2171 1732 2212 uaria

291 2225 541 2280 templorum
576 2231 823 2267 ornamenta
857 2227 1089 2278 conflabat,
1133 2241 1266 2282 eaque
1305 2227 1510 2269 obseratis
1543 2242 1733 2269 arcarum

289 2283 483 2325 claustris
515 2283 756 2336 mandabat,
788 2284 829 2324 in
862 2285 1011 2339 quibus
1041 2290 1180 2340 preter
1203 2284 1489 2326 abundantem
1510 2287 1733 2340 pecuniam

290 2341 420 2381 multa
443 2340 628 2396 purpura
651 2345 864 2439 ueNt-ustate
886 2357 1014 2383 exesa
1037 2347 1236 2394 congesta
1261 2342 1411 2384 fuerat.
1453 2342 1547 2383 Illic
1564 2357 1732 2399 quoque

290 2398 553 2453 publicorum
583 2413 708 2440 mune
730 2413 804 2440 *um
827 2413 875 2440 ac
897 2400 1162 2454 priuatorum
1184 2400 1332 2454 ingens
1355 2400 1477 2454 copia
1501 2401 1731 2453 uisebatur,

290 2455 488 2498 studiosis
519 2456 724 2498 beneficia
754 2457 1026 2514 poscencium
1060 2458 1166 2498 uotis
1205 2458 1367 2498 collata.
1434 2457 1555 2499 Hanc
1589 2458 1730 2513 itaque

291 2517 484 2563 statuam,
518 2515 652 2555 tocius
675 2514 841 2556 Sclauie
872 2515 1147 2568 pensionibus
1180 2515 1345 2567 cultam,
1367 2515 1527 2556 finitimi
1560 2530 1730 2571 quoque

289 2584 410 2626 reges
443 2586 527 2619 non
559 2573 716 2627 absque
749 2571 958 2627 sacrilegii
990 2578 1186 2628 respectu
1214 2572 1332 2615 donis
1353 2574 1729 2631 prosequebantur.

1760 562 1884 590 CLXV}

1798 1146 1825 1172 p.
1844 1137 1884 1167 821

1795 2003 1853 2038 (32
