1884 3126
1623 779 1812 808 hXXXle

541 800 808 856 SAXONIS
848 800 1238 856 GRAMMATICI
1672 824 1700 848 p.
1721 816 1770 841 aa„

1675 848 1767 884 1168)

503 943 920 987 HISTORIE
979 943 1300 986 DANICE

731 1073 877 1107 LIBER
902 1073 1073 1108 NONVS.

339 1190 509 1263 Olauus
558 1218 718 1260 Getrici
767 1219 879 1261 filius
925 1224 1044 1275 patre
1090 1223 1257 1260 mortuo
1306 1215 1468 1273 regnat.
1543 1218 1624 1260 Hic

130 1298 146 1325 5
179 1289 358 1341 paterne
389 1285 579 1327 uindicte
620 1285 763 1328 studio
797 1286 990 1328 ciuilibus
1034 1287 1212 1342 patriam
1252 1286 1371 1328 b(]lis
1410 1286 1625 1341 implicare

177 1342 397 1397 sustinuit,
437 1343 648 1398 publicam
691 1344 891 1400 pietatem
923 1345 1088 1401 priuato
1133 1345 1302 1387 affectui
1348 1344 1622 1387 subiiciendo.

180 1400 313 1443 Cuius
357 1401 534 1443 extincti
578 1416 731 1458 corpus
778 1403 895 1445 collis
941 1404 1066 1445 Olaui
1112 1403 1234 1445 titulo
1282 1403 1447 1445 celeber
1492 1416 1625 1458 prope

175 1458 379 1502 Lethram
415 1464 641 1515 congestus
674 1462 857 1517 excepit.

317 1516 431 1559 Huic
462 1518 651 1570 succedit
682 1518 989 1574 Hemmingus3
1033 1519 1148 1561 cuius
1181 1518 1353 1573 dignum
1389 1521 1624 1558 memoratu

114 1587 148 1615 10
179 1589 285 1631 opus
319 1589 402 1618 non
437 1570 617 1632 iepperi,
650 1577 727 1618 nisi
761 1577 873 1632 quod
905 1591 1052 1633 pacem
1086 1592 1178 1619 cum
1219 1576 1372 1618 Cesare
1403 1575 1622 1617 Ludouico

177 1633 448 1675 iurisiurandi
490 1635 686 1677 firmitate
720 1636 967 1691 composuit.
1041 1635 1096 1677 Et
1126 1635 1236 1676 forte
1268 1635 1481 1688 complura
1520 1638 1623 1674 tem-

177 1705 327 1748 porum
360 1692 452 1734 eius
492 1692 696 1747 insignia,
730 1708 969 1750 quanquam
1013 1694 1203 1749 preclara
1235 1692 1470 1743 extiterint,
1501 1696 1622 1732 uetu-

177 1750 297 1792 statis
326 1750 462 1792 liuore
492 1755 709 1805 teguntur.

315 1808 421 1850 Post
454 1809 531 1850 hos
564 1808 768 1851 Siuardus
802 1813 1083 1864 cognomento
1117 1809 1243 1862 Ring,
1275 1822 1399 1864 quem
1433 1806 1621 1848 eiusdem

111 1877 146 1905 15
166 1880 357 1908 ·nom1n1s
388 1872 531 1923 pater,
572 1866 793 1923 Noruagie
835 1867 944 1918 dux,
986 1868 1083 1909 olim
1127 1882 1180 1909 ex
1211 1865 1370 1909 Gonici
1411 1865 1494 1906 filia
1534 1879 1621 1906 sus-

179 1929 367 1980 ceperat,
400 1924 547 1966 Scanis
582 1924 878 1981 Sialandisque
909 1926 1147 1967 fautoiibus
1178 1928 1337 1979 regnat.
1397 1922 1505 1964 Nam
1528 1937 1621 1964 con—

178 1983 373 2024 sobrinus
417 1983 507 2025 eius
538 1983 680 2039 Ringo
722 1983 918 2039 idemque
948 1983 1105 2025 Gotrici
1146 1997 1277 2038 nepos
1309 1982 1463 2023 lutiam
1503 1995 1621 2022 occu-

176 2040 320 2096 pabat.
400 2039 538 2095 Igitur
589 2042 713 2083 unius
764 2042 885 2097 regni
935 2041 1107 2083 diuidua
1157 2045 1369 2096 potestas,
1422 2044 1621 2093 tanquam

177 2102 359 2154 utraque
392 2102 514 2154 parte
558 2099 611 2140 ob
653 2100 909 2165 paruitatem
953 2099 1148 2155 ignobili,
1189 2113 1271 2140 non
1305 2098 1445 2154 sperni
1485 2097 1621 2163 modo,

107 2166 145 2194 20
176 2155 252 2199 sed
286 2156 420 2198 eciam
450 2157 603 2199 lacessi
637 2158 690 2199 ab
723 2158 880 2200 exteris
915 2159 1038 2214 cepit.
1092 2157 1209 2205 Quos
1241 2155 1442 2198 Siuardus
1464 2156 1621 2197 maiore

178 2214 275 2257 odio
328 2228 454 2270 quam
505 2216 623 2270 regni
676 2217 862 2258 emulum
913 2216 1152 2261 insecutus,
1204 2214 1427 2269 peregrina
1467 2216 1472 2259 l
1510 2213 1621 2256 bella

177 2272 370 2314 ciuilibus
411 2272 693 2328 preferendo,
732 2274 1017 2329 quinquennio
1061 2273 1258 2329 periculis
1302 2273 1436 2328 patrie
1480 2271 1621 2312 defen-

176 2331 337 2372 sionem
369 2345 487 2372 suam
527 2345 746 2387 opponere
778 2332 1082 2387 perseuerauit.
1145 2330 1284 2385 Elegit
1316 2331 1424 2372 enim
1468 2329 1620 2370 uulnus

175 2388 356 2431 tolerare
402 2388 703 2441 domesticum,
754 2403 836 2445 quo
883 2389 1127 2445 prompcius
1169 2393 1338 2430 sanaret
1382 2391 1618 2429 externum.

107 2454 144 2482 25
178 2446 465 2495 Quamobrem
495 2446 661 2513 Ringo,
693 2447 972 2489 domnicionis
1014 2447 1114 2489 eius
1148 2447 1369 2488 occasione
1408 2449 1621 2499 suscepta,

176 2504 421 2546 uniuersum
451 2505 616 2561 imperii
648 2506 712 2547 ius
735 2506 776 2547 in
807 2519 852 2546 se
882 2505 1020 2559 ipsum
1046 2504 1273 2546 transferre
1304 2507 1491 2553 conatus,
1522 2502 1621 2544 foris

177 2562 380 2604 excubias
411 2568 687 2618 peragentem
723 2564 838 2605 intus
868 2563 1057 2604 lacerare
1089 2562 1302 2604 sustinuit.
1373 2560 1621 2602 Prouincias

177 2620 396 2676 siquidem,
429 2635 510 2677 que
542 2621 594 2662 ab
627 2621 716 2678 ipso
757 2620 1098 2677 possidebantur,
1128 2619 1347 2671 inuadens,
1390 2619 1622 2661 communis

1675 2221 1701 2247 p.
1720 2212 1774 2239 440
