1884 3126
196 584 212 610 5

178 873 211 900 10

177 1161 210 1189 15

172 1450 209 1478 20

172 2029 208 2056 30

171 2317 208 2345 35

169 2607 208 2636 40

247 213 329 257 286
567 193 571 197 ’
793 201 855 242 ’-
914 207 1025 253 vm
1084 233 1136 241 --

245 348 442 384 strennue
494 344 708 394 gestarum
766 339 914 380 titulus
964 339 1123 381 tribuit.
1212 339 1293 381 Hic
1345 339 1475 393 enim,
1526 354 1683 382 nouum

247 400 420 441 audacie
453 412 589 453 genus
611 398 869 452 complexus,
892 397 1188 439 hereditarium
1211 397 1468 440 fortitudinis
1491 399 1682 453 spiritum

247 456 472 498 scrutande
518 469 656 496 rerum
707 461 858 496 nature
905 455 1093 510 uestigiis
1141 469 1265 510 quam
1316 455 1440 497 armis
1487 456 1680 498 excolere

248 515 415 568 maluit3
456 518 588 569 utque
627 512 731 554 alios
761 526 909 567 regum
954 513 1078 554 ardor
1112 513 1308 565 bellicus,
1355 513 1415 555 ita
1444 514 1582 568 ipsum
1615 528 1681 555 co-

242 572 582 625 gnoscendorum
612 570 873 622 mirabilium,
907 584 1156 626 quecunque
1189 571 1257 612 uel
1291 571 1577 626 experimento
1612 571 1682 612 de-

245 631 452 686 prehensa
473 629 542 670 uel
564 642 731 670 rumore
752 628 927 683 uulgata
948 627 1126 680 fuerant,
1149 628 1421 683 precordialis
1442 630 1682 671 stimulabat

244 688 437 729 auiditas.
514 686 705 741 Cumque
746 692 856 728 esset
900 689 1074 727 externa
1113 692 1239 741 atque
1282 686 1478 728 inusitata
1521 687 1682 729 uisendi

244 746 441 801 cupidus,
474 743 774 799 experiendam
807 758 881 799 pre
914 744 1064 786 ceteris
1099 743 1220 785 duxit
1254 743 1434 785 Gerutlii
1466 745 1681 786 cuiusdam

244 805 403 845 sedium
437 806 652 856 acceptam
683 815 706 842 a
737 801 987 856 Tylensibus
1030 801 1199 842 famam.
1260 801 1527 843 Incredibilia
1570 803 1678 844 enim

242 862 295 902 ab
329 862 387 902 eis
414 863 420 911 l
447 874 573 915 super
606 874 731 915 opum
763 859 862 900 inibi
894 864 1192 913 congestarum
1235 859 1524 913 magnitudine
1555 861 1680 902 iacta-

243 920 410 972 bantur,
442 919 515 960 sed
548 917 626 959 iter
659 915 879 970 omni[um]
912 917 1111 957 refertum
1147 917 1329 972 periculo
1361 931 1409 958 ac
1440 931 1550 972 pene
1573 932 1681 960 mor-

243 977 398 1018 talibus
445 976 605 1017 inuium
649 974 878 1016 ferebatur.
939 974 1200 1015 Ambitorem
1248 989 1429 1029 namque
1477 981 1680 1017 terrarum

243 1035 461 1077 Oceanum
494 1033 795 1087 nauigandum,
827 1032 958 1073 solem
985 1032 1325 1087 postponendum
1349 1046 1398 1073 ac
1419 1032 1570 1085 sidera,
1601 1033 1680 1075 sub

244 1092 360 1134 Chao
402 1090 776 1147 peregrinandum,
818 1104 867 1131 ac
905 1090 1071 1131 demum
1116 1091 1157 1130 in
1202 1090 1295 1131 loca
1336 1090 1441 1130 lucis
1483 1092 1681 1145 expercia

240 1150 493 1205 iugibusque
542 1149 728 1190 tenebris
780 1147 960 1189 obnoxia
1013 1147 1344 1200 transeundum,
1408 1154 1678 1203 expertorum

242 1209 478 1250 assercione
511 1206 745 1247 constabat.
821 1206 902 1247 Sed
935 1205 976 1245 in
1008 1205 1181 1246 iuuenili
1213 1205 1350 1246 animo
1385 1205 1678 1248 circumstantis

241 1266 415 1322 periculi
457 1270 616 1305 metum
656 1277 740 1304 non
785 1267 871 1304 tam
913 1262 1044 1317 prede
1094 1276 1218 1318 quam
1250 1263 1382 1318 glorie
1414 1263 1565 1318 cupido
1598 1265 1679 1306 cal-

242 1324 378 1375 cabat,
411 1323 589 1363 multum
620 1321 694 1362 sibi
731 1321 927 1361 claritatis
958 1334 1229 1362 accessurum
1268 1326 1483 1375 sperante,
1525 1323 1557 1362 si
1591 1336 1676 1363 rem

241 1381 292 1422 ad
327 1381 496 1422 modum
530 1380 775 1420 intentatam
808 1378 999 1419 auderet.
1062 1378 1278 1420 Trecentis
1312 1378 1420 1420 idem
1453 1393 1547 1420 cum
1579 1394 1678 1434 rege

239 1445 387 1480 uotum
428 1437 787 1492 nuncupantibus,
818 1442 1041 1477 auctorem
1081 1435 1190 1478 fame
1222 1436 1488 1478 Thorkillum
1519 1437 1679 1478 itineris

242 1497 391 1538 ducem
415 1496 566 1537 assumi
594 1494 763 1560 placuit,
797 1499 946 1548 utpote
977 1493 1163 1534 locorum
1195 1508 1382 1549 gnarum,
1415 1494 1680 1550 peritumque

241 1553 433 1596 adeunde
465 1553 646 1607 legionis
679 1553 780 1593 eius.
842 1552 896 1603 ls,
929 1551 1066 1592 officio
1099 1566 1183 1593 non
1214 1556 1419 1605 recusato,
1451 1552 1677 1594 aduersum

229 1613 478 1662 ,inusituam
511 1587 757 1664 ”nauigandi
810 1610 933 1651 maiis
984 1610 1179 1651 seuiciam
1237 1610 1416 1651 firmiore
1468 1615 1677 1652 structure

241 1684 396 1724 geneie
436 1665 640 1723 nodisque
674 1668 952 1709 crebrioribus
982 1681 1030 1708 ac
1062 1667 1390 1709 consercioribus
1422 1667 1552 1708 clauis
1584 1683 1676 1723 pre·

194 1739 206 1754 f
240 1728 426 1783 paranda
468 1727 585 1768 iubet
626 1726 794 1780 nauigia
836 1725 1029 1778 solidmi,
1075 1724 1304 1780 eademque
1335 1726 1495 1778 magnis
1527 1725 1677 1782 repleii

242 1784 567 1837 commeatibus,
607 1798 657 1825 ac
689 1783 853 1825 bouinis
894 1797 1075 1837 superne
1116 1782 1354 1848 tergoribus
1395 1783 1553 1835 claudi,
1596 1797 1678 1839 que

240 1845 465 1885 intrinseca
505 1842 675 1884 nauium
707 1842 847 1897 spacia
879 1841 932 1882 ab
962 1841 1265 1882 incursancium
1301 1839 1507 1881 undarum
1539 1855 1678 1896 asper-

239 1901 335 1956 gine
368 1905 603 1943 tuerentur.
665 1899 771 1940 Inde
813 1899 944 1940 tribus
985 1898 1192 1939 duntaxat
1238 1898 1412 1939 liburnis
1456 1899 1675 1953 nauigacio

240 1959 437 2011 tenditur
469 1971 724 2023 unaquaque
756 1963 955 1998 centenos
988 1956 1178 2010 capiente
1210 1956 1407 1997 delectos.

376 2017 435 2058 At
466 2006 535 2057 ub'i
568 2017 608 2056 in
642 2015 870 2069 Halogiam
901 2021 1089 2065 uentum,
1122 2014 1317 2055 secundis
1348 2014 1514 2055 flatibus
1547 2014 1674 2056 desti-

240 2075 340 2128 tuti,
384 2074 503 2115 uaria
544 2073 682 2128 pelagi
723 2072 950 2114 iactacioue
991 2071 1126 2113 dubiis
1174 2071 1460 2125 nauigacionis
1506 2072 1674 2114 casibus

240 2132 487 2187 agebantur.
548 2130 735 2172 Tandem
782 2144 856 2185 per
898 2143 1102 2171 summam
1148 2129 1443 2170 alimentorum
1490 2130 1673 2184 inopiam

240 2191 370 2231 eciam
418 2203 527 2244 pane
574 2188 744 2242 defecti,
792 2187 945 2242 exigue
990 2186 1117 2241 pultis
1164 2201 1242 2228 usu
1288 2191 1456 2228 traxere
1506 2187 1672 2230 famem.

239 2247 487 2301 Inter},iectis
509 2246 669 2299 dicbus,
702 2246 863 2287 eminus
885 2249 1221 2300 perstrepentem
1242 2245 1427 2299 procelle
1447 2244 1672 2299 fragorem,

238 2305 412 2361 perinde
456 2319 504 2346 ac
545 2305 741 2370 scopulos
781 2302 1044 2356 inundantis,
1081 2302 1325 2344 exaudiunt.
1386 2302 1521 2355 Igitu'r
1552 2303 1673 2344 intel-

240 2365 350 2404 lecta
383 2362 543 2404 telluris
575 2361 748 2414 uicinia,
789 2361 986 2415 agilitatis
1029 2360 1181 2401 eximie
1220 2360 1386 2401 iuuenis
1418 2360 1671 2414 speculande

239 2421 299 2462 rei
328 2420 470 2486 gracia
502 2433 699 2461 cacumen
730 2419 830 2459 mali
861 2417 1143 2460 conscendere
1175 2419 1325 2470 iussus,
1357 2419 1544 2473 pre-rupti
1570 2418 1672 2459 situs

238 2479 419 2520 insulam
450 2478 490 2518 in
523 2482 752 2532 conspectu
786 2490 889 2529 esse,
922 2475 1158 2517 denunciat.
1220 2474 1314 2516 Leti
1346 2472 1505 2530 omlnes
1538 2476 1672 2529 regio-

238 2550 347 2589 nem,
379 2550 466 2591 que⁴
482 2535 535 2576 ab
558 2549 606 2576 eo
629 2534 953 2589 significabatur,
982 2533 1115 2574 auidis
1138 2534 1415 2586 insequuntur
1431 2533 1670 2587 luminibus,

237 2598 398 2637 attente
446 2593 641 2650 promissi
691 2592 839 2634 littoris
889 2591 1117 2648 presidium
1168 2595 1454 2646 expectantes,
1543 2591 1671 2633 Cuius

1734 877 1761 902 p.
1781 869 1830 895 42¹
