1884 3126
136 905 167 932 10

130 1199 163 1226 15

125 1489 161 1516 20

125 1779 160 1807 25

122 2072 160 2100 30

123 2362 158 2388 35

773 241 1065 283 —XI-
1465 283 1470 291 ,
1566 238 1649 280 309

201 383 363 425 rexque
404 369 474 411 uel
512 368 779 412 desertorum
822 369 1075 426 impunitate
1116 366 1383 424 despicabilis
1426 365 1495 409 uel
1536 380 1651 423 pena

201 429 360 469 cunctis
393 428 563 477 inuisus
588 427 802 469 euaderet.
863 428 930 470 Ita
971 433 1012 470 et
1043 428 1215 470 fratrem
1258 430 1299 468 et
1330 424 1546 467 dominum
1578 425 1651 466 ad-

200 490 356 527 uentus
388 486 465 527 sui
485 486 757 528 cunctacione
789 486 1031 537 ludificans,
1076 492 1159 527 tam
1195 483 1316 526 uafre
1360 486 1530 537 tamque
1551 483 1649 535 1110-

200 543 354 586 sidiose
386 544 564 586 racionis
588 549 828 586 commento
849 543 1047 600 generosi
1079 557 1128 585 00
1154 542 1273 586 fortis
1296 541 1502 597 propositi
1532 542 1649 584 moli-

200 603 361 644 cionem
395 603 598 644 subruere
621 603 867 644 conabatur.
915 601 1006 644 Nec
1038 616 1132 643 011111
1169 599 1320 642 callida
1353 599 1518 641 consilii
1535 601 1648 642 racio

199 659 361 703 fefellit.
426 660 535 702 Nam
578 665 669 703 tota
711 675 734 702 a
766 674 868 716 rege
902 660 1070 711 classis,
1103 658 1291 701 fastidita
1323 658 1412 700 eius
1449 661 1647 712 expecta-

198 718 788 773 cione,ldefecit.Re1um
829 719 961 766 enim„
1008 732 1091 774 que
1137 732 1160 758 a
1198 717 1329 758 fratre
1373 715 1647 771 gerebantur,

197 777 383 832 ignarus,
407 777 608 819 morantis
632 777 861 823 aduentum
886 790 1167 832 sepenumero
1191 774 1400 816 mandatis
1430 781 1648 829 exegerat,

199 850 295 877 cum
325 835 498 877 tandem
530 835 581 877 de
614 836 704 877 eius
735 835 913 891 perfidia
944 836 1106 878 cercior
1137 831 1289 887 factus,
1323 831 1455 873 classe
1486 837 1647 888 presto-

199 894 276 935 1011
309 895 448 948 10000,
483 893 721 935 Slesuicum
753 894 984 936 lectissima
1015 907 1144 935 manu
1175 891 1373 947 festinato
1416 891 1649 947 contendit,

200 953 342 1007 ibique
373 928 548 994 fralrem
581 953 845 1008 inopinatum
877 956 918 993 et
941 951 1166 993 attonitum
1198 949 1435 1004 intercepit.
1479 949 1647 992 Deinde

198 1010 454 1065 productum
484 1015 817 1066 accusatumque
850 1025 927 1052 nec
960 1010 1126 1052 obiecta
1147 1007 1289 1051 ualide
1314 1007 1647 1064 pimopulsantem

198 1068 374 1123 perinde
397 1082 446 1109 ac
468 1070 710 1111 conuictum
732 1069 1098 1124 impotentemque
1122 1066 1396 1131 defensionis,
1418 1065 1649 1133 compediri

197 1141 222 1168 a
291 1126 493 1169 militibus
564 1127 695 1169 iubet.
788 1126 872 1175 Qui
950 1126 1183 1168 indebitam
1258 1124 1375 1178 legio
1452 1125 1648 1179 sanguini

198 1185 500 1227 contumeliam
524 1186 610 1227 suis
634 1185 827 1227 manibus
850 1184 1239 1227 amministrandam
1260 1182 1497 1237 negabant3
1530 1183 1647 1225 cuius

198 1247 317 1284 tanta
358 1243 470 1298 apud
512 1243 626 1299 ipsos
667 1244 890 1286 ueneracio
931 1235 1032 1296 fuit,
1072 1246 1123 1283 01
1160 1257 1215 1283 ex
1258 1256 1306 1284 eo
1349 1244 1464 1283 ortos
1510 1246 1648 1283 morte

196 1315 321 1357 quam
362 1302 543 1343 uinculis
587 1302 793 1343 mulctare
838 1301 1035 1352 mallent,
1076 1300 1340 1342 tolerabilius
1377 1295 1484 1345 1011
1532 1298 1646 1354 quod

196 1360 431 1401 communis
463 1360 655 1402 condicio
689 1359 886 1411 admittit,
919 1373 1048 1415 quam
1071 1358 1181 1415 quod
1213 1358 1369 1400 s--e1uile
1393 1357 1645 1423 supplicium

197 1418 341 1472 exigit.
405 1416 487 1459 Sed
522 1421 563 1460 et
592 1418 733 1473 gentis
764 1423 909 1460 nostre
941 1417 1199 1460 uerecundia
1230 1429 1438 1458 summam
1480 1417 1522 1457 in
1554 1416 1645 1457 uin-

194 1476 383 1517 culorum
434 1489 546 1542 pena
598 1476 901 1542 turpitudinem
947 1490 1155 1542 reponere
1202 1467 1447 1525 consueuit,
1494 1474 1643 1529 hisque

193 1533 301 1576 affici
345 1534 462 1576 omni
492 1534 580 1576 fato
612 1534 774 1576 tristius
808 1535 947 1589 ducit,
988 1535 1194 1590 ingenuas
1236 1537 1399 1575 mentes
1438 1532 1643 1588 probroso

193 1606 322 1647 quam
361 1597 534 1634 cruento
582 1592 790 1659 supplicio
834 1594 1074 1648 puniciores
1121 1592 1392 1641 existimans,
1438 1595 1644 1646 tantoque

192 1651 374 1692 alterum
406 1651 539 1692 altero
563 1652 797 1706 speciosius
828 1666 1021 1702 censens,
1055 1655 1260 1707 quantum
1294 1654 1444 1691 nature
1474 1648 1644 1690 habitus

193 1707 218 1749 a
267 1707 441 1751 fortune
493 1709 602 1750 uicio
657 1709 813 1751 distare
865 1708 1062 1752 creditur.
1147 1707 1391 1750 Mandatam
1443 1706 1644 1748 militibus

193 1781 364 1822 operam
405 1767 639 1809 communis
681 1767 813 1809 frater
844 1767 994 1809 Ericus
1028 1767 1278 1823 exequitur,
1310 1766 1407 1821 plus
1438 1765 1537 1806 iusti
1568 1764 1645 1806 im-

193 1825 306 1891 perii
329 1839 454 1880 quam
486 1826 619 1881 iniqui
649 1825 837 1880 germani
872 1827 1082 1882 respectui
1114 1800 1410 1877 tribuendum,
1441 1837 1517 1865 nec
1550 1836 1644 1864 san-

191 1883 309 1938 guini
330 1883 601 1938 parcendum,
631 1882 732 1925 dum
749 1884 858 1926 nicia
881 1883 1128 1950 puniuntur,
1156 1883 1418 1926 existimans.
1461 1881 1643 1936 Quippe,

192 1954 320 2007 quem
351 1941 486 1983 uirtus
518 1941 736 1994 defecerit,
769 1942 929 1983 nullam
950 1941 1092 2008 stirpis
1115 1942 1409 1984 reuerenciam
1437 1939 1642 1994 obtinere,

192 1999 410 2055 animique
432 1999 528 2041 labe
550 1999 696 2041 fedum
720 2014 885 2042 omnem
908 2001 1074 2056 8000110
1094 2000 1330 2043 infuscasse
1359 1998 1642 2054 splendorem.

191 2056 328 2112 Igitur
361 2070 443 2098 non
492 2063 579 2099 tam
608 2057 750 2100 fratris
783 2072 939 2100 nomen
971 2073 1094 2114 quam
1127 2057 1337 2115 parricide
1378 2057 1643 2112 propositum

193 2115 448 2158 intuebatur.
512 2115 632 2157 Adeo
667 2118 882 2172 sanguinis
904 2117 1090 2174 precium
1124 2117 1327 2170 euilescit,
1360 2129 1453 2171 011111
1477 2130 1522 2157 00
1555 2129 1642 2156 mo-

193 2173 309 2215 ribus
340 2173 567 2229 ignobilem
597 2174 757 2217 fecerit.

331 2231 432 2274 Post
459 2231 536 2273 hec
574 2247 649 2274 rex
689 2232 886 2280 Olauum,
919 2233 1080 2275 catenis
1115 2234 1345 2276 coercitum
1384 2231 1643 2287 nauigioque

191 2290 233 2330 in
280 2289 522 2331 Flandriam
563 2304 622 2331 re
611 2291 820 2344 0801010,
871 2291 1069 2333 001001011
1117 2292 1311 2334 custodie
1355 2288 1643 2331 mandandum

190 2348 366 2389 curauit.
417 2346 545 2390 Cuius
568 2348 813 2403 capcionem
837 2350 1046 2391 coniurati
1070 2365 1218 2406 parum
1247 2349 1362 2391 fama
1386 2352 1457 2390 aut
1489 2346 1642 2389 nuncio

191 2407 379 2461 experti,
422 2419 502 2460 quo
543 2406 733 2448 callidius
774 2408 1010 2449 exercitum
1047 2410 1281 2454 solueient,
1322 2408 1498 2448 inertem
1532 2404 1641 2470 regis

191 2478 353 2505 moram
369 2463 692 2520 absenciamque
725 2466 897 2514 causati,
913 2466 1089 2508 classem
1106 2466 1368 2508 clandestino
1386 2464 1547 2505 monitu
1564 2462 1642 2503 011·-

193 2527 450 2564 cunuentam
481 2521 627 2564 domos
658 2523 774 2563 abire
794 2523 1018 2565 iusserunt.
1071 2525 1209 2573 Quam
1232 2538 1318 2564 rem
1341 2521 1469 2577 siquis
1500 2520 1640 2575 palam

192 2580 442 2620 exhortatus
471 2579 633 2630 fuisset,
665 2580 888 2635 publicatis
921 2581 1040 2623 bonis
1072 2589 1145 2624 aut
1181 2583 1223 2623 in
1257 2581 1431 2623 exilium
1466 2579 1535 2633 agi
1566 2583 1640 2620 aut

125 2650 162 2677 40
193 2637 363 2694 capitali
417 2638 624 2695 supplicio
678 2638 790 2681 affici
853 2639 948 2694 lege
1001 2641 1261 2685 merebatur.
1353 2638 1639 2687 Quamobrem

1704 495 1800 538 (218)

1704 739 1731 764 p.
1752 731 1803 758 585

1697 2481 1724 2505 p.
1745 2472 1796 2500 5³6
