1884 3126
317 911 352 936 10

314 1196 348 1222 15

317 1481 353 1508 20

313 1768 350 1795 ‘25

309 2055 346 2082 30

308 2343 344 2370 35

392 263 472 303 652
948 280 996 285 -
1056 254 1142 296 XV
1204 278 1254 284 —

390 390 627 435 iuuentute,
669 382 918 425 discedere*
948 381 1160 437 permisit,
1191 382 1284 422 11106
1315 385 1486 435 postera
1517 379 1629 435 apud
1661 380 1809 420 siluam
1848 391 1884 418 c:

389 445 526 500 portui
567 442 742 483 uicinam
786 439 1097 494 opportunioris
1139 438 1336 493 colloquii
1375 438 1518 491 gracia
1556 437 1813 491 presenciam

394 501 663 542 redditurum.
735 498 902 538 Interea
944 496 1059 537 filios·
1094 496 1251 549 regiam
1295 509 1448 536 nauem
1487 498 1659 548 petere,
1690 495 1814 549 inque

395 573 442 598 ea
492 557 568 597 sub
611 555 748 609 specie
793 553 988 594 lusitandi
1038 553 1193 594 morari
1244 553 1455 607 precepit,
1507 552 1815 593 carissimorum

388 615 602 668 pignorum
634 612 824 651 familiari
857 611 1200 663 conuersacione,
1242 611 1283 650 in
1326 615 1483 664 quanto
1516 610 1626 663 regis
1659 608 1814 650 aduen-

386 677 468 711 tum
502 674 689 724 poneret,
725 668 947 709 ostendere
980 668 1163 721 cupiens.
1224 668 1289 708 De
1312 680 1491 721 quorum
1522 666 1681 721 nupciis
1714 680 1808 707 con-

385 728 490 767 dicto
526 729 567 767 in
597 727 689 766 loco
722 725 1133 770 1116ῃο10116111016113,
1165 725 1311 765 maiori
1341 721 1525 779 tringinta
1546 725 1657 764 milia
1678 724 1810 765 talen-

384 790 484 836 tum,
518 783 662 824 minori
696 791 789 823 octo
812 783 852 822 in
876 783 1127 830 matrimonii
1152 782 1439 823 condicionem
1465 781 1665 836 deposcit.
1711 781 1802 829 Que

384 856 448 881 ros
480 844 672 895 suspecta
704 840 922 881 Danorum
954 840 1181 880 maioribus
1211 839 1303 889 fuit,
1336 840 1520 893 uirgines
1552 838 1735 880 nondum
1759 839 1810 879 ad

384 898 565 939 nubendi
611 903 764 938 etatem
810 904 1032 951 prouectas
1078 897 1369 938 fraudulenter
1414 897 1467 938 ab
1513 910 1562 937 eo
1609 896 1815 952 postulari

383 955 659 996 credentibus.
735 954 816 995 Sed
862 954 1186 1003 Waldemarus,
1233 954 1430 995 maiorem
1479 968 1680 995 summam
1729 954 1813 994 suis

384 1013 531 1066 opibus
562 1013 763 1066 imparem
795 1012 1028 1057 arbitratus,
1060 1012 1290 1064 minorem,
1325 1012 1513 1065 Vngarie
1544 1013 1667 1065 regis,
1699 1017 1815 1052 arcta

382 1070 456 1109 sibi
489 1070 800 1123 propinquitate
832 1070 1056 1121 coniuncti,
1088 1069 1240 1110 fiducia
1271 1070 1506 1124 pollicetur.
1569 1069 1681 1110 Huic
1719 1082 1816 1123 pac-

383 1127 490 1167 cioni
521 1127 789 1167 iureiurando
820 1127 992 1167 firmitas
1025 1126 1190 1167 adiecta
1212 1131 1287 1176 est,
1319 1127 1693 1182 desponsionisque
1723 1126 1813 1166 uin-

381 1185 518 1224 culum
562 1184 808 1224 sacramenti
853 1185 1057 1238 religione
1104 1185 1389 1227 constrictum.
1463 1184 1541 1225 His
1589 1185 1691 1225 actis
1737 1197 1813 1224 rex

382 1242 570 1294 nauigia,
614 1241 740 1282 Cesar
778 1246 913 1282 castra
944 1242 1129 1295 repeciit.
1192 1242 1284 1289 Quo
1325 1246 1515 1297 tempore
1547 1241 1810 1294 Sclauorum,

381 1298 431 1338 ad
464 1299 599 1352 ipsum
633 1299 745 1352 regie
778 1300 919 1340 classis
952 1303 1065 1339 metu
1098 1300 1274 1352 nauigiis
1307 1300 1503 1354 progredi
1535 1313 1619 1341 non
1652 1299 1809 1340 auden-

381 1356 502 1408 cium,
534 1356 682 1409 legatis
714 1357 907 1410 receptis,
941 1357 1123 1397 diluculo
1147 1357 1365 1409 nauigium
1388 1358 1509 1410 regis,
1541 1371 1674 1411 paruo
1707 1356 1810 1397 mili-

381 1422 470 1452 tum
511 1428 683 1454 numero
727 1415 978 1467 comitante,
1012 1414 1200 1455 eiusdem
1233 1415 1368 1455 cimba
1399 1414 1623 1464 aduectus,
1656 1413 1814 1454 cunctis

383 1470 622 1524 inopinatus
664 1471 861 1513 ascendit.
931 1472 1066 1525 Igitur
1105 1486 1205 1526 rege
1247 1472 1455 1513 exercitus
1501 1473 1565 1512 sui
1610 1472 1814 1527 primores

382 1527 666 1583 particilpandi
715 1529 907 1584 colloquii
954 1530 1094 1583 gracia
1141 1529 1437 1578 contrahente,
1489 1530 1623 1570 solum
1674 1529 1812 1583 Rugie

380 1586 610 1641 principem
652 1586 922 1639 Iar-imarum,
967 1601 1090 1642 quem
1132 1587 1266 1640 pridie
1307 1588 1591 1642 compluribus
1636 1600 1813 1629 uenera-

380 1642 508 1684 cionis
540 1643 698 1695 officiis,
729 1645 900 1698 insuper
933 1645 1048 1699 regio
1081 1647 1248 1685 nomine
1279 1645 1473 1686 adulatus
1507 1644 1657 1698 fuerat,
1699 1645 1810 1698 quod

381 1714 474 1740 611111
507 1701 639 1741 Danis
678 1715 882 1756 perquam
918 1701 1042 1742 fidum
1084 1717 1167 1743 non
1210 1703 1437 1756 ignoraret,
1480 1703 1622 1743 uocari
1665 1716 1813 1757 passus

381 1771 463 1797 non
498 1763 572 1799 est.
634 1758 806 1800 Habere
838 1759 988 1801 deinde
1021 1776 1065 1802 se
1099 1760 1215 1811 dixit,
1251 1761 1362 1814 quod
1394 1760 1444 1801 ad
1478 1774 1619 1813 regem
1651 1766 1811 1801 secreto

382 1815 536 1855 referre
568 1816 730 1870 cupiat,
763 1831 882 1871 quem
927 1818 979 1858 ob
1013 1818 1199 1858 futurum
1231 1818 1362 1858 mutui
1405 1817 1618 1868 sanguinis
1651 1821 1814 1859 contra-

382 1878 492 1913 ctum
528 1887 608 1914 non
643 1875 821 1915 amicum
853 1875 994 1927 modo,
1026 1890 1173 1916 uerum
1207 1876 1336 1915 eciam
1370 1876 1609 1916 unanimem
1642 1876 1809 1917 habeat.

380 1930 553 1971 Sclauos
585 1932 789 1985 siquidem
822 1933 1051 1973 eneruandi
1083 1933 1223 1987 gracia
1258 1932 1427 1974 Henrici
1449 1947 1474 1973 a
1495 1948 1538 1973 se
1571 1933 1811 1987 promissio-

378 1988 498 2028 nibus
521 1989 694 2030 allcctos
718 2004 821 2042 esse,
856 2004 972 2045 quas,
1007 1990 1154 2031 eodem
1179 1995 1441 2044 expugnato,
1466 1991 1634 2030 minime
1658 1991 1813 2045 exequi

377 2045 503 2098 uelit,
537 2060 718 2098 memor,
755 2046 853 2101 quid
897 2048 994 2088 olim
1027 2048 1104 2089 sibi
1137 2048 1188 2088 de
1220 2048 1454 2102 subigenda
1487 2047 1653 2089 Sclauia
1694 2048 1812 2103 polli-

378 2103 483 2142 citus
516 2103 657 2145 fuerit.
720 2103 851 2146 Orare
893 2105 1069 2158 deinde,
1102 2106 1314 2158 paciatur,
1356 2120 1400 2147 se
1432 2119 1523 2146 eam
1555 2106 1604 2145 ad
1643 2118 1812 2159 presens

378 2161 440 2199 sui
474 2161 655 2201 muneris
686 2161 837 2203 facere.
871 2163 976 2203 binis
997 2163 1193 2204 fratribus
1225 2162 1389 2215 gemine
1421 2163 1657 2217 prefecture
1689 2163 1811 2204 titulo

378 2218 605 2271 speciosius
648 2233 772 2273 quam
815 2219 1050 2261 diuturnius
1090 2219 1368 2262 tribuendam.
1430 2220 1617 2262 Eandem
1657 2221 1811 2275 quippe

378 2288 422 2315 se
456 2275 506 2328 ei,
538 2277 759 2330 profligato
795 2277 995 2330 chrico,
1029 2279 1232 2319 subiicere
1265 2283 1523 2319 curaturum.
1585 2278 1813 2318 Annuente

374 2345 487 2385 rege,
520 2339 777 2388 posteroque
820 2335 886 2376 die
920 2336 1161 2378 concionem
1195 2340 1390 2389 petente,
1436 2335 1739 2389 Bugiszlauum
1771 2340 1812 2376 et

376 2389 658 2443 Kazimarum,
691 2391 800 2432 datis
830 2393 1060 2433 solenniter
1082 2394 1241 2448 aquilis,
1273 2392 1437 2434 Sclauie
1463 2393 1589 2434 duces
1611 2393 1811 2447 appellat,

329 2447 332 2450 ’
376 2452 563 2488 ueterem
595 2457 724 2501 atque
756 2449 1064 2491 hereditariam
1092 2451 1226 2505 patrie
1258 2450 1494 2491 libertatem
1537 2450 1653 2491 uanis
1685 2455 1811 2505 atquc

311 2631 346 2657 40

375 2504 533 2546 fucosis
566 2505 815 2558 dignitatum
848 2507 1086 2548 nominibus
1119 2507 1397 2549 uenditantes.
1446 2508 1528 2556 Qui
1560 2508 1592 2549 si
1623 2507 1811 2557 scissent,

378 2567 534 2616 quanto
585 2564 697 2604 oneri
739 2579 785 2605 se
831 2565 974 2619 exigui
1016 2566 1143 2620 panni
1188 2566 1437 2621 recepcione
1482 2565 1811 2617 substernerent,

376 2624 553 2664 mortem
595 2620 796 2675 beneficio
837 2623 1135 2681 pretulisscnt,
1176 2627 1250 2664 aut
1290 2623 1442 2681 priuati
1484 2624 1525 2667 in
1570 2637 1694 2664 omne
1725 2623 1811 2665 uite

689 2712 702 2733 (⁴

701 2737 709 2755 χ
