<?xml version="1.0" encoding="UTF-8"?>
<!DOCTYPE html PUBLIC "-//W3C//DTD XHTML 1.0 Transitional//EN"
    "http://www.w3.org/TR/xhtml1/DTD/xhtml1-transitional.dtd">
<html xmlns="http://www.w3.org/1999/xhtml" xml:lang="en" lang="en">
 <head>
  <title>
</title>
<meta http-equiv="Content-Type" content="text/html;charset=utf-8" />
  <meta name='ocr-system' content='tesseract 3.04.00' />
  <meta name='ocr-capabilities' content='ocr_page ocr_carea ocr_par ocr_line ocrx_word'/>
</head>
<body>
  <div class='ocr_page' id='page_1' title='image "./saxonisgrammatic00saxouoft_0211.png"; bbox 0 0 1884 3126; ppageno 0'>
   <div class='ocr_carea' id='block_1_1' title="bbox 134 890 166 918">
    <p class='ocr_par' dir='ltr' id='par_1_1' title="bbox 134 890 166 918">
     <span class='ocr_line' id='line_1_1' title="bbox 134 890 166 918; baseline 0 0"><span class='ocrx_word' id='word_1_1' title='bbox 134 890 166 918; x_wconf 90' lang='lat'>10</span> 
     </span>
    </p>
   </div>
   <div class='ocr_carea' id='block_1_2' title="bbox 132 1181 166 1210">
    <p class='ocr_par' dir='ltr' id='par_1_2' title="bbox 132 1181 166 1210">
     <span class='ocr_line' id='line_1_2' title="bbox 132 1181 166 1210; baseline -0.059 0"><span class='ocrx_word' id='word_1_2' title='bbox 132 1181 166 1210; x_wconf 86' lang='lat'>15</span> 
     </span>
    </p>
   </div>
   <div class='ocr_carea' id='block_1_3' title="bbox 127 1474 164 1502">
    <p class='ocr_par' dir='ltr' id='par_1_3' title="bbox 127 1474 164 1502">
     <span class='ocr_line' id='line_1_3' title="bbox 127 1474 164 1502; baseline 0 0"><span class='ocrx_word' id='word_1_3' title='bbox 127 1474 164 1502; x_wconf 88' lang='grc'>20</span> 
     </span>
    </p>
   </div>
   <div class='ocr_carea' id='block_1_4' title="bbox 126 1766 163 1794">
    <p class='ocr_par' dir='ltr' id='par_1_4' title="bbox 126 1766 163 1794">
     <span class='ocr_line' id='line_1_4' title="bbox 126 1766 163 1794; baseline -0.027 0"><span class='ocrx_word' id='word_1_4' title='bbox 126 1766 163 1794; x_wconf 82' lang='grc'>25</span> 
     </span>
    </p>
   </div>
   <div class='ocr_carea' id='block_1_5' title="bbox 127 2058 165 2086">
    <p class='ocr_par' dir='ltr' id='par_1_5' title="bbox 127 2058 165 2086">
     <span class='ocr_line' id='line_1_5' title="bbox 127 2058 165 2086; baseline -0.026 0"><span class='ocrx_word' id='word_1_5' title='bbox 127 2058 165 2086; x_wconf 86' lang='grc'><strong>30</strong></span> 
     </span>
    </p>
   </div>
   <div class='ocr_carea' id='block_1_6' title="bbox 130 2347 166 2375">
    <p class='ocr_par' dir='ltr' id='par_1_6' title="bbox 130 2347 166 2375">
     <span class='ocr_line' id='line_1_6' title="bbox 130 2347 166 2375; baseline 0.028 -1"><span class='ocrx_word' id='word_1_6' title='bbox 130 2347 166 2375; x_wconf 76' lang='lat'>35</span> 
     </span>
    </p>
   </div>
   <div class='ocr_carea' id='block_1_7' title="bbox 131 2638 168 2666">
    <p class='ocr_par' dir='ltr' id='par_1_7' title="bbox 131 2638 168 2666">
     <span class='ocr_line' id='line_1_7' title="bbox 131 2638 168 2666; baseline 0 0"><span class='ocrx_word' id='word_1_7' title='bbox 131 2638 168 2666; x_wconf 80' lang='lat'>40</span> 
     </span>
    </p>
   </div>
   <div class='ocr_carea' id='block_1_8' title="bbox 760 222 1640 272">
    <p class='ocr_par' dir='ltr' id='par_1_8' title="bbox 760 222 1640 272">
     <span class='ocr_line' id='line_1_8' title="bbox 760 222 1640 272; baseline 0.01 -9"><span class='ocrx_word' id='word_1_8' title='bbox 760 245 810 252; x_wconf 91' lang='lat'>-—</span> <span class='ocrx_word' id='word_1_9' title='bbox 871 222 965 265; x_wconf 92' lang='lat' dir='ltr'>IIII</span> <span class='ocrx_word' id='word_1_10' title='bbox 1027 248 1077 253; x_wconf 85' lang='lat'><strong>—</strong></span> <span class='ocrx_word' id='word_1_11' title='bbox 1561 231 1640 272; x_wconf 84' lang='lat'>117</span> 
     </span>
    </p>
   </div>
   <div class='ocr_carea' id='block_1_9' title="bbox 196 350 1647 1225">
    <p class='ocr_par' dir='ltr' id='par_1_9' title="bbox 197 350 1642 467">
     <span class='ocr_line' id='line_1_9' title="bbox 197 350 1642 407; baseline 0.004 -13"><span class='ocrx_word' id='word_1_12' title='bbox 197 351 393 394; x_wconf 88' lang='lat' dir='ltr'>iocundis</span> <span class='ocrx_word' id='word_1_13' title='bbox 426 364 634 407; x_wconf 81' lang='lat' dir='ltr'>excepere</span> <span class='ocrx_word' id='word_1_14' title='bbox 673 350 881 407; x_wconf 80' lang='lat' dir='ltr'><strong>tripudiis.</strong></span> <span class='ocrx_word' id='word_1_15' title='bbox 945 351 1102 399; x_wconf 69' lang='lat' dir='ltr'>Quieut</span> <span class='ocrx_word' id='word_1_16' title='bbox 1142 359 1231 396; x_wconf 78' lang='lat' dir='ltr'>tuni</span> <span class='ocrx_word' id='word_1_17' title='bbox 1271 356 1490 399; x_wconf 83' lang='lat' dir='ltr'>Athislane</span> <span class='ocrx_word' id='word_1_18' title='bbox 1531 358 1642 400; x_wconf 92' lang='lat' dir='ltr'>cedis</span> 
     </span>
     <span class='ocr_line' id='line_1_10' title="bbox 199 409 1253 467; baseline 0.003 -16"><span class='ocrx_word' id='word_1_19' title='bbox 199 409 386 463; x_wconf 86' lang='lat' dir='ltr'>infamia,</span> <span class='ocrx_word' id='word_1_20' title='bbox 421 409 730 466; x_wconf 79' lang='lat' dir='ltr'>Saxonumque</span> <span class='ocrx_word' id='word_1_21' title='bbox 762 409 999 464; x_wconf 81' lang='lat' dir='ltr'>obprobriis</span> <span class='ocrx_word' id='word_1_22' title='bbox 1031 411 1253 467; x_wconf 79' lang='lat' dir='ltr'>expirauit.</span> 
     </span>
    </p>

    <p class='ocr_par' dir='ltr' id='par_1_10' title="bbox 196 467 1647 1225">
     <span class='ocr_line' id='line_1_11' title="bbox 337 467 1644 529; baseline 0.005 -19"><span class='ocrx_word' id='word_1_23' title='bbox 337 468 406 510; x_wconf 90' lang='lat' dir='ltr'>Ita</span> <span class='ocrx_word' id='word_1_24' title='bbox 429 467 616 510; x_wconf 79' lang='lat' dir='ltr'>Saxonie</span> <span class='ocrx_word' id='word_1_25' title='bbox 638 481 817 522; x_wconf 85' lang='lat' dir='ltr'>regnum</span> <span class='ocrx_word' id='word_1_26' title='bbox 849 468 903 509; x_wconf 89' lang='lat' dir='ltr'>ad</span> <span class='ocrx_word' id='word_1_27' title='bbox 925 468 1072 511; x_wconf 88' lang='lat' dir='ltr'>Danos</span> <span class='ocrx_word' id='word_1_28' title='bbox 1093 472 1343 513; x_wconf 86' lang='lat' dir='ltr'>translatum</span> <span class='ocrx_word' id='word_1_29' title='bbox 1365 477 1458 528; x_wconf 87' lang='lat' dir='ltr'>post</span> <span class='ocrx_word' id='word_1_30' title='bbox 1480 477 1644 529; x_wconf 87' lang='lat' dir='ltr'>patrem</span> 
     </span>
     <span class='ocr_line' id='line_1_12' title="bbox 196 526 1646 586; baseline 0.004 -18"><span class='ocrx_word' id='word_1_31' title='bbox 196 526 296 569; x_wconf 85' lang='lat' dir='ltr'>Vffo</span> <span class='ocrx_word' id='word_1_32' title='bbox 328 526 563 582; x_wconf 88' lang='lat' dir='ltr'>regendum</span> <span class='ocrx_word' id='word_1_33' title='bbox 583 526 781 581; x_wconf 80' lang='lat' dir='ltr'>suscepit,</span> <span class='ocrx_word' id='word_1_34' title='bbox 813 526 1033 582; x_wconf 86' lang='lat' dir='ltr'>utriusque</span> <span class='ocrx_word' id='word_1_35' title='bbox 1066 528 1225 583; x_wconf 87' lang='lat' dir='ltr'>imperii</span> <span class='ocrx_word' id='word_1_36' title='bbox 1263 535 1514 586; x_wconf 89' lang='lat' dir='ltr'>procurator</span> <span class='ocrx_word' id='word_1_37' title='bbox 1546 532 1646 574; x_wconf 79' lang='lat' dir='ltr'>effe-</span> 
     </span>
     <span class='ocr_line' id='line_1_13' title="bbox 197 584 1644 640; baseline 0.003 -13"><span class='ocrx_word' id='word_1_38' title='bbox 197 588 314 634; x_wconf 88' lang='lat' dir='ltr'>ctus,</span> <span class='ocrx_word' id='word_1_39' title='bbox 357 585 427 640; x_wconf 90' lang='lat' dir='ltr'>qui</span> <span class='ocrx_word' id='word_1_40' title='bbox 469 599 520 627; x_wconf 90' lang='lat' dir='ltr'>ne</span> <span class='ocrx_word' id='word_1_41' title='bbox 567 598 698 626; x_wconf 90' lang='lat' dir='ltr'>unum</span> <span class='ocrx_word' id='word_1_42' title='bbox 731 584 902 639; x_wconf 88' lang='lat' dir='ltr'>quidem</span> <span class='ocrx_word' id='word_1_43' title='bbox 940 586 1019 627; x_wconf 88' lang='lat' dir='ltr'>rite</span> <span class='ocrx_word' id='word_1_44' title='bbox 1051 586 1343 630; x_wconf 83' lang='lat' dir='ltr'>moderaturus</span> <span class='ocrx_word' id='word_1_45' title='bbox 1385 589 1644 632; x_wconf 77' lang='lat' dir='ltr'>credebatur.</span> 
     </span>
     <span class='ocr_line' id='line_1_14' title="bbox 197 642 1644 701; baseline 0.003 -16"><span class='ocrx_word' id='word_1_46' title='bbox 197 643 280 685; x_wconf 89' lang='lat' dir='ltr'>Hic</span> <span class='ocrx_word' id='word_1_47' title='bbox 323 657 348 684; x_wconf 93' lang='lat' dir='ltr'>a</span> <span class='ocrx_word' id='word_1_48' title='bbox 399 643 686 698; x_wconf 78' lang='lat' dir='ltr'>compluribus</span> <span class='ocrx_word' id='word_1_49' title='bbox 731 642 896 684; x_wconf 88' lang='lat' dir='ltr'>Olauus</span> <span class='ocrx_word' id='word_1_50' title='bbox 942 647 1005 685; x_wconf 89' lang='lat' dir='ltr'>est</span> <span class='ocrx_word' id='word_1_51' title='bbox 1056 643 1192 686; x_wconf 88' lang='lat' dir='ltr'>dictus</span> <span class='ocrx_word' id='word_1_52' title='bbox 1248 650 1373 701; x_wconf 83' lang='lat' dir='ltr'>atque</span> <span class='ocrx_word' id='word_1_53' title='bbox 1420 646 1473 688; x_wconf 89' lang='lat' dir='ltr'>ob</span> <span class='ocrx_word' id='word_1_54' title='bbox 1519 648 1644 689; x_wconf 89' lang='lat' dir='ltr'>animi</span> 
     </span>
     <span class='ocr_line' id='line_1_15' title="bbox 198 700 1646 756; baseline 0.003 -13"><span class='ocrx_word' id='word_1_55' title='bbox 198 701 540 745; x_wconf 86' lang='lat' dir='ltr'>moderacionem</span> <span class='ocrx_word' id='word_1_56' title='bbox 583 700 794 743; x_wconf 90' lang='lat' dir='ltr'>Mansueti</span> <span class='ocrx_word' id='word_1_57' title='bbox 841 702 1094 756; x_wconf 80' lang='lat' dir='ltr'>cognomine</span> <span class='ocrx_word' id='word_1_58' title='bbox 1138 702 1334 746; x_wconf 89' lang='lat' dir='ltr'>donatus.</span> <span class='ocrx_word' id='word_1_59' title='bbox 1408 704 1537 747; x_wconf 81' lang='lat' dir='ltr'>Cuius</span> <span class='ocrx_word' id='word_1_60' title='bbox 1581 721 1646 748; x_wconf 89' lang='lat' dir='ltr'>se-</span> 
     </span>
     <span class='ocr_line' id='line_1_16' title="bbox 197 759 1644 816; baseline 0.003 -14"><span class='ocrx_word' id='word_1_61' title='bbox 197 765 375 816; x_wconf 87' lang='lat' dir='ltr'>quentes</span> <span class='ocrx_word' id='word_1_62' title='bbox 411 763 532 802; x_wconf 85' lang='lat' dir='ltr'>actus</span> <span class='ocrx_word' id='word_1_63' title='bbox 563 759 789 801; x_wconf 87' lang='lat' dir='ltr'>uetustatis</span> <span class='ocrx_word' id='word_1_64' title='bbox 822 760 931 801; x_wconf 89' lang='lat' dir='ltr'>uicio</span> <span class='ocrx_word' id='word_1_65' title='bbox 964 760 1183 803; x_wconf 84' lang='lat' dir='ltr'>solennem</span> <span class='ocrx_word' id='word_1_66' title='bbox 1213 761 1400 804; x_wconf 84' lang='lat' dir='ltr'>fefellere</span> <span class='ocrx_word' id='word_1_67' title='bbox 1433 764 1644 806; x_wconf 83' lang='lat' dir='ltr'>noticiam.</span> 
     </span>
     <span class='ocr_line' id='line_1_17' title="bbox 197 817 1643 874; baseline 0.001 -12"><span class='ocrx_word' id='word_1_68' title='bbox 197 818 282 862; x_wconf 84' lang='lat' dir='ltr'>Sed</span> <span class='ocrx_word' id='word_1_69' title='bbox 332 817 445 860; x_wconf 90' lang='lat' dir='ltr'>credi</span> <span class='ocrx_word' id='word_1_70' title='bbox 489 822 653 874; x_wconf 87' lang='lat' dir='ltr'>potest,</span> <span class='ocrx_word' id='word_1_71' title='bbox 705 817 916 872; x_wconf 85' lang='lat' dir='ltr'>gloriosos</span> <span class='ocrx_word' id='word_1_72' title='bbox 963 832 1108 860; x_wconf 88' lang='lat' dir='ltr'>eorum</span> <span class='ocrx_word' id='word_1_73' title='bbox 1159 833 1381 874; x_wconf 81' lang='lat' dir='ltr'>processus</span> <span class='ocrx_word' id='word_1_74' title='bbox 1411 821 1415 874; x_wconf 93' lang='grc' dir='ltr'>Ι</span> <span class='ocrx_word' id='word_1_75' title='bbox 1444 822 1643 872; x_wconf 85' lang='lat' dir='ltr'>extitisse,</span> 
     </span>
     <span class='ocr_line' id='line_1_18' title="bbox 198 875 1645 933; baseline 0.002 -15"><span class='ocrx_word' id='word_1_76' title='bbox 198 891 379 933; x_wconf 91' lang='lat' dir='ltr'>quorum</span> <span class='ocrx_word' id='word_1_77' title='bbox 425 880 514 919; x_wconf 85' lang='lat' dir='ltr'>tam</span> <span class='ocrx_word' id='word_1_78' title='bbox 554 877 682 932; x_wconf 91' lang='lat' dir='ltr'>plena</span> <span class='ocrx_word' id='word_1_79' title='bbox 712 875 851 918; x_wconf 89' lang='lat' dir='ltr'>laudis</span> <span class='ocrx_word' id='word_1_80' title='bbox 896 876 1101 932; x_wconf 86' lang='lat' dir='ltr'>principia</span> <span class='ocrx_word' id='word_1_81' title='bbox 1146 877 1312 919; x_wconf 84' lang='lat' dir='ltr'>fuerint.</span> <span class='ocrx_word' id='word_1_82' title='bbox 1376 878 1481 920; x_wconf 81' lang='lat' dir='ltr'>Tam</span> <span class='ocrx_word' id='word_1_83' title='bbox 1526 880 1645 921; x_wconf 90' lang='lat' dir='ltr'>breui</span> 
     </span>
     <span class='ocr_line' id='line_1_19' title="bbox 196 935 1645 992; baseline 0.001 -15"><span class='ocrx_word' id='word_1_84' title='bbox 196 936 406 978; x_wconf 84' lang='lat' dir='ltr'>factorum</span> <span class='ocrx_word' id='word_1_85' title='bbox 440 935 529 977; x_wconf 90' lang='lat' dir='ltr'>eius</span> <span class='ocrx_word' id='word_1_86' title='bbox 570 935 876 991; x_wconf 87' lang='lat' dir='ltr'>prosccuoione</span> <span class='ocrx_word' id='word_1_87' title='bbox 917 935 1234 988; x_wconf 88' lang='lat' dir='ltr'>animaduerto,</span> <span class='ocrx_word' id='word_1_88' title='bbox 1277 937 1394 992; x_wconf 82' lang='lat' dir='ltr'>quod</span> <span class='ocrx_word' id='word_1_89' title='bbox 1423 937 1645 979; x_wconf 87' lang='lat' dir='ltr'>illustrium</span> 
     </span>
     <span class='ocr_line' id='line_1_20' title="bbox 197 993 1646 1050; baseline 0 -13"><span class='ocrx_word' id='word_1_90' title='bbox 197 994 333 1049; x_wconf 86' lang='lat' dir='ltr'>gentis</span> <span class='ocrx_word' id='word_1_91' title='bbox 364 997 508 1036; x_wconf 90' lang='lat' dir='ltr'>nostre</span> <span class='ocrx_word' id='word_1_92' title='bbox 538 994 723 1036; x_wconf 87' lang='lat' dir='ltr'>uirorum</span> <span class='ocrx_word' id='word_1_93' title='bbox 758 993 1029 1048; x_wconf 89' lang='lat' dir='ltr'>splendorem</span> <span class='ocrx_word' id='word_1_94' title='bbox 1052 994 1303 1049; x_wconf 89' lang='lat' dir='ltr'>scriptorum</span> <span class='ocrx_word' id='word_1_95' title='bbox 1333 995 1510 1050; x_wconf 89' lang='lat' dir='ltr'>penuria</span> <span class='ocrx_word' id='word_1_96' title='bbox 1531 995 1646 1037; x_wconf 88' lang='lat' dir='ltr'>laudi</span> 
     </span>
     <span class='ocr_line' id='line_1_21' title="bbox 197 1051 1647 1108; baseline 0 -13"><span class='ocrx_word' id='word_1_97' title='bbox 197 1052 480 1107; x_wconf 89' lang='lat' dir='ltr'>memorieque</span> <span class='ocrx_word' id='word_1_98' title='bbox 504 1051 776 1094; x_wconf 79' lang='lat' dir='ltr'>subtraxerit.</span> <span class='ocrx_word' id='word_1_99' title='bbox 824 1051 949 1099; x_wconf 79' lang='lat' dir='ltr'>Quod</span> <span class='ocrx_word' id='word_1_100' title='bbox 983 1052 1015 1093; x_wconf 91' lang='lat' dir='ltr'>si</span> <span class='ocrx_word' id='word_1_101' title='bbox 1037 1053 1217 1108; x_wconf 88' lang='lat' dir='ltr'>patriam</span> <span class='ocrx_word' id='word_1_102' title='bbox 1240 1053 1347 1094; x_wconf 89' lang='lat' dir='ltr'>hanc</span> <span class='ocrx_word' id='word_1_103' title='bbox 1368 1053 1537 1095; x_wconf 89' lang='lat' dir='ltr'>fortuna</span> <span class='ocrx_word' id='word_1_104' title='bbox 1567 1053 1647 1095; x_wconf 85' lang='lat' dir='ltr'>La-</span> 
     </span>
     <span class='ocr_line' id='line_1_22' title="bbox 197 1109 1645 1166; baseline 0.001 -14"><span class='ocrx_word' id='word_1_105' title='bbox 197 1111 286 1153; x_wconf 89' lang='lat' dir='ltr'>tino</span> <span class='ocrx_word' id='word_1_106' title='bbox 339 1109 554 1166; x_wconf 90' lang='lat' dir='ltr'>quondam</span> <span class='ocrx_word' id='word_1_107' title='bbox 602 1123 796 1153; x_wconf 89' lang='lat' dir='ltr'>sermone</span> <span class='ocrx_word' id='word_1_108' title='bbox 826 1109 1069 1165; x_wconf 85' lang='lat' dir='ltr'>donasset,</span> <span class='ocrx_word' id='word_1_109' title='bbox 1120 1111 1341 1153; x_wconf 89' lang='lat' dir='ltr'>innumera</span> <span class='ocrx_word' id='word_1_110' title='bbox 1386 1111 1645 1153; x_wconf 87' lang='lat' dir='ltr'>Danicorum</span> 
     </span>
     <span class='ocr_line' id='line_1_23' title="bbox 199 1169 907 1225; baseline 0 -14"><span class='ocrx_word' id='word_1_111' title='bbox 199 1183 375 1225; x_wconf 92' lang='lat' dir='ltr'>operum</span> <span class='ocrx_word' id='word_1_112' title='bbox 407 1169 625 1210; x_wconf 89' lang='lat' dir='ltr'>uolumina</span> <span class='ocrx_word' id='word_1_113' title='bbox 656 1171 907 1211; x_wconf 85' lang='lat' dir='ltr'>tererentur.</span> 
     </span>
    </p>
   </div>
   <div class='ocr_carea' id='block_1_10' title="bbox 1698 834 1793 866">
    <p class='ocr_par' dir='ltr' id='par_1_11' title="bbox 1698 834 1793 866">
     <span class='ocr_line' id='line_1_24' title="bbox 1698 834 1793 866; baseline 0.021 -7"><span class='ocrx_word' id='word_1_114' title='bbox 1698 841 1723 866; x_wconf 84' lang='lat' dir='ltr'>p.</span> <span class='ocrx_word' id='word_1_115' title='bbox 1746 834 1793 861; x_wconf 83' lang='lat'>175</span> 
     </span>
    </p>
   </div>
   <div class='ocr_carea' id='block_1_11' title="bbox 333 1225 1823 1282">
    <p class='ocr_par' dir='ltr' id='par_1_12' title="bbox 333 1225 1823 1282">
     <span class='ocr_line' id='line_1_25' title="bbox 333 1225 1823 1282; baseline 0.004 -14"><span class='ocrx_word' id='word_1_116' title='bbox 333 1225 504 1269; x_wconf 53' lang='lat' dir='ltr'>ssVffoni</span> <span class='ocrx_word' id='word_1_117' title='bbox 535 1227 630 1269; x_wconf 89' lang='lat' dir='ltr'>Dan</span> <span class='ocrx_word' id='word_1_118' title='bbox 662 1226 772 1267; x_wconf 87' lang='lat' dir='ltr'>filius</span> <span class='ocrx_word' id='word_1_119' title='bbox 804 1226 1005 1268; x_wconf 84' lang='lat' dir='ltr'>succedit.</span> <span class='ocrx_word' id='word_1_120' title='bbox 1067 1226 1148 1275; x_wconf 82' lang='lat' dir='ltr'>Qui</span> <span class='ocrx_word' id='word_1_121' title='bbox 1190 1242 1303 1282; x_wconf 86' lang='lat' dir='ltr'>cum,</span> <span class='ocrx_word' id='word_1_122' title='bbox 1343 1226 1562 1270; x_wconf 87' lang='lat' dir='ltr'>transfusis</span> <span class='ocrx_word' id='word_1_123' title='bbox 1601 1228 1644 1271; x_wconf 89' lang='lat' dir='ltr'>in</span> <span class='ocrx_word' id='word_1_124' title='bbox 1663 1244 1823 1274; x_wconf 74' lang='lat' dir='ltr'>xxxvla</span> 
     </span>
    </p>
   </div>
   <div class='ocr_carea' id='block_1_12' title="bbox 194 1284 1647 2683">
    <p class='ocr_par' dir='ltr' id='par_1_13' title="bbox 195 1284 1647 1807">
     <span class='ocr_line' id='line_1_26' title="bbox 197 1284 1645 1341; baseline 0 -14"><span class='ocrx_word' id='word_1_125' title='bbox 197 1289 366 1328; x_wconf 83' lang='lat' dir='ltr'>exteros</span> <span class='ocrx_word' id='word_1_126' title='bbox 408 1285 573 1341; x_wconf 89' lang='lat' dir='ltr'>preliis,</span> <span class='ocrx_word' id='word_1_127' title='bbox 621 1285 900 1340; x_wconf 87' lang='lat' dir='ltr'>tropheorum</span> <span class='ocrx_word' id='word_1_128' title='bbox 941 1285 1189 1338; x_wconf 85' lang='lat' dir='ltr'>frequencia</span> <span class='ocrx_word' id='word_1_129' title='bbox 1229 1299 1366 1327; x_wconf 89' lang='lat' dir='ltr'>rerum</span> <span class='ocrx_word' id='word_1_130' title='bbox 1415 1284 1645 1327; x_wconf 90' lang='lat' dir='ltr'>dominium</span> 
     </span>
     <span class='ocr_line' id='line_1_27' title="bbox 195 1343 1646 1400; baseline -0.001 -14"><span class='ocrx_word' id='word_1_131' title='bbox 195 1348 499 1400; x_wconf 80' lang='lat' dir='ltr'>propagasset,</span> <span class='ocrx_word' id='word_1_132' title='bbox 532 1346 700 1399; x_wconf 89' lang='lat' dir='ltr'>partum</span> <span class='ocrx_word' id='word_1_133' title='bbox 740 1343 872 1397; x_wconf 84' lang='lat' dir='ltr'>glorie</span> <span class='ocrx_word' id='word_1_134' title='bbox 901 1343 1115 1398; x_wconf 83' lang='lat' dir='ltr'>fulgorem</span> <span class='ocrx_word' id='word_1_135' title='bbox 1147 1347 1255 1385; x_wconf 90' lang='lat' dir='ltr'>tetro</span> <span class='ocrx_word' id='word_1_136' title='bbox 1287 1343 1483 1399; x_wconf 88' lang='lat' dir='ltr'>superbie</span> <span class='ocrx_word' id='word_1_137' title='bbox 1523 1358 1646 1399; x_wconf 88' lang='lat' dir='ltr'>squa-</span> 
     </span>
     <span class='ocr_line' id='line_1_28' title="bbox 195 1399 1644 1457; baseline 0 -13"><span class='ocrx_word' id='word_1_138' title='bbox 195 1403 286 1446; x_wconf 92' lang='lat' dir='ltr'>lore</span> <span class='ocrx_word' id='word_1_139' title='bbox 307 1402 505 1457; x_wconf 87' lang='lat' dir='ltr'>fuscauit,</span> <span class='ocrx_word' id='word_1_140' title='bbox 527 1403 586 1443; x_wconf 89' lang='lat' dir='ltr'>ita</span> <span class='ocrx_word' id='word_1_141' title='bbox 608 1415 633 1443; x_wconf 90' lang='lat' dir='ltr'>a</span> <span class='ocrx_word' id='word_1_142' title='bbox 654 1401 874 1443; x_wconf 89' lang='lat' dir='ltr'>clarissimi</span> <span class='ocrx_word' id='word_1_143' title='bbox 895 1401 1083 1457; x_wconf 89' lang='lat' dir='ltr'>parentis</span> <span class='ocrx_word' id='word_1_144' title='bbox 1109 1402 1333 1444; x_wconf 87' lang='lat' dir='ltr'>honestate</span> <span class='ocrx_word' id='word_1_145' title='bbox 1355 1399 1644 1457; x_wconf 52' lang='lat' dir='ltr'>deligenerans,</span> 
     </span>
     <span class='ocr_line' id='line_1_29' title="bbox 195 1459 1646 1516; baseline -0.001 -13"><span class='ocrx_word' id='word_1_146' title='bbox 195 1465 256 1516; x_wconf 88' lang='lat' dir='ltr'>ut,</span> <span class='ocrx_word' id='word_1_147' title='bbox 304 1475 398 1503; x_wconf 91' lang='grc'><strong>011111</strong></span> <span class='ocrx_word' id='word_1_148' title='bbox 439 1460 510 1502; x_wconf 89' lang='grc'><strong>1110</strong></span> <span class='ocrx_word' id='word_1_149' title='bbox 554 1460 704 1503; x_wconf 88' lang='lat' dir='ltr'>ceteris</span> <span class='ocrx_word' id='word_1_150' title='bbox 746 1459 1047 1502; x_wconf 89' lang='lat' dir='ltr'>moderacione</span> <span class='ocrx_word' id='word_1_151' title='bbox 1091 1461 1335 1515; x_wconf 90' lang='lat' dir='ltr'>prestiterit,</span> <span class='ocrx_word' id='word_1_152' title='bbox 1376 1460 1442 1501; x_wconf 90' lang='lat' dir='ltr'>hic</span> <span class='ocrx_word' id='word_1_153' title='bbox 1482 1464 1646 1502; x_wconf 89' lang='lat' dir='ltr'>ceteros</span> 
     </span>
     <span class='ocr_line' id='line_1_30' title="bbox 196 1518 1647 1574; baseline -0.001 -14"><span class='ocrx_word' id='word_1_154' title='bbox 196 1519 390 1561; x_wconf 85' lang='lat' dir='ltr'>fastuosa</span> <span class='ocrx_word' id='word_1_155' title='bbox 408 1518 594 1560; x_wconf 81' lang='lat' dir='ltr'>tumidus</span> <span class='ocrx_word' id='word_1_156' title='bbox 614 1519 802 1560; x_wconf 87' lang='lat' dir='ltr'>elacione</span> <span class='ocrx_word' id='word_1_157' title='bbox 820 1520 1134 1574; x_wconf 87' lang='lat' dir='ltr'>contempserit.</span> <span class='ocrx_word' id='word_1_158' title='bbox 1168 1518 1251 1560; x_wconf 84' lang='lat' dir='ltr'>Sed</span> <span class='ocrx_word' id='word_1_159' title='bbox 1267 1522 1308 1559; x_wconf 91' lang='lat' dir='ltr'>et</span> <span class='ocrx_word' id='word_1_160' title='bbox 1325 1522 1502 1574; x_wconf 88' lang='lat' dir='ltr'>paterna</span> <span class='ocrx_word' id='word_1_161' title='bbox 1519 1518 1647 1569; x_wconf 88' lang='lat' dir='ltr'>bona,</span> 
     </span>
     <span class='ocr_line' id='line_1_31' title="bbox 196 1576 1645 1633; baseline -0.002 -14"><span class='ocrx_word' id='word_1_162' title='bbox 196 1578 269 1620; x_wconf 92' lang='lat' dir='ltr'>uel</span> <span class='ocrx_word' id='word_1_163' title='bbox 291 1591 372 1633; x_wconf 88' lang='lat' dir='ltr'>que</span> <span class='ocrx_word' id='word_1_164' title='bbox 394 1577 487 1633; x_wconf 85' lang='lat' dir='ltr'>ipse·</span> <span class='ocrx_word' id='word_1_165' title='bbox 509 1581 755 1619; x_wconf 82' lang='lat' dir='ltr'>exterarum</span> <span class='ocrx_word' id='word_1_166' title='bbox 772 1577 966 1631; x_wconf 87' lang='lat' dir='ltr'>gencium</span> <span class='ocrx_word' id='word_1_167' title='bbox 991 1576 1198 1618; x_wconf 89' lang='lat' dir='ltr'>manubiis</span> <span class='ocrx_word' id='word_1_168' title='bbox 1214 1579 1449 1632; x_wconf 85' lang='lat' dir='ltr'>pepererat,</span> <span class='ocrx_word' id='word_1_169' title='bbox 1474 1576 1645 1631; x_wconf 83' lang='lat' dir='ltr'>flagiciis</span> 
     </span>
     <span class='ocr_line' id='line_1_32' title="bbox 197 1634 1644 1691; baseline -0.002 -14"><span class='ocrx_word' id='word_1_170' title='bbox 197 1635 456 1690; x_wconf 86' lang='lat' dir='ltr'>disiiciebat,</span> <span class='ocrx_word' id='word_1_171' title='bbox 501 1649 628 1691; x_wconf 88' lang='lat' dir='ltr'>opes,</span> <span class='ocrx_word' id='word_1_172' title='bbox 678 1649 759 1690; x_wconf 85' lang='lat' dir='ltr'>que</span> <span class='ocrx_word' id='word_1_173' title='bbox 791 1636 908 1689; x_wconf 86' lang='lat' dir='ltr'>regio</span> <span class='ocrx_word' id='word_1_174' title='bbox 952 1634 1165 1690; x_wconf 86' lang='lat' dir='ltr'>splendori</span> <span class='ocrx_word' id='word_1_175' title='bbox 1206 1634 1366 1677; x_wconf 86' lang='lat' dir='ltr'>seruire</span> <span class='ocrx_word' id='word_1_176' title='bbox 1397 1634 1644 1688; x_wconf 83' lang='lat' dir='ltr'>debuerant,</span> 
     </span>
     <span class='ocr_line' id='line_1_33' title="bbox 195 1692 1645 1750; baseline -0.003 -14"><span class='ocrx_word' id='word_1_177' title='bbox 195 1694 425 1737; x_wconf 89' lang='lat' dir='ltr'>uoracibus</span> <span class='ocrx_word' id='word_1_178' title='bbox 467 1697 714 1750; x_wconf 90' lang='lat' dir='ltr'>sumptuum</span> <span class='ocrx_word' id='word_1_179' title='bbox 753 1693 954 1748; x_wconf 88' lang='lat' dir='ltr'>impensis</span> <span class='ocrx_word' id='word_1_180' title='bbox 995 1692 1197 1735; x_wconf 86' lang='lat' dir='ltr'>tribuens.</span> <span class='ocrx_word' id='word_1_181' title='bbox 1259 1692 1327 1734; x_wconf 84' lang='lat' dir='ltr'>Sic</span> <span class='ocrx_word' id='word_1_182' title='bbox 1367 1692 1580 1734; x_wconf 89' lang='lat' dir='ltr'>interdum</span> <span class='ocrx_word' id='word_1_183' title='bbox 1621 1705 1645 1732; x_wconf 91' lang='lat' dir='ltr'>a</span> 
     </span>
     <span class='ocr_line' id='line_1_34' title="bbox 195 1749 1492 1807; baseline -0.003 -12"><span class='ocrx_word' id='word_1_184' title='bbox 195 1752 423 1795; x_wconf 88' lang='lat' dir='ltr'>maioribus</span> <span class='ocrx_word' id='word_1_185' title='bbox 455 1753 541 1794; x_wconf 89' lang='lat' dir='ltr'>suis</span> <span class='ocrx_word' id='word_1_186' title='bbox 572 1752 724 1794; x_wconf 88' lang='lat' dir='ltr'>similia</span> <span class='ocrx_word' id='word_1_187' title='bbox 755 1751 962 1806; x_wconf 89' lang='lat' dir='ltr'>portentis</span> <span class='ocrx_word' id='word_1_188' title='bbox 994 1751 1171 1807; x_wconf 88' lang='lat' dir='ltr'>pignora</span> <span class='ocrx_word' id='word_1_189' title='bbox 1202 1749 1492 1805; x_wconf 80' lang='lat' dir='ltr'>de&lt;s&gt;cisount.</span> 
     </span>
    </p>

    <p class='ocr_par' dir='ltr' id='par_1_14' title="bbox 194 1807 1644 1970">
     <span class='ocr_line' id='line_1_35' title="bbox 337 1807 1644 1864; baseline -0.002 -12"><span class='ocrx_word' id='word_1_190' title='bbox 337 1810 443 1852; x_wconf 85' lang='lat' dir='ltr'>Post</span> <span class='ocrx_word' id='word_1_191' title='bbox 474 1811 586 1852; x_wconf 88' lang='lat' dir='ltr'>hunc</span> <span class='ocrx_word' id='word_1_192' title='bbox 616 1814 767 1864; x_wconf 85' lang='lat' dir='ltr'>regnat</span> <span class='ocrx_word' id='word_1_193' title='bbox 798 1809 1037 1864; x_wconf 86' lang='lat' dir='ltr'>Hugletus,</span> <span class='ocrx_word' id='word_1_194' title='bbox 1079 1810 1151 1864; x_wconf 91' lang='lat' dir='ltr'>qui</span> <span class='ocrx_word' id='word_1_195' title='bbox 1181 1808 1444 1851; x_wconf 71' lang='lat' dir='ltr'>Homothum</span> <span class='ocrx_word' id='word_1_196' title='bbox 1485 1810 1527 1850; x_wconf 91' lang='lat' dir='ltr'>et</span> <span class='ocrx_word' id='word_1_197' title='bbox 1555 1807 1644 1850; x_wconf 69' lang='lat' dir='ltr'>Ho-</span> 
     </span>
     <span class='ocr_line' id='line_1_36' title="bbox 195 1865 1644 1924; baseline -0.003 -14"><span class='ocrx_word' id='word_1_198' title='bbox 195 1869 387 1924; x_wconf 80' lang='lat' dir='ltr'>grimum,</span> <span class='ocrx_word' id='word_1_199' title='bbox 421 1868 568 1911; x_wconf 79' lang='lat' dir='ltr'>Suetie</span> <span class='ocrx_word' id='word_1_200' title='bbox 599 1871 816 1924; x_wconf 79' lang='lat' dir='ltr'>tyrannos,</span> <span class='ocrx_word' id='word_1_201' title='bbox 847 1868 1056 1910; x_wconf 89' lang='lat' dir='ltr'>maritimo</span> <span class='ocrx_word' id='word_1_202' title='bbox 1088 1867 1222 1909; x_wconf 89' lang='lat' dir='ltr'>fertur</span> <span class='ocrx_word' id='word_1_203' title='bbox 1253 1865 1516 1922; x_wconf 88' lang='lat' dir='ltr'>oppressisse</span> <span class='ocrx_word' id='word_1_204' title='bbox 1547 1878 1644 1907; x_wconf 89' lang='lat' dir='ltr'>con-</span> 
     </span>
     <span class='ocr_line' id='line_1_37' title="bbox 194 1927 323 1970; baseline 0.008 -1"><span class='ocrx_word' id='word_1_205' title='bbox 194 1927 323 1970; x_wconf 88' lang='lat' dir='ltr'>flictu.</span> 
     </span>
    </p>

    <p class='ocr_par' dir='ltr' id='par_1_15' title="bbox 195 1981 1645 2683">
     <span class='ocr_line' id='line_1_38' title="bbox 333 1981 1643 2040; baseline -0.005 -12"><span class='ocrx_word' id='word_1_206' title='bbox 333 1984 412 2028; x_wconf 79' lang='lat' dir='ltr'>Cui</span> <span class='ocrx_word' id='word_1_207' title='bbox 432 1983 595 2027; x_wconf 86' lang='lat' dir='ltr'>Frotho</span> <span class='ocrx_word' id='word_1_208' title='bbox 625 1984 825 2039; x_wconf 77' lang='lat' dir='ltr'>succedit,</span> <span class='ocrx_word' id='word_1_209' title='bbox 858 1987 1141 2040; x_wconf 88' lang='lat' dir='ltr'>cognomento</span> <span class='ocrx_word' id='word_1_210' title='bbox 1165 1983 1373 2038; x_wconf 88' lang='lat' dir='ltr'>Vegetus,</span> <span class='ocrx_word' id='word_1_211' title='bbox 1408 1981 1478 2038; x_wconf 88' lang='lat' dir='ltr'>qui</span> <span class='ocrx_word' id='word_1_212' title='bbox 1507 1981 1643 2036; x_wconf 90' lang='lat' dir='ltr'>ipsam</span> 
     </span>
     <span class='ocr_line' id='line_1_39' title="bbox 195 2042 1644 2099; baseline -0.005 -13"><span class='ocrx_word' id='word_1_213' title='bbox 195 2044 459 2099; x_wconf 87' lang='lat' dir='ltr'>cognominis</span> <span class='ocrx_word' id='word_1_214' title='bbox 504 2043 686 2098; x_wconf 85' lang='lat' dir='ltr'>speciem</span> <span class='ocrx_word' id='word_1_215' title='bbox 729 2043 917 2099; x_wconf 86' lang='lat' dir='ltr'>corporis</span> <span class='ocrx_word' id='word_1_216' title='bbox 959 2043 1172 2097; x_wconf 84' lang='lat' dir='ltr'>animique</span> <span class='ocrx_word' id='word_1_217' title='bbox 1212 2042 1413 2083; x_wconf 87' lang='lat' dir='ltr'>firmitate</span> <span class='ocrx_word' id='word_1_218' title='bbox 1453 2043 1644 2091; x_wconf 79' lang='lat' dir='ltr'>testatus,</span> 
     </span>
     <span class='ocr_line' id='line_1_40' title="bbox 196 2099 1645 2156; baseline -0.005 -12"><span class='ocrx_word' id='word_1_219' title='bbox 196 2102 314 2144; x_wconf 90' lang='lat' dir='ltr'>denis</span> <span class='ocrx_word' id='word_1_220' title='bbox 346 2101 566 2154; x_wconf 76' lang='lat' dir='ltr'>Norfiagie</span> <span class='ocrx_word' id='word_1_221' title='bbox 599 2102 778 2144; x_wconf 88' lang='lat' dir='ltr'>ducibus</span> <span class='ocrx_word' id='word_1_222' title='bbox 811 2101 919 2143; x_wconf 90' lang='lat' dir='ltr'>bello</span> <span class='ocrx_word' id='word_1_223' title='bbox 955 2101 1226 2156; x_wconf 87' lang='lat' dir='ltr'>consumptis,</span> <span class='ocrx_word' id='word_1_224' title='bbox 1256 2099 1447 2149; x_wconf 83' lang='lat' dir='ltr'>insulam,</span> <span class='ocrx_word' id='word_1_225' title='bbox 1480 2111 1561 2153; x_wconf 90' lang='lat' dir='ltr'>que</span> <span class='ocrx_word' id='word_1_226' title='bbox 1592 2111 1645 2137; x_wconf 80' lang='lat' dir='ltr'>ex</span> 
     </span>
     <span class='ocr_line' id='line_1_41' title="bbox 197 2159 1645 2216; baseline -0.006 -13"><span class='ocrx_word' id='word_1_227' title='bbox 197 2175 245 2203; x_wconf 90' lang='lat' dir='ltr'>eo</span> <span class='ocrx_word' id='word_1_228' title='bbox 284 2164 381 2216; x_wconf 89' lang='lat' dir='ltr'>post</span> <span class='ocrx_word' id='word_1_229' title='bbox 417 2160 589 2202; x_wconf 85' lang='lat' dir='ltr'>modum</span> <span class='ocrx_word' id='word_1_230' title='bbox 633 2174 788 2202; x_wconf 92' lang='lat' dir='ltr'>nomen</span> <span class='ocrx_word' id='word_1_231' title='bbox 824 2159 1028 2213; x_wconf 86' lang='lat' dir='ltr'>obtinuit,</span> <span class='ocrx_word' id='word_1_232' title='bbox 1070 2159 1206 2214; x_wconf 88' lang='lat' dir='ltr'>ipsum</span> <span class='ocrx_word' id='word_1_233' title='bbox 1247 2162 1461 2212; x_wconf 87' lang='lat' dir='ltr'>postremo</span> <span class='ocrx_word' id='word_1_234' title='bbox 1500 2168 1645 2209; x_wconf 87' lang='lat' dir='ltr'>regem</span> 
     </span>
     <span class='ocr_line' id='line_1_42' title="bbox 195 2212 1643 2274; baseline -0.006 -14"><span class='ocrx_word' id='word_1_235' title='bbox 195 2220 420 2261; x_wconf 89' lang='lat' dir='ltr'>inuasurus</span> <span class='ocrx_word' id='word_1_236' title='bbox 452 2219 643 2261; x_wconf 85' lang='lat' dir='ltr'>accessit.</span> <span class='ocrx_word' id='word_1_237' title='bbox 706 2218 918 2274; x_wconf 84' lang='lat' dir='ltr'>Frogerus</span> <span class='ocrx_word' id='word_1_238' title='bbox 952 2218 1020 2259; x_wconf 88' lang='grc'><strong>1110</strong></span> <span class='ocrx_word' id='word_1_239' title='bbox 1053 2221 1156 2270; x_wconf 73' lang='lat' dir='ltr'>erat,</span> <span class='ocrx_word' id='word_1_240' title='bbox 1188 2215 1354 2271; x_wconf 88' lang='lat' dir='ltr'>gemina</span> <span class='ocrx_word' id='word_1_241' title='bbox 1387 2214 1439 2255; x_wconf 93' lang='lat' dir='ltr'>ad</span> <span class='ocrx_word' id='word_1_242' title='bbox 1471 2212 1643 2254; x_wconf 90' lang='lat' dir='ltr'>modum</span> 
     </span>
     <span class='ocr_line' id='line_1_43' title="bbox 197 2270 1643 2332; baseline -0.006 -13"><span class='ocrx_word' id='word_1_243' title='bbox 197 2281 311 2319; x_wconf 87' lang='lat' dir='ltr'>sorte</span> <span class='ocrx_word' id='word_1_244' title='bbox 341 2277 615 2332; x_wconf 89' lang='lat' dir='ltr'>conspicuus,</span> <span class='ocrx_word' id='word_1_245' title='bbox 662 2276 778 2332; x_wconf 91' lang='lat' dir='ltr'>quod</span> <span class='ocrx_word' id='word_1_246' title='bbox 828 2290 914 2319; x_wconf 89' lang='lat' dir='ltr'>non</span> <span class='ocrx_word' id='word_1_247' title='bbox 959 2276 1097 2316; x_wconf 90' lang='lat' dir='ltr'>minus</span> <span class='ocrx_word' id='word_1_248' title='bbox 1149 2275 1274 2316; x_wconf 89' lang='lat' dir='ltr'>armis</span> <span class='ocrx_word' id='word_1_249' title='bbox 1321 2286 1446 2328; x_wconf 90' lang='lat' dir='ltr'>quam</span> <span class='ocrx_word' id='word_1_250' title='bbox 1494 2270 1643 2326; x_wconf 89' lang='lat' dir='ltr'>opibus</span> 
     </span>
     <span class='ocr_line' id='line_1_44' title="bbox 197 2330 1645 2390; baseline -0.006 -13"><span class='ocrx_word' id='word_1_251' title='bbox 197 2335 370 2381; x_wconf 88' lang='lat' dir='ltr'>illustris</span> <span class='ocrx_word' id='word_1_252' title='bbox 402 2335 564 2390; x_wconf 89' lang='lat' dir='ltr'>regiam</span> <span class='ocrx_word' id='word_1_253' title='bbox 608 2334 817 2377; x_wconf 89' lang='lat' dir='ltr'>dicionem</span> <span class='ocrx_word' id='word_1_254' title='bbox 856 2334 1057 2376; x_wconf 89' lang='lat' dir='ltr'>athletico</span> <span class='ocrx_word' id='word_1_255' title='bbox 1101 2332 1320 2374; x_wconf 86' lang='lat' dir='ltr'>decoraret</span> <span class='ocrx_word' id='word_1_256' title='bbox 1352 2330 1513 2381; x_wconf 88' lang='lat' dir='ltr'>officio,</span> <span class='ocrx_word' id='word_1_257' title='bbox 1556 2333 1645 2369; x_wconf 84' lang='lat' dir='ltr'>tan-</span> 
     </span>
     <span class='ocr_line' id='line_1_45' title="bbox 198 2386 1645 2449; baseline -0.006 -15"><span class='ocrx_word' id='word_1_258' title='bbox 198 2398 374 2449; x_wconf 89' lang='lat' dir='ltr'>tumque</span> <span class='ocrx_word' id='word_1_259' title='bbox 413 2392 617 2449; x_wconf 88' lang='lat' dir='ltr'>gymnicis</span> <span class='ocrx_word' id='word_1_260' title='bbox 660 2393 834 2449; x_wconf 89' lang='lat' dir='ltr'>palmis,</span> <span class='ocrx_word' id='word_1_261' title='bbox 885 2397 1089 2447; x_wconf 86' lang='lat' dir='ltr'>quantum</span> <span class='ocrx_word' id='word_1_262' title='bbox 1130 2389 1345 2444; x_wconf 86' lang='lat' dir='ltr'>dignitatis</span> <span class='ocrx_word' id='word_1_263' title='bbox 1389 2386 1645 2430; x_wconf 88' lang='lat' dir='ltr'>ornamentis</span> 
     </span>
     <span class='ocr_line' id='line_1_46' title="bbox 198 2448 1645 2507; baseline -0.007 -14"><span class='ocrx_word' id='word_1_264' title='bbox 198 2452 395 2507; x_wconf 88' lang='lat' dir='ltr'>polleret.</span> <span class='ocrx_word' id='word_1_265' title='bbox 456 2451 563 2505; x_wconf 89' lang='lat' dir='ltr'>Hic,</span> <span class='ocrx_word' id='word_1_266' title='bbox 606 2455 653 2492; x_wconf 92' lang='lat' dir='ltr'>ut</span> <span class='ocrx_word' id='word_1_267' title='bbox 683 2450 860 2507; x_wconf 67' lang='lat' dir='ltr'>[quidam</span> <span class='ocrx_word' id='word_1_268' title='bbox 901 2450 1055 2502; x_wconf 90' lang='lat' dir='ltr'>ferunt,</span> <span class='ocrx_word' id='word_1_269' title='bbox 1089 2448 1245 2490; x_wconf 91' lang='lat' dir='ltr'>Othino</span> <span class='ocrx_word' id='word_1_270' title='bbox 1284 2451 1405 2502; x_wconf 86' lang='lat' dir='ltr'>patre</span> <span class='ocrx_word' id='word_1_271' title='bbox 1436 2448 1578 2494; x_wconf 90' lang='lat' dir='ltr'>natus,</span> <span class='ocrx_word' id='word_1_272' title='bbox 1619 2456 1645 2484; x_wconf 91' lang='lat' dir='ltr'>a</span> 
     </span>
     <span class='ocr_line' id='line_1_47' title="bbox 200 2501 1642 2564; baseline -0.006 -14"><span class='ocrx_word' id='word_1_273' title='bbox 200 2509 275 2551; x_wconf 89' lang='lat' dir='ltr'>diis</span> <span class='ocrx_word' id='word_1_274' title='bbox 297 2509 617 2562; x_wconf 84' lang='lat' dir='ltr'>immortalibus,</span> <span class='ocrx_word' id='word_1_275' title='bbox 650 2509 902 2551; x_wconf 90' lang='lat' dir='ltr'>beneficium</span> <span class='ocrx_word' id='word_1_276' title='bbox 927 2512 1118 2564; x_wconf 86' lang='lat' dir='ltr'>prestare</span> <span class='ocrx_word' id='word_1_277' title='bbox 1140 2505 1311 2560; x_wconf 84' lang='lat' dir='ltr'>rogatis,</span> <span class='ocrx_word' id='word_1_278' title='bbox 1342 2502 1527 2544; x_wconf 89' lang='lat' dir='ltr'>muneris</span> <span class='ocrx_word' id='word_1_279' title='bbox 1549 2501 1642 2542; x_wconf 90' lang='lat' dir='ltr'>loco</span> 
     </span>
     <span class='ocr_line' id='line_1_48' title="bbox 201 2561 1641 2621; baseline -0.007 -12"><span class='ocrx_word' id='word_1_280' title='bbox 201 2567 396 2621; x_wconf 84' lang='lat' dir='ltr'>obtinuit,</span> <span class='ocrx_word' id='word_1_281' title='bbox 428 2581 513 2609; x_wconf 90' lang='lat' dir='ltr'>non</span> <span class='ocrx_word' id='word_1_282' title='bbox 544 2567 597 2608; x_wconf 91' lang='lat' dir='ltr'>ab</span> <span class='ocrx_word' id='word_1_283' title='bbox 629 2567 711 2609; x_wconf 90' lang='lat' dir='ltr'>alio</span> <span class='ocrx_word' id='word_1_284' title='bbox 744 2567 876 2620; x_wconf 85' lang='lat' dir='ltr'>uinci,</span> <span class='ocrx_word' id='word_1_285' title='bbox 920 2580 1047 2621; x_wconf 88' lang='lat' dir='ltr'>quam</span> <span class='ocrx_word' id='word_1_286' title='bbox 1079 2564 1151 2620; x_wconf 85' lang='lat' dir='ltr'>qui</span> <span class='ocrx_word' id='word_1_287' title='bbox 1181 2561 1417 2605; x_wconf 88' lang='lat' dir='ltr'>certaminis</span> <span class='ocrx_word' id='word_1_288' title='bbox 1449 2566 1641 2614; x_wconf 86' lang='lat' dir='ltr'>tempore</span> 
     </span>
     <span class='ocr_line' id='line_1_49' title="bbox 198 2616 1641 2683; baseline -0.006 -15"><span class='ocrx_word' id='word_1_289' title='bbox 198 2626 439 2669; x_wconf 90' lang='lat' dir='ltr'>subiectum</span> <span class='ocrx_word' id='word_1_290' title='bbox 460 2625 640 2683; x_wconf 89' lang='lat' dir='ltr'>pedibus</span> <span class='ocrx_word' id='word_1_291' title='bbox 663 2626 752 2668; x_wconf 91' lang='lat' dir='ltr'>eius</span> <span class='ocrx_word' id='word_1_292' title='bbox 773 2625 995 2683; x_wconf 87' lang='lat' dir='ltr'>puluerem</span> <span class='ocrx_word' id='word_1_293' title='bbox 1015 2636 1143 2665; x_wconf 88' lang='lat' dir='ltr'>manu</span> <span class='ocrx_word' id='word_1_294' title='bbox 1165 2619 1402 2663; x_wconf 88' lang='lat' dir='ltr'>conuellere</span> <span class='ocrx_word' id='word_1_295' title='bbox 1423 2616 1641 2675; x_wconf 88' lang='lat' dir='ltr'>potuisset.</span> 
     </span>
    </p>
   </div>
   <div class='ocr_carea' id='block_1_13' title="bbox 1719 1423 1790 1458">
    <p class='ocr_par' dir='ltr' id='par_1_16' title="bbox 1719 1423 1790 1458">
     <span class='ocr_line' id='line_1_50' title="bbox 1719 1423 1790 1458; baseline 0 0"><span class='ocrx_word' id='word_1_296' title='bbox 1719 1423 1790 1458; x_wconf 84' lang='grc'><strong>(66)</strong></span> 
     </span>
    </p>
   </div>
   <div class='ocr_carea' id='block_1_14' title="bbox 1699 2003 1796 2037">
    <p class='ocr_par' dir='ltr' id='par_1_17' title="bbox 1699 2003 1796 2037">
     <span class='ocr_line' id='line_1_51' title="bbox 1699 2003 1796 2037; baseline 0.01 -8"><span class='ocrx_word' id='word_1_297' title='bbox 1699 2012 1727 2037; x_wconf 79' lang='lat' dir='ltr'>p.</span> <span class='ocrx_word' id='word_1_298' title='bbox 1747 2003 1796 2030; x_wconf 73' lang='lat'>176</span> 
     </span>
    </p>
   </div>
  </div>
 </body>
</html>
