1884 3126
180 910 213 936 10

183 1198 215 1224 15

249 250 301 291 72
823 271 869 275 —
939 246 1003 288 111
1073 274 1121 280 -

244 374 457 431 pugnandi
491 374 763 430 cupiditatem
797 375 953 426 effusis,
985 374 1064 416 hoc
1089 374 1256 416 auidius
1280 374 1420 415 hastas
1447 389 1495 415 ac
1527 375 1689 429 spicula

244 439 438 489 torquere
471 433 596 487 cepit,
627 447 710 488 quo
746 432 979 475 Hotherum
1015 434 1055 473 in
1079 433 1141 474 his
1165 431 1424 487 excipiendis
1448 433 1690 486 paciencius

242 507 288 534 se
330 505 479 546 gerere
522 491 740 545 comperit.
803 491 896 539 Que
938 491 1089 546 partim
1134 491 1282 540 scutis,
1325 490 1477 545 partim
1509 490 1690 544 nauigiis

242 550 373 590 infixa
405 562 547 589 rarum
580 548 735 590 dedere
770 548 942 602 uulnus3
986 548 1204 602 complura
1245 549 1419 589 innoxia
1454 562 1502 588 ac
1531 547 1689 589 frustra

245 606 500 648 uidebantur
533 621 725 648 excussa.
787 606 1003 662 Siquidem
1041 606 1216 647 Hotberi
1248 606 1425 657 milites,
1469 606 1577 660 regis
1617 606 1691 645 im-

246 664 407 719 perium
449 668 731 719 exequentes,
774 670 987 719 receptam
1032 665 1212 706 telorum
1257 665 1341 705 uim
1379 669 1574 705 conserta
1607 663 1691 718 cly-

245 736 425 778 peorum
468 722 678 763 testudine
721 722 1011 776 repellebant,
1055 736 1131 763 nec
1175 736 1293 764 rarus
1338 721 1505 776 quidem
1543 735 1688 762 eorum

245 794 444 821 numerus
477 784 588 828 erat,
629 794 710 835 que
749 779 833 821 leui
864 780 949 821 ictu
980 780 1235 820 umbonibus
1278 780 1459 835 impacta
1494 779 1690 820 fluctibus

247 837 503 880 incidebant.
566 838 756 885 Quorum
790 838 976 879 omnium
1009 837 1131 892 copia
1164 837 1438 879 uacuefactus
1470 836 1691 889 Gelderus,

245 896 345 937 dum
377 895 525 936 eadem
558 896 611 936 ab
643 895 837 937 hostibus
870 902 1065 950 correpta
1097 895 1277 937 alacrius
1310 896 1351 936 in
1389 909 1434 936 se
1456 894 1691 949 retorqueri

245 954 530 1008 conspiceret,
573 954 669 994 mali
715 967 917 996 cacumen
952 954 1130 1007 puniceo
1176 958 1292 994 scuto
1326 953 1574 1007 complexus
1611 950 1692 1006 (in-

246 1011 400 1053 dicium
442 1010 483 1052 id
527 1012 640 1066 pacis
683 1013 792 1063 erat)
835 1012 961 1053 saluti
1004 1010 1224 1053 dedicione
1268 1011 1490 1052 consuluit.
1554 1010 1690 1058 Quem

245 1069 463 1111 Hetherus
495 1069 749 1110 amicissimo
784 1070 906 1110 uultu
944 1069 1332 1124 benignissimoque
1381 1082 1574 1110 sermone
1620 1083 1691 1109 ex-

247 1131 415 1181 ceptum
448 1140 533 1167 non
565 1127 702 1168 minus
735 1126 998 1169 humanitate
1029 1141 1156 1181 quam
1189 1132 1279 1168 arte
1312 1126 1566 1181 perdomuit.

383 1184 445 1225 Ea
469 1189 722 1240 tempestate
746 1184 900 1239 Helgo‚
925 1184 1108 1239 Halogie
1131 1200 1221 1234 rex,
1246 1183 1439 1236 Cusonis,
1464 1184 1691 1225 Finnorum

248 1243 612 1298 ily-armorumque
654 1244 877 1298 principis,
909 1243 1059 1289 filiam,
1098 1244 1267 1284 nomine
1300 1242 1504 1289 Tboram,
1547 1242 1692 1283 crebre

246 1301 476 1354 legacionis
521 1300 659 1342 officio
704 1301 973 1357 procabatur.
1038 1300 1184 1350 Adeo,
1227 1300 1338 1355 quod
1371 1314 1445 1356 per
1482 1314 1526 1341 se
1558 1300 1693 1341 minus

248 1358 435 1400 ualidum
470 1364 544 1410 est,
577 1359 702 1400 alieni
733 1359 923 1412 indigum
957 1359 1151 1400 noscitur.
1205 1358 1313 1399 Nam
1345 1372 1438 1399 eum
1472 1358 1562 1399 eius
1590 1364 1695 1399 tem-

248 1417 362 1471 poris
393 1416 571 1458 iuuenes
603 1417 854 1458 matrimonii
886 1417 1223 1471 postulacionem
1254 1416 1424 1470 propria
1462 1430 1570 1458 uoce
1601 1429 1694 1471 pro-

180 1486 195 1512 s
248 1473 455 1529 sequendi
489 1474 837 1516 consuetudinem
872 1474 1090 1525 baberent,
1122 1475 1189 1516 hic
1220 1478 1338 1515 tanto
1372 1474 1454 1515 oris
1482 1473 1588 1515 uicio
1623 1473 1693 1515 ob-

248 1532 354 1574 situs
388 1538 503 1582 erat,
545 1536 705 1573 utnon
738 1533 875 1574 solum
918 1537 1108 1576 exteras,
1150 1531 1222 1574 sed
1266 1533 1396 1573 eciam
1436 1531 1693 1573 domesticas

249 1603 373 1631 aures
406 1590 688 1632 erubesceret.
750 1592 873 1632 Adeo
918 1590 1134 1631 calamitas
1178 1590 1540 1631 omniseonseios
1571 1590 1693 1630 uitat.

248 1648 312 1689 Eo
346 1647 553 1702 siquidem
588 1652 736 1689 nature
770 1649 923 1690 damna
943 1648 1197 1690 'molestiora
1230 1652 1346 1700 sunt,
1380 1662 1462 1702 quo
1494 1647 1693 1702 liquidius

248 1709 405 1760 patent.
467 1705 608 1746 Huius
641 1705 752 1747 Ouso
787 1706 1007 1761 legacione
1039 1711 1207 1760 spreta,
1247 1706 1441 1759 coniugio
1474 1705 1693 1758 indignum

182 1775 218 1800 ἐῖτ
250 1763 485 1818 respondit,
517 1764 601 1818 qui,
634 1764 804 1818 propria
837 1778 984 1820 parum
1016 1764 1172 1805 uirtute
1206 1763 1430 1807 subnixus
1462 1763 1513 1804 ad
1547 1763 1587 1804 id
1620 1763 1695 1803 im-

183 2063 219 2090 30

182 2352 218 2378 35

185 2639 221 2668 40

251 1821 500 1876 petiandum
555 1822 743 1876 precaria
795 1827 1058 1863 mutuaretur
1110 1821 1263 1864 officia
1345 1820 1464 1869 Quod
1520 1821 1694 1861 audiens

250 1878 391 1933 Helgo
433 1879 693 1929 Hotbcium,
726 1894 848 1935 quem
882 1878 1095 1934 polu-ieris
1126 1878 1322 1920 facundie
1362 1884 1568 1927 nouelat,
1609 1879 1694 1919 suis

249 1937 393 1978 fauere
409 1935 572 1991 studiisi]
588 1938 851 1991 obsecrabat,
870 1937 1068 1979 alacriter
1085 1952 1142 1989 se,
1163 1936 1359 1992 quicquid
1380 1937 1411 1977 is
1428 1936 1692 1990 imperasset,

250 2000 531 2035 executurum
562 1997 565 2046 Ι
592 1995 819 2049 pollicitus.
881 1995 958 2036 Ille
990 1994 1139 2035 sedula
1171 1995 1336 2036 iuuenis
1379 1995 1694 2048 supplicacione

251 2051 459 2105 deuictus,
491 2057 653 2093 armata
687 2054 818 2095 classe
845 2052 1106 2107 Noruagiam
1139 2054 1258 2107 petit,
1291 2051 1403 2106 quod
1435 2052 1576 2093 uerbis
1608 2066 1691 2093 non

249 2114 417 2164 posset,
472 2109 632 2151 uiribus
678 2116 940 2166 peracturus,
1013 2110 1203 2164 Cumque
1247 2124 1323 2164 pro
1374 2109 1572 2164 Helgonc
1620 2123 1694 2164 per

250 2181 455 2209 summam
489 2168 646 2222 eloquii
677 2169 932 2210 suauitatem
964 2170 1140 2224 egisset,
1179 2168 1306 2209 refert
1337 2167 1470 2212 Cuso,
1508 2174 1694 2209 mentem

251 2225 335 2266 filie
368 2225 683 2275 consulendam,
716 2227 874 2282 nequid
897 2233 1044 2268 contra
1080 2226 1293 2268 nolentem
1327 2231 1503 2281 paterna
1532 2225 1694 2266 uidere-

251 2287 320 2324 tur
370 2284 602 2326 seueritate
654 2289 958 2340 presumptum.
1039 2283 1407 2339 Accersitamque,
1460 2298 1512 2324 an
1564 2297 1691 2337 proco

249 2341 540 2391 allubesceret,
573 2348 858 2396 percontatus,
891 2342 1116 2383 annuentis
1150 2342 1336 2397 Helgoni
1366 2342 1541 2396 nupcias
1573 2340 1694 2395 polli-

251 2404 384 2441 cetur.
446 2399 584 2453 Igitur
628 2399 844 2442 Hctherus
887 2399 1104 2441 obseratas
1149 2400 1328 2442 Cusonis
1370 2413 1495 2440 aures
1536 2398 1587 2439 ad
1631 2413 1693 2451 ea,

251 2470 333 2511 que
366 2458 643 2511 precabatur,
676 2456 944 2499 exaudienda
977 2457 1156 2499 rotunde
1189 2457 1469 2512 uolubilisque
1500 2456 1694 2498 facundie

251 2513 476 2556 dulcedine
510 2515 760 2569 patefecit.

391 2572 485 2621 Que
519 2571 619 2613 dum
650 2574 691 2614 in
723 2557 909 2634 ffilogia
940 2577 1167 2628 geruntur,
1206 2571 1411 2613 Balderus
1442 2562 1693 2626 postulande

251 2628 403 2675 Nanne
433 2631 576 2692 gracia
600 2630 762 2673 Geuari
790 2624 898 2673 fines
918 2635 1108 2678 armatus
1130 2629 1378 2693 ingreditur.
1433 2631 1472 2671 A
1497 2643 1579 2686 quo
1602 2644 1695 2677 cum

1731 1945 1801 1978 (4¹)

1716 2012 1742 2036 ν.
1766 2003 1811 2030 117
