1884 3126
697 219 997 260 ·-I--
1541 220 1594 260 27

147 349 327 405 periculi
357 353 574 404 respectu,
617 349 777 390 reflexo
810 348 853 389 in
884 351 1052 403 tergum
1083 349 1253 404 clypeo,
1289 348 1525 403 complures
1555 349 1598 389 in

147 422 296 450 necem
339 408 440 463 egit.
509 407 648 464 Igitur
689 405 892 460 Hadingo
937 406 1209 448 familiarium
1258 406 1335 448 sibi
1379 406 1598 447 numinum

146 465 336 522 presidia
366 466 624 522 postulante,
657 464 794 507 subito
825 463 1067 519 Vagnoftus
1098 464 1288 520 partibus
1327 464 1415 506 eius
1446 478 1598 519 propu-

147 528 354 579 gnaturus
375 524 613 566 aduehitur.
646 522 774 565 Cuius
795 522 1007 564 aduncum
1029 523 1273 564 Asmundus
1294 522 1483 577 gladium
1505 537 1598 564 con-

22 583 37 637 s
100 594 116 622 5
147 583 391 638 templatus,
423 582 534 624 hanc
565 582 608 623 in
638 595 787 623 uocem
818 581 1003 623 carmine
1035 581 1339 623 clamabundus
1371 581 1530 635 erupit:

21 654 25 664 ¹
355 640 468 690 Quid
498 639 640 695 gladio
673 653 838 695 pugnas
869 639 1077 682 incuruo?

353 698 577 740 Ensiculus
607 698 697 740 fato
727 697 805 739 tibi
835 697 921 752 fiet,

354 756 536 799 Framea
566 760 680 798 torta
710 769 858 798 necem
889 755 1124 811 generabit.

356 815 539 858 Hostem
570 828 754 870 namque
786 828 915 856 manu
946 815 1232 870 superandum

82 886 116 914 10
357 874 626 916 Carminibus
655 873 834 915 lacerari
863 873 970 927 fidis,

354 933 459 975 Plus
490 932 632 975 uerbis
663 946 790 988 quam
821 933 863 974 ui
896 931 1101 983 connisus,

355 991 407 1033 In
438 1005 595 1047 magna
624 991 737 1033 uires
768 1005 847 1047 ope
878 1004 1051 1046 ponens.

356 1049 468 1099 Quid
499 1064 567 1092 me
598 1050 657 1091 sic
686 1048 870 1091 umbone
901 1048 1103 1103 retundis,

353 1107 522 1150 Audaci
552 1108 689 1150 iaculo
721 1107 991 1150 minitando?

15 1164 37 1197 Ὗ
82 1178 116 1206 15
354 1166 462 1208 Cum
493 1167 548 1209 sis
580 1166 824 1208 criminibus
856 1165 1104 1208 miserandis

32 1230 38 1238 “
355 1224 527 1267 Obsitus
559 1229 601 1267 et
631 1225 808 1267 maculis
839 1224 1035 1267 refertus.

354 1283 531 1325 Infamis
562 1283 620 1325 sic
651 1287 692 1325 te
723 1287 827 1325 nota
858 1283 1010 1339 sparsit

357 1341 587 1383 Putentem
618 1342 738 1383 uiciis
769 1341 1004 1383 labeonem.
1036 1375 1038 1377 >

284 1398 379 1442 Hec
419 1401 727 1442 uociferantem
756 1399 985 1454 Hadingus
1028 1399 1150 1440 hasta
1188 1399 1341 1441 traiicit
1371 1403 1599 1441 amentata.
1630 1408 1710 1440 vwffi

32 1478 38 1501 z
78 1470 116 1497 ‘20
148 1456 232 1500 Sed
261 1472 339 1499 nec
371 1459 516 1500 mortis
546 1457 767 1501 Asmundo
800 1458 957 1500 solacia
997 1458 1183 1499 defuere.
1246 1457 1462 1513 Siquidem
1493 1458 1602 1498 inter

38 1523 40 1527 ’
147 1516 325 1571 exiguas
355 1516 442 1558 uite
464 1517 677 1572 reliquias,
708 1517 978 1559 uulneratum
1010 1516 1291 1558 interfectoris
1311 1516 1476 1571 pedem,
1509 1529 1602 1571 per-

146 1578 276 1630 petua
308 1574 619 1617 claudicacione
665 1575 911 1628 mulctauit,
954 1574 1200 1630 clademque
1241 1588 1381 1627 suam,
1426 1573 1601 1630 paruulo

145 1632 322 1675 ulcionis
370 1638 584 1675 momento
635 1633 952 1675 memorabilem
1014 1632 1212 1675 reddidit.
1303 1632 1372 1674 Ita
1422 1632 1602 1674 alterum

146 1691 324 1733 membri
356 1690 573 1744 debilitas,
617 1691 798 1734 alterum
826 1692 914 1733 uite
951 1691 1046 1733 finis
1077 1692 1256 1746 excepit.
1319 1690 1483 1746 Corpus
1513 1690 1601 1731 eius

38 1774 40 1779 -
79 1759 116 1787 25
146 1749 323 1791 solemni
352 1749 501 1791 funere
523 1750 681 1792 elatum
703 1749 816 1805 apud
837 1749 1043 1806 Vpsalam
1065 1750 1191 1805 regiis
1221 1754 1473 1805 procuratur
1504 1762 1602 1790 exe-

148 1807 269 1863 quiis.
331 1806 460 1849 Cuius
492 1808 677 1850 coniunx
710 1807 940 1860 Gunnilda,
972 1822 1025 1850 ne
1056 1808 1095 1850 ei
1126 1811 1378 1863 superesset,
1409 1807 1603 1862 spiritum

149 1865 227 1907 sibi
257 1865 371 1908 ferro
406 1867 622 1922 surripuit,
655 1867 878 1922 uirumque
910 1865 998 1908 fato
1028 1867 1213 1922 insequi,
1257 1880 1382 1921 quam
1412 1866 1503 1907 uita
1534 1864 1603 1906 de-

148 1937 286 1966 serere
313 1925 568 1979 preoptauit.
617 1924 758 1966 Huius
781 1939 931 1980 corpus
953 1925 1075 1966 amici
1103 1924 1318 1980 sepulture
1341 1923 1602 1975 mandantes,

146 1982 288 2023 mariti
310 1982 518 2025 cineribus
540 1983 841 2035 adiunxerunt,
873 1983 1044 2039 dignam
1069 1983 1157 2024 eius
1180 1982 1341 2024 tumulo
1363 1982 1457 2034 rati,
1489 1981 1603 2022 cuius

39 2058 45 2071 .
81 2050 118 2078 30
150 2040 370 2082 caritatem
401 2041 489 2083 uite
520 2042 766 2096 pretulerat.
813 2040 931 2083 Iacet
961 2042 1104 2097 itaque
1138 2041 1354 2083 Gunnilda
1385 2040 1601 2095 aliquanto

149 2099 379 2154 speciosius
407 2099 550 2147 ¹uirum
582 2099 694 2142 busti
724 2114 850 2156 quam
882 2100 992 2142 thori
1023 2100 1221 2142 societate
1252 2099 1486 2154 complexa.

286 2156 393 2198 Post
414 2157 492 2199 hec
512 2157 715 2213 Hadingo
736 2159 899 2213 uictore
917 2158 1105 2200 Suetiam
1128 2158 1371 2213 populante,
1394 2155 1603 2199 Asmundi

148 2215 271 2268 filius,
303 2214 403 2256 Vffo
434 2216 618 2270 nomine,
652 2216 909 2259 conserende
937 2231 1084 2258 manus
1111 2216 1353 2258 diffidencia
1384 2214 1602 2265 adductus,

148 2273 191 2314 in
221 2272 403 2315 Daniam
443 2275 675 2316 exercitum
707 2275 885 2329 traiicit,
930 2275 1189 2330 hostilesque
1231 2275 1341 2316 lares
1382 2274 1601 2324 incessere,

81 2341 118 2369 35
151 2345 276 2386 quam
329 2332 523 2387 proprios
572 2332 683 2374 tueri
733 2333 868 2375 sacius
914 2333 1058 2385 duxit,
1108 2336 1390 2388 opportunum
1436 2329 1605 2386 propul-

45 2391 48 2395 ’
151 2389 379 2431 sandarum
412 2390 660 2432 iniuriarum
692 2404 826 2445 genus
847 2391 1104 2441 existimans,
1136 2390 1249 2446 quod
1272 2390 1324 2431 ab
1350 2389 1466 2430 hoste
1487 2391 1603 2443 pate-

155 2450 294 2500 retur,
338 2447 508 2490 inferre.
557 2443 637 2490 ‘Ita
678 2447 814 2491 Danis
856 2449 910 2491 ad
954 2449 1143 2505 propria.
1167 2446 1426 2490 defensanda
1468 2445 1605 2487 redire

154 2505 394 2561 compulsis,
426 2506 689 2562 salutemque
719 2508 855 2562 patrie
877 2512 1118 2549 exterarum
1141 2520 1281 2548 rerum
1303 2504 1485 2546 dominio
1512 2517 1604 2558 pre-

50 2609 51 2612 *
152 2562 399 2618 ferentibus,
437 2563 716 2607 domesticum
747 2565 879 2608 solum
911 2565 1132 2608 hostilibus
1162 2564 1288 2606 armis
1312 2561 1603 2605 uacuefactum

23 2673 24 2676 Ἴ
81 2630 118 2659 4⁰
150 2621 337 2678 repeciit.
1584 2643 1610 2660 a
