1884 3126
240 176 323 222 226
803 202 858 210 —-
917 175 1008 221 VII
1067 203 1121 212 -

515 304 627 347 Num
659 305 760 348 meis
791 306 926 347 mauis
956 304 1126 347 monitis
1158 304 1306 347 adesse

514 363 570 406 Et
600 377 726 419 pares
758 364 868 405 uotis
899 363 1060 405 sociare
1091 377 1239 415 nexus,

519 422 653 471 Quam
687 422 806 477 gregi
838 435 1011 479 presens
1044 421 1249 476 olidisque
1283 435 1425 462 curam

653 480 785 521 Ferre
818 479 1027 535 capellis?

193 590 209 616 ⁵
517 584 654 638 Impie
687 583 881 626 dextram
915 583 1081 624 domine
1112 583 1270 633 refelle,
1738 579 1830 613 (126)

516 641 572 682 Et
603 646 766 683 trucem
797 656 975 698 preceps
1007 641 1141 696 fugito
1172 642 1432 696 magistram,

517 699 576 741 Vt
607 704 719 741 rates
752 713 911 741 mecum
945 700 1077 742 socias
1108 699 1295 741 reuisens

652 757 808 799 Libera
840 757 984 813 degas.

515 862 682 918 Linque
717 862 936 903 commisse
968 862 1152 903 studium
1184 862 1380 916 bidentis,

170 934 207 961 10
518 920 678 975 Sperne
710 920 905 974 caprinos
938 921 1103 974 agitare
1135 934 1319 974 gressus,

516 978 572 1020 Et
604 977 714 1020 thori
747 991 919 1020 consors
952 977 1062 1019 refer
1094 982 1195 1033 apta
1225 979 1378 1020 nostris

652 1035 821 1077 Premia
851 1036 978 1077 uotis.

516 1139 551 1180 O
584 1138 709 1180 michi
741 1139 870 1181 tantis
902 1139 1051 1181 studiis
1082 1139 1227 1194 petita,

514 1196 725 1252 Torpidos
758 1211 923 1238 rursum
955 1197 1093 1239 radios
1127 1197 1320 1247 reflectc3

175 1263 207 1289 15
515 1255 746 1296 Paululum
777 1259 896 1295 motu
929 1254 1040 1296 facili
1074 1255 1250 1310 pudicos

653 1312 782 1367 Erige
813 1313 972 1354 uultus.

516 1416 584 1457 Ad
614 1416 725 1458 lares
757 1417 855 1458 hinc
886 1421 927 1458 te
961 1421 1146 1458 statuam
1178 1422 1392 1473 paternos,

515 1473 571 1515 Et
604 1475 670 1529 pie
700 1475 828 1516 letam
861 1475 1029 1516 sociabo
1061 1477 1199 1530 matri,

514 1532 557 1573 Si
589 1533 720 1573 semel
753 1532 916 1574 blandis
949 1533 1110 1588 agitata
1140 1533 1252 1575 uotis

168 1600 206 1627 20
648 1590 829 1631 Lumina
860 1590 1036 1646 pandas,

515 1694 652 1743 Quam
686 1695 761 1736 tuli
793 1695 987 1736 claustris
1018 1696 1148 1736 tocies
1179 1696 1413 1750 gigantum,

515 1751 672 1794 Confer
703 1752 878 1808 antiquo
910 1753 1106 1795 meritum
1142 1753 1288 1803 labori,

514 1809 571 1851 Et
602 1824 759 1865 graues
790 1825 930 1852 rerum
962 1811 1158 1853 miserata
1190 1812 1305 1852 nisus

653 1868 787 1910 Parce
819 1868 960 1923 rigori.

166 1989 203 2016 2⁵
373 1983 517 2032 Quare
561 1984 714 2026 etenim
758 1984 982 2026 cerebrosa
1014 1983 1119 2025 adeo
1156 1983 1388 2025 dementire
1422 1985 1592 2040 cepisti,
1634 1990 1680 2026 ut

237 2039 433 2098 alielnum
468 2042 642 2083 ductare
673 2056 816 2097 pecus,
846 2046 888 2083 et
918 2042 960 2083 in
993 2044 1274 2084 monstrorum
1294 2041 1508 2083 famulicio
1531 2057 1677 2084 nume-
1733 2056 1832 2090 1233ss

236 2100 318 2141 rari
360 2104 581 2155 preoptes,
625 2113 749 2154 quam
791 2100 881 2155 pari
928 2113 1157 2141 consensus
1199 2099 1432 2154 aptitudine
1483 2104 1676 2142 mutuum

237 2158 347 2199 thori
378 2171 630 2213 promouere
661 2159 951 2199 contractum?
996 2158 1077 2199 Illa
1108 2157 1393 2208 nihilominus,
1434 2171 1486 2199 ne
1525 2158 1677 2213 pudice

236 2215 389 2257 mentis
412 2216 654 2257 constancia
688 2216 739 2256 ad
778 2220 976 2257 externos
998 2216 1201 2257 titubaret
1231 2220 1439 2270 aspectus,
1471 2215 1676 2257 luminum

167 2291 204 2317 30
235 2273 424 2315 habitum
470 2273 644 2315 immoto
691 2273 992 2329 palpebrarum
1029 2273 1168 2328 rigore
1210 2273 1429 2316 continuit.
1507 2273 1676 2322 Quante

238 2345 363 2387 porro
395 2331 600 2386 pudicicie
629 2331 757 2373 seculi
790 2331 899 2372 illius
930 2331 1106 2372 feminas
1131 2331 1322 2373 extitisse
1354 2335 1562 2386 putemus,
1596 2345 1677 2387 que

239 2404 294 2431 ne
325 2388 377 2430 ad
408 2389 547 2430 leuem
580 2388 747 2444 quidem
782 2389 999 2430 oculorum
1031 2392 1193 2430 motum
1215 2389 1407 2430 maximis
1439 2394 1674 2430 amatorum

240 2446 512 2489 irritamentis
558 2446 709 2488 adduci
759 2445 1022 2501 pot-uerunt?
1083 2445 1189 2488 Cum
1243 2460 1344 2501 ergo
1392 2445 1578 2487 Otharus
1623 2461 1675 2488 ne

239 2505 393 2559 gemini
436 2503 602 2560 quidem
649 2504 840 2545 beneficii
884 2504 1042 2546 meritis
1088 2504 1323 2559 uirgineum
1360 2505 1401 2545 in
1448 2518 1493 2544 se
1538 2504 1673 2545 uisum

166 2576 204 2604 85
235 2563 449 2604 concitare
471 2562 700 2618 quiuisset,
731 2561 893 2618 pudore
927 2567 968 2604 et
1000 2562 1238 2616 egritudine
1260 2561 1463 2616 fatigatus
1495 2561 1673 2603 classem
