1884 3126
274 200 357 241 268
829 221 882 228 —
942 198 1056 242 VIII
1114 223 1168 230 —-

274 327 448 380 milites,
491 327 603 382 apud
644 326 910 383 Hyberniam
953 329 1173 385 piraticum
1203 344 1356 372 munus
1388 329 1582 372 edebant.
1643 328 1715 380 Hi,

275 389 446 439 cognita
486 385 655 427 domine
694 399 819 440 nece,
863 401 990 441 quam
1023 401 1068 429 se
1101 388 1198 429 olim
1240 388 1401 429 ulturos
1442 387 1713 429 iureiurando

275 444 578 497 promiserant,
615 443 854 486 Omundum
884 445 1009 486 auide
1039 447 1218 500 petitum
1249 445 1376 487 duelli
1409 445 1715 500 prouocacione

273 501 513 543 sollicitant.
576 501 700 549 Quod
754 503 940 544 abnuere
991 503 1204 558 quondam
1249 503 1500 558 probrosum
1547 503 1714 558 regibus

225 558 242 595 ὅ
273 559 524 601 habebatur.
585 559 789 601 Veterum
833 560 939 601 enim
981 561 1189 602 claritudo
1230 562 1466 617 principum
1507 575 1559 602 ex
1591 560 1716 602 armis

275 618 422 672 pocius
455 631 579 672 quam
612 617 762 672 opibus
794 618 1076 660 estimabatur.
1125 619 1318 661 Subeunt
1347 620 1474 673 igitur
1508 617 1716 660 Omothus

276 679 317 715 et
358 674 515 725 Thola,
558 675 627 730 qui
668 690 714 716 se
755 682 1057 730 prouocatores
1109 677 1218 731 regis
1269 691 1412 732 pugna
1463 681 1716 731 excepturos

276 732 488 775 offerrent.
536 733 701 781 Quibus
734 733 955 776 Omundus
986 735 1178 789 impense
1209 735 1403 788 laudatis,
1435 735 1614 790 primum
1648 748 1716 776 eo-

275 805 367 832 rum
409 805 582 846 operam
624 790 847 833 admittere
899 793 1056 833 uitandi
1103 792 1265 835 ruboris
1306 793 1446 847 gracia
1492 792 1715 834 recusauit.

212 859 242 885 ιο
273 848 341 889 Ad
363 849 557 890 ultimum
579 849 733 890 crebris
755 863 927 891 suorum
951 850 1147 906 precibus
1175 857 1390 901 exoratus,
1422 850 1559 891 aliena
1590 864 1716 892 manu

273 906 488 948 fortunam
510 906 692 962 experiri
713 908 922 949 sustinuit.
966 908 1060 956 Quo
1095 909 1320 950 certamine
1352 909 1562 951 Beronem
1597 922 1716 950 occu-

275 965 428 1017 buisse,
461 964 661 1006 Thoriam
694 966 882 1019 grauiter
914 966 1113 1008 affectum
1145 981 1289 1021 pugna
1321 967 1556 1008 excessisse
1578 965 1716 1022 prodi-

273 1027 364 1064 tum
397 1028 472 1065 est.
536 1022 671 1071 Quem
704 1037 803 1075 rex,
835 1024 971 1078 primo
1004 1038 1026 1065 e
1058 1024 1304 1066 uulneribus
1337 1029 1585 1076 recreatum,
1615 1037 1716 1064 mox

272 1080 313 1121 in
345 1080 471 1121 fidem
511 1087 755 1134 acceptum,
799 1081 948 1123 ducem
980 1080 1197 1137 Noruagie
1229 1086 1355 1124 creat.
1416 1082 1582 1123 Deinde
1621 1096 1716 1123 cum

209 1148 239 1174 15
271 1142 523 1180 consuetum
554 1152 579 1179 a
611 1138 772 1180 Sclauis
803 1153 880 1193 per
922 1141 1088 1195 legatos
1133 1140 1336 1181 tributum
1380 1140 1592 1195 exigeret,
1632 1154 1717 1181 non

273 1196 410 1237 solum
457 1197 696 1250 legatorum
744 1197 939 1251 cedibus,
988 1197 1062 1239 sed
1112 1198 1242 1239 eciam
1284 1198 1328 1238 ui
1368 1197 1560 1239 Sclauica
1604 1197 1717 1253 apud

272 1254 427 1295 Iutiam
449 1254 682 1307 lacessitus,
704 1253 806 1297 VII.
829 1269 953 1309 reges
988 1269 1071 1297 uno
1104 1257 1331 1297 certamine
1362 1256 1589 1311 superauit,
1622 1256 1717 1297 soli-

274 1317 449 1367 tumque
480 1313 626 1354 tributi
657 1312 722 1354 ius
757 1313 936 1355 uictoria
969 1313 1240 1355 confirmauit.

410 1370 584 1412 Interea
606 1370 916 1423 Starcatherus,
948 1372 1114 1425 prolixa
1143 1373 1226 1414 iam
1250 1375 1361 1414 etate
1385 1371 1591 1425 defessus,
1624 1386 1719 1413 cum

203 1438 240 1465 20
272 1432 503 1471 castrorum
534 1428 753 1483 stipendiis
786 1442 834 1470 ac
865 1429 1117 1483 gladiatorio
1151 1444 1323 1472 munere
1357 1430 1556 1472 emeritus
1591 1429 1716 1471 habe-

274 1490 412 1537 retur,
459 1501 513 1528 ne
559 1486 666 1528 senii
711 1487 819 1528 uicio
867 1487 1089 1542 pristinum
1135 1488 1270 1542 glorie
1317 1488 1446 1529 decus
1490 1488 1717 1538 amitteret,

275 1545 493 1598 egregium
532 1544 623 1586 fore
666 1545 853 1598 putauit,
896 1545 929 1585 si
972 1546 1260 1587 uoluntarium
1291 1545 1371 1587 sibi
1400 1544 1719 1600 con<s>cisceret

275 1602 434 1643 exitum
465 1602 686 1657 fatumque
717 1602 886 1657 proprio
917 1607 1171 1645 maturasset
1201 1604 1389 1646 arbitrio.
1447 1603 1611 1658 Itaque,
1644 1604 1718 1655 qui

275 1661 407 1702 tocies
451 1661 710 1702 excellentes
754 1660 945 1702 ediderat
976 1675 1162 1716 pugnas,
1203 1662 1425 1703 incruenta
1455 1660 1615 1703 morte*
1647 1661 1716 1703 de·
1747 1673 1884 1703 Lxxx-

206 1727 242 1754 25
272 1717 393 1773 fungi
424 1718 611 1773 ignobile
642 1722 772 1770 ratus,
806 1723 853 1760 ut
885 1719 1078 1774 specioso
1113 1719 1231 1760 obitu
1262 1719 1464 1775 preterite
1493 1718 1580 1760 uite
1601 1719 1720 1761 clari-

276 1780 407 1817 tatem
440 1780 638 1831 augeret,
678 1776 825 1817 maluit
857 1777 910 1818 ab
942 1777 1128 1831 ingenuo
1169 1777 1319 1832 quouis
1351 1777 1550 1828 interfici,
1593 1791 1719 1832 quam

275 1847 414 1875 serum
446 1838 598 1877 nature
628 1834 812 1876 iaculum
845 1835 1039 1890 opperiri.
1082 1834 1203 1876 Adeo
1236 1834 1449 1890 quondam
1480 1835 1540 1876 rei
1572 1835 1719 1876 bellice

274 1891 426 1933 deditis
448 1892 595 1933 morbo
621 1896 824 1948 oppetere
846 1892 1094 1947 probrosum
1117 1893 1405 1934 existimatum
1438 1898 1512 1934 est.
1555 1893 1719 1947 Itaque,

275 1963 370 1991 eum
393 1953 434 1991 et
456 1964 633 2006 corpore
654 1949 842 1992 inualido
877 1954 918 1991 et
949 1950 1123 1992 defectis
1156 1951 1459 2006 perspicuitate
1489 1950 1718 1992 luminibus

204 2017 241 2045 30
272 2012 395 2061 esset,
427 2008 699 2050 diuturnioris
733 2007 819 2049 uite
850 2022 1010 2050 moram
1039 2022 1238 2063 perosus,
1277 2009 1445 2051 emendi
1477 2009 1515 2049 in
1551 2023 1595 2050 se
1626 2021 1719 2063 per-

274 2067 452 2108 cussoris
484 2067 626 2122 gracia
658 2080 821 2117 aurum,
854 2067 968 2121 quod
989 2080 1065 2121 pro
1090 2067 1236 2108 Olonis
1258 2066 1557 2108 interfeccione
1582 2079 1717 2107 meru-

274 2128 376 2172 erat,
409 2124 516 2166 collo
550 2123 796 2181 aplpensum
827 2125 1018 2179 gerebat,
1049 2137 1131 2165 non
1167 2125 1313 2180 apcius
1334 2139 1381 2166 se
1402 2125 1561 2166 uiolate
1592 2124 1717 2165 maie-

274 2182 395 2224 statis
425 2183 621 2224 iniuriam
653 2182 924 2237 expiaturum
955 2186 1083 2233 ratus,
1117 2196 1242 2238 quam
1274 2183 1308 2224 si
1338 2183 1450 2224 idem
1482 2196 1570 2234 sue,
1603 2181 1717 2237 quod

274 2239 485 2283 Oloniane
525 2241 638 2282 necis
681 2240 881 2282 extiterat
922 2241 1148 2295 premium,
1197 2241 1424 2285 effecisset,
1471 2254 1717 2295 aurumque,

206 2307 242 2335 35
273 2298 388 2352 quod
418 2313 495 2354 pro
527 2299 666 2340 aliena
697 2297 815 2339 clade
848 2298 1027 2350 tulerat,
1068 2298 1220 2339 damno
1262 2299 1431 2354 proprie
1464 2298 1610 2340 salutis
1641 2298 1718 2338 im-

274 2356 492 2411 penderet.
553 2356 680 2398 Hunc
711 2356 866 2411 quippe
897 2370 1020 2397 usum
1051 2356 1334 2398 scelestissimi
1369 2356 1493 2411 precii
1525 2356 1718 2410 pulcher-

274 2414 426 2455 rimum
459 2414 649 2456 credidit.
693 2414 843 2468 Itaque
866 2414 1033 2468 gemino
1072 2414 1229 2455 cinctus
1258 2428 1356 2455 ense
1388 2413 1561 2455 totidem
1594 2414 1719 2454 bacu-

276 2472 413 2513 lorum
454 2471 723 2513 amminiculo
768 2484 904 2512 uacua
933 2472 1087 2513 uirium
1118 2472 1299 2524 uestigia
1329 2471 1561 2513 tutabatur.
1623 2470 1717 2518 Quo

278 2529 383 2575 uiso,
415 2530 683 2584 popularium
715 2527 908 2584 quidam,
950 2530 1164 2583 geminum
1209 2529 1446 2583 gladiorum
1477 2542 1600 2570 usum
1631 2528 1720 2570 seni

211 2599 248 2628 40
280 2601 591 2646 superuacuum
622 2592 753 2642 ratus,
785 2585 933 2631 donari
963 2587 1040 2630 sibi
1073 2587 1252 2629 alterum
1284 2601 1359 2642 per
1389 2586 1615 2629 ludibrium
1647 2600 1720 2642 pe-
