1884 3126
743 258 795 263 —
858 231 948 276 VII
1010 259 1061 264 —-
1537 238 1613 282 221

174 374 299 416 quem
321 373 456 416 nuper
477 359 650 403 fortuna
671 367 884 416 equasset,
905 377 1016 406 nouo
1038 363 1265 406 famulatus
1290 366 1427 408 officio
1448 366 1618 409 coleret.

175 418 294 461 Adeo
326 420 505 460 salutem
529 419 739 462 dedecore
763 421 938 462 mercari
961 422 1096 463 uirtus
1120 423 1299 476 ignorat.
1346 423 1618 480 Compeditus

173 478 301 532 igitur
343 481 386 518 et
415 477 489 518 ad‘
513 477 607 518 loca
646 477 745 520 feris
786 480 936 533 peruia
980 480 1220 534 relegatus,
1254 481 1469 536 indignum
1500 487 1618 524 tanta

177 535 302 576 animi
337 535 560 577 maiestate
593 537 754 578 exitum
788 537 946 578 habuit.

314 593 554 647 Haldanus‚
586 595 743 648 gemini
772 595 892 649 regni
913 595 1087 650 imperio
1109 595 1280 651 potitus,
1315 597 1520 654 opinionis
1545 613 1618 640 sue

173 651 341 692 titulum
378 652 511 693 tribus
545 652 778 694 honestatis
812 653 1013 708 gradibus
1052 654 1293 697 decorabat.
1366 655 1471 697 Erat
1509 658 1618 697 enim

175 709 492 751 condendorum
525 711 662 765 patrio
706 725 820 752 more
862 715 1106 766 poematum
1137 713 1291 768 pericia
1332 713 1510 755 disertus
1542 728 1619 755 nec

174 768 377 809 athletica
409 768 546 814 minus
589 768 745 810 uirtute
789 783 915 824 quam
947 771 1064 824 regia
1107 775 1322 826 potestate
1354 773 1617 827 conspicuus.

175 824 368 867 Audiens
409 832 577 879 autem,
629 827 864 880 uegecioris
910 828 1066 882 ingenii
1111 828 1269 883 piratas
1311 829 1531 871 Tokonem
1579 834 1620 871 et

109 897 141 924 10
170 884 404 925 Anundum
425 884 732 940 circumpositis
752 886 968 927 imminere
990 886 1228 941 prouinciis,
1250 887 1457 928 maritima
1474 901 1617 942 pugna

106 1477 141 1505 20

109 1769 145 1796 ‘25

107 2059 143 2086 30

106 2347 143 2375 35

107 2640 144 2667 40

172 946 356 984 tentatos
400 943 625 998 oppressit.
697 942 814 984 Nihil
850 946 855 996 1
895 945 1005 986 enim
1042 949 1210 986 ueteres
1256 945 1446 987 claritate
1487 945 1616 999 magis

175 1000 462 1055 expetendum
496 1000 719 1051 ducebant,
760 1015 883 1057 quam
918 1016 1001 1044 non
1036 1016 1163 1057 opum
1193 1001 1347 1058 fulgor,
1379 1003 1451 1044 sed
1484 1017 1617 1045 armo-

174 1073 266 1099 rum
298 1059 507 1100 industria
538 1060 790 1114 peperisset.
859 1060 1010 1116 Itaque
1041 1061 1274 1103 sediciones
1308 1061 1526 1116 amplecti,
1558 1062 1617 1102 in-

174 1120 367 1158 staurare
399 1117 517 1169 lites,
551 1119 642 1159 ocia
673 1117 885 1172 fastidire,
918 1119 1009 1174 paci
1043 1118 1239 1160 miliciam
1271 1119 1503 1171 anteferre,
1537 1120 1618 1159 uir-

127 1195 143 1212 ›
175 1178 327 1226 tutum,
350 1189 434 1216 non
462 1190 618 1230 rerum,
642 1177 913 1218 estimacione
939 1177 1116 1230 censeri,
1139 1176 1362 1232 plurimum
1387 1177 1617 1232 uoluptatis

174 1233 214 1274 in
249 1233 406 1288 preliis,
429 1233 646 1275 minimum
673 1235 714 1275 in
739 1235 944 1276 conuiuiis
972 1248 1180 1290 reponere
1202 1235 1462 1277 clarissimis²¹²
1484 1248 1615 1290 quon-

177 1290 272 1332 dam
305 1291 406 1332 uiris
439 1305 539 1333 cure
573 1293 726 1334 extitit.

311 1349 395 1391 Sed
418 1364 556 1405 neque
580 1350 651 1391 diu
667 1350 868 1392 Haldano
893 1351 1057 1392 emulus
1081 1350 1228 1393 defuit.
1273 1350 1381 1392 Nam
1407 1350 1616 1406 Syualdus

175 1406 359 1462 quidam,
393 1408 505 1449 claro
539 1408 593 1450 ad
624 1409 794 1451 modum
831 1409 922 1451 loco
958 1414 1095 1461 natus,
1127 1409 1238 1464 apud
1273 1409 1486 1450 Sueonum
1521 1423 1617 1449 con-

174 1465 337 1506 cionem
355 1465 585 1508 Frothonis
608 1481 658 1508 ac
680 1467 872 1522 coniugis
896 1468 985 1509 eius
1003 1468 1137 1509 exicio
1160 1467 1354 1508 flebiliter
1369 1471 1616 1518 memorato,

175 1527 338 1564 tantum
364 1524 726 1580 Haldani-odium
757 1539 865 1581 pene
895 1525 1086 1566 omnibus
1109 1525 1386 1578 ingenerauit,
1420 1529 1466 1565 ut
1488 1524 1615 1578 pluri-

174 1595 338 1622 morum
370 1579 583 1637 suffragiis
623 1598 829 1625 nouarum
871 1598 1012 1625 rerum
1053 1583 1270 1624 licenciam
1309 1586 1615 1638 assequeretur.

174 1639 265 1681 Neo
295 1641 385 1682 solo
410 1655 563 1682 uocum
589 1641 735 1683 fauore
759 1645 998 1695 contentus,
1030 1642 1136 1682 adeo
1162 1641 1294 1695 plebis
1326 1641 1508 1682 animum
1533 1653 1616 1680 am-

174 1698 351 1740 bicionis
396 1700 558 1741 artibus
617 1701 862 1755 occupauit,
914 1703 959 1741 ut
1006 1699 1189 1740 omnium
1236 1699 1322 1740 fere
1367 1712 1512 1740 manus
1561 1696 1613 1738 ad

177 1756 337 1810 regium
379 1758 545 1812 insigne
587 1758 822 1812 capitisue
865 1757 1189 1813 imprimendum
1229 1756 1470 1798 adduceret.
1534 1754 1614 1796 Hic

176 1818 337 1869 septem
385 1815 487 1858 filios
528 1816 734 1868 habebat,
775 1820 893 1858 tanto
936 1815 1236 1857 ueneficiorum
1278 1829 1356 1855 usu
1403 1814 1614 1865 callentes,

174 1878 221 1914 ut
242 1887 342 1928 sepc
374 1873 524 1915 subitis
549 1873 702 1915 furoris
736 1874 894 1916 uiribus
928 1874 1115 1915 instincti
1136 1873 1320 1914 solerent
1353 1885 1423 1912 ore
1446 1876 1614 1912 toruum

174 1929 412 1984 infremere,
447 1936 566 1974 scuta
587 1933 797 1974 morsibus
829 1936 1070 1981 attrectare,
1104 1931 1282 1972 torridas
1306 1930 1427 1971 fauce
1457 1942 1614 1983 prunas

175 1989 415 2043 absumere,
448 1995 645 2032 extructa
682 1991 831 2046 queuis
862 1989 1055 2032 incendia
1088 1993 1332 2045 penetrare,
1364 2001 1441 2029 nec
1470 1990 1614 2042 posset

175 2053 406 2101 conceptus
438 2047 657 2090 demencie
690 2057 831 2090 motus
867 2048 948 2090 alio
986 2046 1164 2090 remedii
1194 2060 1348 2101 genere
1383 2059 1510 2100 quam
1542 2048 1614 2084 aut

176 2105 648 2161 uinculorum-iniuriis
688 2111 762 2148 aut
794 2107 908 2149 cedis
947 2107 1130 2147 humane
1170 2104 1337 2159 piaculo
1378 2102 1614 2157 temperari.

175 2162 356 2205 Tantam
404 2165 486 2206 illis
530 2165 689 2206 rabiem
733 2165 822 2206 siue
862 2165 1018 2205 seuicia
1064 2162 1221 2218 ingenii
1276 2162 1363 2203 siue
1411 2160 1614 2201 furiarum

176 2220 376 2263 ferocitas
422 2223 668 2278 inspirabat.
746 2222 909 2271 Quibus
956 2220 1108 2262 auditis
1150 2219 1396 2271 Haldanus,
1439 2222 1486 2259 ut
1528 2221 1615 2281 crat

176 2279 286 2321 circa
317 2280 539 2335 piraticam
573 2285 818 2336 occupatus,
851 2279 1052 2335 expedire
1073 2278 1273 2320 militibus
1308 2277 1424 2327 dixit,
1455 2279 1512 2325 ut,
1544 2288 1613 2329 qul

168 2337 217 2377 ffin
253 2345 422 2379 exteros
463 2338 669 2380 hactenus
711 2338 991 2392 deseuierint,
1032 2350 1143 2377 nunc
1185 2336 1339 2377 ciuium
1379 2333 1611 2374 uisceribus

176 2394 332 2437 ferrum
366 2396 562 2451 adigant,
595 2397 816 2452 ereptique
848 2396 966 2451 regni
1009 2395 1201 2436 iniuriam
1233 2393 1499 2457 propulsent,
1542 2389 1612 2444 qui

177 2452 381 2494 dilatandi
427 2469 571 2495 curam
624 2469 771 2508 gerere
824 2457 1149 2495 consueuerant.
1230 2451 1322 2498 Quo
1368 2452 1610 2512 lmmlnente

176 2510 411 2566 Syualdus,
444 2513 580 2554 missis
614 2512 667 2554 ad
700 2527 798 2554 eum
835 2512 1009 2566 legatis,
1050 2510 1188 2561 iubet,
1229 2509 1261 2548 si
1294 2507 1449 2548 famam
1491 2504 1612 2546 factis

177 2573 354 2624 equaret
395 2574 437 2611 et
476 2574 619 2611 tantus
658 2584 700 2611 re
733 2574 865 2622 esset,
897 2573 1080 2624 quantus
1115 2567 1311 2623 opinione
1353 2567 1611 2629 censeretur,

176 2641 222 2668 se
253 2641 459 2683 suamque
483 2628 671 2669 sobolem
694 2641 839 2684 pugna
870 2628 984 2668 solus
1007 2626 1201 2681 excipiat,
1231 2623 1484 2678 priuatoque
1502 2634 1611 2676 peri-

1653 1237 1776 1267 hxvla
