1884 3126
675 231 729 237 -
789 205 928 248 XIIII
990 232 1039 236 —
1497 206 1581 247 455

136 349 284 378 eorum
337 335 498 378 cladem
539 334 809 386 ducentibus,
856 348 996 391 neque
1036 335 1173 378 socios
1226 334 1582 390 computantibus,

134 409 244 450 quos
283 393 392 436 duce
422 408 447 435 a
479 407 524 436 se
554 393 746 435 diuersos
787 398 1011 436 nouerant.
1059 393 1167 435 “Sed
1201 398 1243 435 et
1272 393 1447 436 forensis
1478 407 1582 435 non-

136 453 236 493 dum
267 466 413 507 pugne
446 452 650 494 memoria
680 451 929 493 exoleuerat
961 456 1002 492 et
1033 466 1183 493 recens
1214 451 1402 507 parcium
1438 451 1580 493 odium

137 510 348 552 estuabat.
409 509 555 562 Adeo,
587 523 692 565 quos
723 510 891 564 priuate
925 510 985 550 ire
1016 510 1207 564 agita-nt,
1252 509 1422 565 publica
1462 523 1583 551 num-

88 579 104 606 5
137 584 262 625 quam
318 569 554 611 communio
606 567 784 610 federat.
867 567 1052 609 Ascerus
1110 582 1212 609 uero
1269 567 1582 621 Roskildensis,

136 628 207 682 qui
250 627 395 668 classis
427 641 451 668 a
483 641 583 681 rege
618 639 758 667 curam
799 629 1048 680 acceperat,
1091 639 1167 667 suo
1200 630 1375 681 repente
1408 627 1580 681 nauigio

134 699 209 740 per
256 685 466 740 ignauiam
521 683 697 739 cedens,
743 682 1107 738 mercator<i>um,
1161 684 1312 740 cymba
1365 684 1581 738 aduectus,

137 743 400 794 conscendit,
443 757 580 798 eoque
619 742 824 784 latebram
857 746 1032 795 nactus,
1076 757 1179 797 quos
1212 743 1404 797 specioso
1437 756 1582 798 pugne

135 801 331 856 exemplo
364 800 415 842 ad
448 800 735 843 fortitudinem
768 801 942 842 incitare
974 800 1204 851 debuerat,
1249 800 1447 842 deformis
1479 800 1582 854 fuge

68 859 102 898 ιὸ
132 860 373 915 spectaculo
416 859 649 901 territabat.
711 858 904 900 Primum
927 858 941 910 ΙΙ
966 862 1110 900 autem
1152 858 1300 909 Scani,
1345 873 1397 899 ne
1429 858 1581 901 timidi·
1643 871 1737 904 (255)
1782 900 1787 906 ,

135 918 277 959 oribus
309 917 414 972 fuga
446 921 708 973 suppeteret,
741 917 1035 958 communibus
1058 917 1237 958 uinculis
1259 915 1582 959 arccius'naues

132 976 174 1017 in
207 977 385 1017 classem
419 976 603 1025 sociant,
635 988 737 1015 mox
768 975 869 1017 uicti
909 989 1047 1016 nexus
1090 974 1298 1016 industrie
1330 978 1581 1030 procuratos

132 1034 317 1076 fortuitis
358 1033 631 1089 rupcionibus
671 1034 882 1084 lacerant,
925 1047 1110 1088 parsque
1141 1032 1254 1074 ferro
1294 1033 1441 1088 periit,
1484 1047 1581 1088 pars

132 1107 278 1134 necem
325 1091 404 1134 sibi
451 1093 562 1134 inter
612 1091 747 1133 undas
792 1091 1020 1146 precipicio
1067 1091 1311 1133 maturauit.
1390 1091 1582 1146 Cumque

67 1160 100 1187 15
130 1150 315 1204 Rugiani
347 1151 587 1204 complures
621 1150 673 1191 ob
704 1149 1039 1203 magnitudinem
1071 1163 1203 1191 naues
1231 1154 1358 1204 captu
1392 1149 1581 1191 difficiles

132 1208 542 1261 animaduerterent,
583 1207 863 1250 multitudinis
904 1208 1048 1262 specie
1089 1211 1248 1248 metum
1290 1209 1348 1248 eis
1386 1208 1579 1260 ingerere

133 1267 363 1322 cupientes,
379 1267 559 1308 classem
574 1280 706 1319 suam,
721 1265 916 1308 abductis
930 1279 1126 1307 cesorum
1139 1265 1580 1321 nauigiis,duplicant,

131 1325 367 1380 eademque
397 1324 574 1380 perinde
607 1337 654 1366 ac
685 1324 890 1379 remigum
917 1329 921 1373 Ι,
950 1325 1090 1380 plena,
1121 1325 1317 1366 tentoriis
1348 1324 1578 1378 instruunt,
1633 1342 1661 1367 p·
1681 1333 1731 1361 677

130 1384 392 1425 uacuitatem
423 1383 680 1424 umbraculis
713 1383 1000 1424 obscurantes.
1061 1381 1139 1423 Vsi
1170 1387 1269 1424 sunt
1302 1386 1344 1423 et
1375 1382 1456 1423 alio
1493 1397 1577 1423 non

61 1450 98 1477 ‘20
127 1441 288 1482 minore
329 1440 578 1483 menciende
623 1441 766 1482 classis
804 1441 993 1495 ingenio.
1054 1439 1263 1482 Noctibus
1297 1441 1406 1481 enim
1449 1441 1578 1482 tacita

130 1500 408 1554 nauigacione
440 1500 482 1540 in
515 1500 647 1541 altum
678 1503 926 1554 pergentes,
959 1498 1144 1540 diluculo
1178 1498 1443 1547 referuntur,
1475 1499 1578 1540 ima-

130 1558 275 1611 ginem
297 1557 477 1599 recentis
494 1558 636 1600 classis
654 1561 695 1599 et
709 1557 1104 1612 superueniencium
1121 1557 1374 1598 auxiliorum
1393 1556 1579 1610 effigiem

130 1615 350 1669 prebituri.
412 1615 496 1657 Sed
539 1616 686 1670 crebro
718 1615 760 1656 id
794 1616 1015 1669 agencium
1055 1615 1215 1656 frustra
1246 1614 1453 1655 calliditas
1485 1614 1576 1656 fuit.

132 1673 302 1715 Interea
323 1669 457 1715 Danis
482 1674 746 1716 obsidionem
766 1673 1032 1728 umentibus.
1065 1687 1210 1714 eorum
1235 1673 1377 1714 classis
1399 1673 1576 1727 piratico

60 1742 97 1768 ‘25
128 1731 239 1772 bello
279 1733 504 1773 nunciatur
549 1745 764 1788 oppressa.
827 1731 923 1773 Hac
962 1731 1075 1772 fama
1115 1731 1329 1779 reuocati,
1369 1731 1576 1784 correptis

130 1790 304 1831 nauium
345 1789 555 1845 reliquiis,
597 1790 842 1845 Rugianos,
883 1790 1077 1831 resistere
1109 1788 1409 1838 formidantes,
1450 1794 1578 1843 portu

129 1848 389 1903 propellunt,
421 1849 717 1903 sociorumque
748 1852 932 1902 stragem
964 1848 1067 1903 fuga
1089 1847 1271 1889 hostium
1307 1847 1576 1900 ulciscuntur,

131 1905 185 1947 ob
216 1905 533 1947 interfectorum
567 1906 775 1948 cadauera
803 1919 953 1961 parum
996 1906 1137 1948 adhuc
1168 1905 1399 1961 nauigabili
1433 1909 1575 1961 ponto.

132 1963 323 2006 Suenoni
362 1978 491 2018 uero,
534 1965 656 2019 naui,
698 1978 781 2019 qua
811 1969 1002 2019 uenerat,
1036 1965 1238 2020 spoliato,
1271 1978 1391 2005 suam
1425 1963 1577 2005 cedere

61 2033 97 2060 30
127 2021 325 2063 Kanutus
349 2022 595 2064 liburnicam
628 2023 776 2065 uoluit.
839 2023 922 2065 Sed
954 2028 1152 2078 suspecta
1175 2023 1305 2064 emuli
1334 2022 1577 2063 humanitas

130 2086 242 2133 erat,
286 2080 561 2136 oblatumque
603 2081 830 2123 notabatur
871 2081 1136 2136 obsequium.
1199 2080 1307 2122 Nam
1349 2094 1443 2121 cum
1488 2080 1576 2121 eius

128 2144 271 2193 partes
293 2138 525 2181 incolumes
559 2153 741 2195 suasque
774 2153 908 2195 prope
931 2138 1106 2181 modum
1138 2139 1366 2180 exhaustas
1399 2138 1577 2188 uideret,

129 2197 267 2237 alieno
301 2197 473 2251 nauigio
506 2197 688 2238 reditum
720 2198 903 2252 experiri
933 2197 1035 2239 fisus
1074 2211 1160 2239 non
1193 2202 1272 2239 est.
1337 2195 1576 2237 Slesuicum

130 2254 350 2303 deuectus,
381 2255 600 2296 interiecto
635 2260 839 2311 tempore,
871 2256 986 2311 prior
1009 2255 1184 2297 Kanuto
1219 2254 1475 2296 Sialandiam
1509 2267 1576 2295 oc-

59 2322 96 2350 35
130 2316 267 2366 cupat,
300 2312 670 2369 Roskildiamque,
703 2315 888 2355 menium
919 2314 1110 2368 inopem,
1145 2312 1399 2367 receptaculi
1433 2311 1575 2366 gracia

129 2370 242 2411 uallo
277 2370 476 2425 fossaque
509 2371 814 2426 complectitur.
878 2371 1008 2413 Cuius
1041 2370 1235 2413 custodia
1261 2370 1438 2412 Ebboni,
1462 2383 1575 2411 man-

130 2427 246 2479 data,
292 2428 334 2469 in
381 2428 576 2470 Scaniam
623 2428 798 2484 pergit.*
866 2428 1066 2471 Kanutus
1114 2443 1239 2480 uero,
1284 2427 1575 2469 Scaniensium
1596 2435 1767 2464 CXXXVa

130 2485 292 2526 damnis
324 2486 506 2541 benigne
538 2501 681 2528 secum
703 2501 726 2527 a
748 2486 917 2529 fortuna
949 2492 1089 2529 actum
1113 2487 1372 2534 existimans,
1396 2499 1574 2541 eamque

131 2548 292 2586 tantum
312 2543 390 2584 sibi
410 2544 560 2585 uirium
589 2543 811 2596 addidisse,
836 2549 1040 2600 quantum
1064 2544 1203 2586 emulo
1227 2541 1576 2597 de<m>p[res]sis-

61 2613 98 2642 40
130 2607 205 2652 set,
238 2607 471 2660 reputans,
511 2617 563 2645 ne
602 2617 669 2644 res
712 2603 801 2645 eius
844 2604 1038 2661 proxima
1071 2603 1189 2644 clade
1231 2606 1450 2658 corruptas
1484 2602 1575 2643 ocio
