1884 3126
156 843 192 869 10

161 1133 195 1159 15

159 1423 196 1449 20

159 1713 196 1739 ⁴25

163 2002 199 2028 30

164 2298 201 2324 35

220 180 302 222 248
791 203 838 208 —
904 179 994 237 VH¹
1059 205 1107 211 ,-

222 306 452 362 respondit.
513 307 694 348 Inermis
725 306 931 362 siquidem
964 321 1012 349 ac
1044 307 1169 362 regiis
1192 306 1401 348 duntaxat
1432 306 1666 362 insignibus

223 370 410 416 ornatus,
444 369 562 406 cetus
594 364 783 406 anteibat
814 364 1059 419 armigeros,
1093 364 1421 420 expeditamque
1452 364 1666 420 pugnandi

223 423 389 477 copiam
419 422 754 464 feruencioribus
795 422 893 464 belli
928 423 1126 478 periculis
1168 423 1424 465 obiectabat.
1496 423 1667 464 Directa

222 495 407 535 namque
438 480 477 520 in
505 495 599 522 cum
623 480 794 537 spicula,
826 494 875 522 ac
897 481 930 522 si
962 481 1091 522 retusi
1118 481 1321 522 acuminis
1344 485 1496 533 essent,
1527 494 1666 522 nocuo

222 538 500 580 cassabantur
531 538 697 580 effectu.
760 538 950 594 Cumque
982 539 1109 580 ceteri
1140 538 1357 594 preliantis
1388 539 1667 580 inormitatem

225 596 514 647 aduerterent,
547 597 821 652 impressione
843 596 967 644 facta,
999 596 1051 637 ad
1083 611 1179 639 eum
1213 597 1349 638 acrius
1380 596 1667 652 impetendum

224 655 388 710 pudore
411 659 633 709 coguntur.
680 654 797 702 Quos
820 653 1036 696 Haraldus
1068 667 1241 710 corpore
1268 655 1434 709 integer
1464 658 1537 695 aut
1558 653 1668 696 ferro

226 712 488 766 consumpsit
534 715 607 753 aut
645 712 789 766 fugam
837 712 1023 767 arripere
1065 713 1227 766 coegit3
1264 712 1269 765 Ι
1306 712 1447 768 sicque
1493 725 1669 766 regnum

224 769 471 822 Asmundo,
503 774 717 825 prostrata
750 771 839 812 eius
871 783 1039 823 sorore,
1070 770 1265 811 restituit.
1327 770 1366 813 A
1400 784 1483 826 quo
1518 769 1668 811 oblatis

224 828 302 870 sibi
344 828 520 870 uictor-ie
563 828 747 883 premiis,
794 826 947 870 *solam
1001 828 1135 883 glorie
1184 828 1425 870 mercedem
1477 827 1669 870 sufficere

225 886 343 938 dixit,
375 890 625 943 tantumque
649 901 693 928 se
725 887 767 927 in
797 885 1066 941 repudiandis
1090 886 1331 929 muneribus
1364 887 1507 942 gessit,
1542 899 1670 942 quan·

226 952 314 989 tum
363 950 508 1001 egerat
552 947 593 987 in
637 947 942 1002 promerendis.
1027 947 1120 995 Quo
1168 946 1282 988 facto
1329 960 1413 987 non
1465 946 1669 988 minorem

227 1005 422 1048 omnibus
456 1005 718 1047 continencie
750 1020 847 1059 sue,
885 1020 1010 1061 quam
1040 1004 1297 1046 fortitudinis
1330 1004 1668 1046 ammiracionem

226 1064 425 1116 incussit,
458 1063 695 1105 claritatem
727 1079 791 1115 se,
834 1078 916 1106 non
950 1064 1175 1120 pecuniam
1207 1077 1259 1104 ex
1290 1062 1467 1104 uictoria
1498 1076 1672 1118 percep-

228 1126 368 1164 turum
399 1124 592 1164 testatus.

364 1180 536 1222 Interea
556 1194 634 1222 rex
656 1179 873 1221 Sueonum
895 1178 1082 1222 Aluerus
1112 1178 1293 1229 decedit,
1326 1178 1478 1230 Olauo,
1512 1177 1672 1233 Ingone

227 1243 269 1280 et
301 1237 483 1293 Ingeldo
516 1237 610 1279 filiis
643 1238 821 1289 relictis3
855 1252 1032 1292 quorum
1065 1238 1186 1292 Ingo,
1218 1241 1395 1292 paterne
1425 1235 1671 1278 hereditatis

228 1296 360 1338 titulis
412 1311 495 1338 non
548 1301 793 1348 contentus,
848 1295 1092 1351 proferendi
1136 1295 1303 1350 imperii
1352 1293 1493 1350 gracia
1539 1294 1671 1336 Danis

230 1354 385 1396 bellum
419 1353 656 1397 denunciat.
732 1353 862 1396 Cuius
904 1358 1106 1396 euentum
1149 1352 1341 1395 Haraldo
1385 1352 1564 1395 oraculis
1602 1367 1673 1394 ex-

227 1413 395 1467 plorare
445 1412 630 1469 cupienti
666 1426 797 1454 senex
828 1413 1029 1468 precipue
1059 1411 1384 1467 magnitudinis,
1426 1411 1500 1452 sed
1544 1411 1671 1452 orbus

231 1470 353 1513 oculo
377 1471 526 1513 obuius
551 1470 706 1523 extitit,
740 1471 810 1525 qui
833 1470 999 1525 hispido
1023 1470 1152 1512 eciam
1175 1469 1356 1511 amiculo
1381 1470 1671 1522 circumactus,

231 1528 448 1583 Othynum
482 1543 526 1571 se
558 1528 639 1570 dici
672 1528 963 1583 bellorumque
994 1543 1073 1569 usu
1096 1527 1249 1569 callere
1280 1531 1473 1579 testatus,
1503 1527 1673 1568 utilissi-

230 1601 346 1628 mum
375 1587 411 1628 ei
433 1586 696 1628 centuriandi
726 1586 768 1627 in
790 1586 880 1628 acie
906 1586 1118 1628 exercitus
1141 1585 1443 1628 documentum
1465 1585 1671 1640 porrexit.

230 1644 359 1686 Iussit
389 1644 531 1697 igitur,
564 1650 610 1686 ut
633 1644 903 1686 terrestribus
936 1644 1092 1685 bellum
1117 1643 1249 1698 copiis
1272 1642 1473 1694 editurus,
1505 1642 1673 1684 uniuer-

229 1717 320 1744 sam
352 1703 483 1744 aciem
517 1703 667 1745 intres
699 1705 859 1744 turmas
881 1701 1103 1754 diuideret,
1135 1715 1311 1757 quarum
1333 1714 1673 1756 unamquamque

230 1761 431 1802 uicenarii
477 1761 646 1803 racione
693 1759 914 1813 densaret,
962 1759 1141 1801 mediam
1188 1773 1290 1801 uero
1337 1758 1439 1800 XX.
1486 1759 1673 1800 uirorum

231 1833 410 1860 numero
443 1818 612 1874 reliquis
650 1819 960 1873 porrecciorem
992 1818 1263 1870 extenderet,
1308 1831 1432 1872 quam
1468 1817 1603 1858 eciam
1633 1816 1674 1856 in

231 1876 326 1918 coni
368 1877 458 1918 siue
502 1875 731 1933 pyramidis
777 1890 954 1917 acumen
1001 1874 1219 1929 digerens,
1271 1874 1432 1916 alarum
1485 1887 1674 1915 recessus

233 1934 430 1988 utrinque
464 1948 585 1975 secus
617 1934 807 1976 discretis
838 1933 1088 1988 ambagibus
1128 1933 1377 1988 obliquaret.
1440 1931 1676 1973 Cuiuslibet

233 2007 335 2034 uero
367 1996 506 2034 turme
537 1992 687 2034 seriem
727 1992 806 2033 hac
846 1990 1027 2047 ralcione
1061 1995 1335 2043 contexeret,
1378 1993 1423 2031 ut
1454 2004 1478 2031 a
1510 1989 1695 2031 duobus·

232 2051 351 2092 frons
383 2051 597 2101 inchoans,
631 2050 988 2106 consequentibus
1030 2050 1133 2091 locis
1167 2049 1339 2090 unitatis
1376 2047 1586 2091 duntaxat
1616 2047 1676 2088 in-

235 2115 448 2153 crementa
489 2112 716 2166 recipe1·et;
760 2114 802 2150 et
834 2109 1001 2164 quidem
1040 2108 1082 2149 in
1114 2106 1303 2149 secunda
1339 2107 1449 2147 linea
1486 2109 1596 2155 tres,
1637 2104 1678 2145 in

235 2170 366 2211 tercia
412 2173 635 2224 quattuor,
681 2167 916 2223 eodemque
964 2165 1091 2208 modo
1142 2166 1356 2222 posterius
1409 2162 1678 2215 ordinandos,

234 2228 380 2270 habita
414 2226 721 2282 congressione,
755 2228 974 2276 statueret,
1006 2225 1149 2279 sicque
1181 2226 1491 2279 consequentes
1522 2220 1679 2276 gradus

232 2286 343 2328 idem
391 2285 680 2341 proporcionis
725 2288 849 2325 tenor
890 2284 1138 2329 instrueret,
1186 2281 1321 2323 donec
1363 2278 1677 2322 coniunccionis

235 2344 480 2386 extremitas
512 2344 601 2385 alas
634 2345 824 2398 equaret;
860 2355 987 2384 cornu
1018 2354 1120 2382 uero
1144 2338 1360 2394 quodlibet
1391 2338 1509 2380 denis
1540 2336 1595 2378 ab
1626 2350 1675 2378 eo

236 2401 453 2443 ordinibus
486 2401 757 2444 formaretur.
827 2398 934 2441 Post
975 2398 1051 2440 has
1088 2398 1188 2440 item
1230 2402 1389 2438 turmas
1430 2396 1678 2438 instructam

234 2459 379 2501 iaculis
419 2460 686 2503 iuuentutem
726 2456 944 2510 admittat3
976 2470 1001 2498 a
1033 2455 1150 2498 cuius
1180 2459 1300 2510 tergo
1324 2453 1338 2508 ΙΙ
1361 2453 1678 2509 grandeuorum

238 2518 457 2559 cohortem
487 2516 697 2570 adhibeat,
742 2530 823 2571 que
853 2515 1046 2556 labantes
1078 2513 1289 2556 sociorum
1320 2512 1433 2554 uires
1475 2514 1679 2553 ueterana

171 2588 206 2615 40
239 2575 422 2638 quadam
459 2571 617 2623 uirtute
656 2575 866 2634 firmaret,
908 2571 1060 2619 deinde
1096 2570 1356 2618 funditorum
1393 2570 1482 2612 alas
1521 2582 1679 2629 gnarus

1726 729 1753 752 1·-
1774 719 1823 746 3t·3

1691 834 1866 863 hxxnlla

1733 2000 1760 2025 p.
1779 1991 1830 2018 364
1880 1973 1884 2030 ’Ξ

1738 2463 1830 2497 (139)
