1884 3126
119 912 155 939 10

117 1204 154 1231 15

115 1785 152 1812 25

115 2075 152 2102 30

113 2366 149 2394 35

114 2656 152 2685 40

776 242 1047 283 ,ΧΨ
1473 240 1630 282 -361

189 375 311 428 pater
343 385 398 413 ex
428 371 563 413 Imme
605 371 874 414 matrimonio
919 371 1110 424 sustulit,
1152 371 1195 412 in
1237 370 1358 427 regni
1389 370 1637 412 societatem

189 428 441 485 ad<s>ciscit,
473 445 557 472 non
589 430 702 486 quod
735 430 922 471 fraterno
954 429 1073 470 illum
1106 429 1260 471 affectu
1292 430 1463 482 coler'et,
1495 428 1569 471 sed
1591 434 1639 471 ut

190 488 279 530 eius
321 488 598 530 ambicionem
640 488 933 530 munificencia
972 501 1020 529 ac
1060 487 1317 529 liberalitate
1358 493 1638 543 precurreret,

188 546 392 602 regnique
433 552 556 601 parte
598 547 779 602 potitum
814 551 946 588 totum
979 559 1135 600 cupere
1167 546 1424 601 prohiberet.
1486 545 1637 602 Itaque

188 619 272 646 non
304 609 390 647 tam
422 606 704 647 ueneracione
735 619 900 657 carum,
941 619 1067 660 quam
1099 605 1366 660 popularium
1401 604 1638 646 ambicione

187 664 437 719 paternique
460 664 626 718 generis
649 664 905 705 auctoritate
927 667 1185 718 suspectum,
1214 667 1451 704 consortem
1474 663 1639 718 imperii

188 721 303 764 facit.
365 722 526 763 Verum
560 721 763 763 Eduardo
809 721 1006 763 humilior
1054 722 1215 776 origine
1249 721 1414 762 animus
1445 720 1546 774 fuit,
1587 722 1640 763 si-

188 780 371 847 quidem,
405 781 547 822 obtusi
578 781 631 821 ad
663 781 837 822 modum
869 780 1023 835 cordis,
1061 780 1351 821 obscuriorem
1381 779 1533 822 indolis
1567 794 1639 821 ex-

187 839 445 893 perienciam
495 839 677 893 prebuit.
758 838 981 892 Kanutus,
1033 852 1128 879 cum
1179 837 1348 880 biennio
1401 843 1637 891 regnasset,

187 897 447 950 defungitur.
495 896 625 940 Cuius
649 897 791 939 Sueno
814 897 1133 953 propinquitate
1158 896 1273 949 fisus,
1299 899 1305 946 l
1335 897 1491 938 relictis
1522 897 1637 952 apud

186 955 385 1011 Angliam
417 955 623 1011 presidiis,
655 956 839 998 Daniam
860 954 1136 1011 nauigacione
1159 954 1386 1005 contendit
1418 955 1638 996 retinende

186 1013 325 1056 insule
357 1027 475 1069 spem
507 1028 591 1055 non
623 1015 758 1056 solum
791 1014 831 1057 in
857 1014 1070 1056 Godouini
1100 1014 1208 1067 filiis,
1243 1013 1396 1079 quibus
1428 1015 1637 1080 sanguine

188 1071 241 1113 ad
272 1071 446 1113 modum
479 1072 730 1114 coniunctus
762 1071 918 1126 fuerat,
949 1086 1174 1127 reponens,
1206 1072 1278 1114 sed
1313 1072 1446 1112 eciam
1473 1086 1524 1113 ex
1547 1073 1639 1128 ipsa

187 1130 390 1172 consortis
413 1131 478 1172 sui
499 1130 730 1173 stoliditate
749 1130 998 1186 desidiaque
1021 1145 1282 1186 presumens
1316 1130 1443 1197 Quod
1462 1130 1638 1172 audiens

184 1188 389 1243 Magnus,
421 1188 623 1240 Daniam,
666 1189 853 1247 perinde
889 1203 938 1230 ac
979 1189 1059 1230 sibi
1099 1194 1246 1231 mutue
1286 1189 1501 1254 paccionis
1543 1190 1638 1244 lege

186 1247 371 1288 debitam
402 1246 619 1313 ipsiusque
650 1247 812 1289 Kanuti
844 1243 1098 1289 testamento
1131 1248 1330 1302 legatam,
1363 1247 1482 1302 equis
1505 1261 1639 1303 popu-

186 1305 336 1347 larium
367 1305 513 1347 animis
539 1310 741 1363 occupat,
753 1303 775 1326 ’Β
808 1305 1094 1360 Suenonique,
1127 1305 1401 1371 cognacionis
1423 1306 1638 1348 racionem

187 1363 342 1415 edenti,
374 1360 595 1418 pristinam
627 1364 783 1407 federis
816 1364 1108 1406 condicionem
1140 1364 1349 1419 opponit..
1393 1362 1483 1405 Nec
1515 1364 1638 1406 dubi-

185 1422 292 1463 tauit
322 1422 623 1465 alienissimum
657 1422 770 1477 [sibi]
802 1423 998 1477 sanguini
1029 1437 1106 1464 suo
1138 1437 1319 1478 regnum
1351 1422 1480 1477 legati
1514 1423 1636 1464 titulo

115 1496 122 1508 ⁶
184 1481 416 1535 postulare.
479 1480 564 1523 Sed
600 1484 642 1522 et
674 1481 799 1534 Dani,
833 1481 970 1536 pacti,
1003 1481 1071 1522 cui
1103 1495 1147 1522 se
1179 1485 1444 1522 sacramento
1477 1481 1637 1536 obliga-

185 1543 349 1593 uerant,
371 1538 539 1581 racione
562 1539 756 1594 permoti,
786 1539 1055 1581 constancius
1078 1539 1292 1594 religionis
1316 1553 1441 1594 quam
1462 1539 1638 1581 familia-

184 1597 319 1647 ritatis
351 1596 476 1638 fidem
508 1597 779 1652 prestandam
812 1597 1041 1653 putabant3
1084 1597 1292 1653 ideoque,
1323 1598 1436 1638 facta
1469 1611 1637 1654 compe-

185 1655 361 1697 titorum
385 1652 670 1710 estimaciOne,
703 1656 887 1698 alienum
921 1655 1156 1697 domestico
1189 1655 1468 1710 pretulerunt,
1501 1657 1637 1697 curio-

184 1713 270 1754 sius
286 1712 439 1755 federis
459 1714 611 1768 pignus
629 1728 752 1770 quam
777 1713 962 1755 debitam
985 1728 1117 1768 regno
1142 1714 1384 1769 prosapiam
1406 1714 1637 1768 intuentes,

184 1770 368 1826 fideique
421 1786 496 1812 sue
549 1786 676 1827 quam
735 1772 868 1828 patrie
929 1773 1141 1827 respectui
1202 1773 1439 1828 propiores.
1500 1773 1638 1828 Igitur

184 1830 422 1885 alienigene
463 1835 607 1885 partes
647 1831 845 1886 religioso
887 1830 1037 1872 fanore
1073 1831 1303 1897 complexi,
1351 1830 1635 1885 preterita[m]

184 1887 348 1929 Kanuti
378 1887 629 1943 familia[m],
662 1903 810 1944 regum
836 1902 1009 1931 suorum
1033 1890 1283 1944 sanguinem
1307 1890 1477 1945 repulse
1500 1889 1638 1932 defor-
1674 1925 1677 1929 .

184 1946 329 1987 mitate
363 1945 624 1989 confundere
657 1962 783 2004 quam
814 1946 1084 1989 iurisiurandi
1117 1947 1334 1989 uinculum
1360 1961 1637 2004 perrumpere

184 2005 438 2056 maluerunt,
471 2004 771 2060 suffragiorum
802 2006 896 2046 iura
926 2019 1011 2047 non
1043 2005 1318 2057 adulacionis,
1349 2005 1424 2046 sed
1458 2006 1588 2047 fidei
1578 2021 1638 2048 m-

182 2062 295 2103 tuitu
326 2036 624 2118 ponderantes,
656 2078 787 2120 seque
820 2063 915 2119 plus
948 2064 1143 2118 religioni
1175 2078 1302 2120 quam
1323 2077 1457 2119 regno
1481 2064 1638 2106 debere

185 2120 382 2163 confessi
442 2119 568 2164 Adeo
617 2122 942 2177 promissionem
989 2136 1109 2164 suam
1153 2126 1418 2178 sequestram
1465 2123 1638 2177 periurii

182 2178 271 2220 fieri
316 2178 557 2222 noluerunt.
621 2180 779 2229 Quanti
825 2181 954 2234 igitur
998 2181 1164 2223 roboiis
1205 2180 1335 2222 fuisse
1381 2185 1482 2223 tunc
1527 2182 1637 2224 inter

183 2237 296 2278 ciues
328 2236 537 2291 iusticiam
570 2238 799 2292 credimus,
833 2253 929 2280 cum
961 2239 1069 2280 inter
1102 2240 1269 2281 diuerse
1301 2239 1489 2281 nacionis
1522 2240 1636 2281 uiros

181 2299 346 2336 tantum
388 2295 825 2352 uiriumpossedisse
871 2298 1125 2339 cernamus?
1185 2297 1241 2338 Et
1283 2298 1444 2340 utinam
1488 2297 1635 2340 adulte

180 2353 262 2394 iam
295 2354 487 2407 religioni
522 2368 573 2395 ea
604 2355 717 2410 apud
750 2358 918 2397 nostros
952 2356 1013 2397 uis
1048 2356 1365 2410 auctoritasque
1407 2360 1636 2404 constaret,

183 2425 307 2466 quarn
330 2411 439 2452 inter
459 2412 655 2468 antiquos
678 2419 824 2454 tenera
850 2417 977 2468 atque
1010 2415 1174 2456 eneruis
1207 2413 1429 2456 habuerat.
1475 2413 1637 2456 Contra

182 2469 340 2523 Sueno,
371 2470 604 2514 subiectam
635 2470 856 2512 stoliditati
888 2470 1176 2514 condicionem
1209 2475 1423 2527 reputans,
1454 2475 1635 2514 temera-

183 2527 290 2569 rium
321 2528 563 2569 consobrini
594 2533 767 2584 pactum
794 2528 798 2581 Ι
827 2529 1105 2585 nequicquam
1141 2529 1391 2572 rescindere
1423 2530 1634 2585 cupiebat,

183 2599 390 2641 perquam
412 2586 587 2628 stultum
610 2587 963 2653 argumentando,
996 2588 1149 2643 quibus
1180 2591 1279 2630 ante
1309 2587 1635 2644 imperitassent,

183 2643 381 2700 obsequi,
427 2644 554 2700 inque
601 2646 725 2688 unius
772 2645 997 2688 iuramenti
1037 2645 1328 2702 imprudencia
1370 2660 1636 2690 communem

1693 911 1718 936 p.
1744 902 1795 930 540

1686 1310 1812 1340 CVIIIa

1690 2548 1717 2573 p.
1738 2540 1785 2567 541
