<?xml version="1.0" encoding="UTF-8"?>
<!DOCTYPE html PUBLIC "-//W3C//DTD XHTML 1.0 Transitional//EN"
    "http://www.w3.org/TR/xhtml1/DTD/xhtml1-transitional.dtd">
<html xmlns="http://www.w3.org/1999/xhtml" xml:lang="en" lang="en">
 <head>
  <title>
</title>
<meta http-equiv="Content-Type" content="text/html;charset=utf-8" />
  <meta name='ocr-system' content='tesseract 3.04.00' />
  <meta name='ocr-capabilities' content='ocr_page ocr_carea ocr_par ocr_line ocrx_word'/>
</head>
<body>
  <div class='ocr_page' id='page_1' title='image "./saxonisgrammatic00saxouoft_0418.png"; bbox 0 0 1884 3126; ppageno 0'>
   <div class='ocr_carea' id='block_1_1' title="bbox 179 882 217 910">
    <p class='ocr_par' dir='ltr' id='par_1_1' title="bbox 179 882 217 910">
     <span class='ocr_line' id='line_1_1' title="bbox 179 882 217 910; baseline -0.026 0"><span class='ocrx_word' id='word_1_1' title='bbox 179 882 217 910; x_wconf 85' lang='lat'>10</span> 
     </span>
    </p>
   </div>
   <div class='ocr_carea' id='block_1_2' title="bbox 182 1170 217 1197">
    <p class='ocr_par' dir='ltr' id='par_1_2' title="bbox 182 1170 217 1197">
     <span class='ocr_line' id='line_1_2' title="bbox 182 1170 217 1197; baseline 0 0"><span class='ocrx_word' id='word_1_2' title='bbox 182 1170 217 1197; x_wconf 86' lang='lat'>15</span> 
     </span>
    </p>
   </div>
   <div class='ocr_carea' id='block_1_3' title="bbox 178 1459 215 1487">
    <p class='ocr_par' dir='ltr' id='par_1_3' title="bbox 178 1459 215 1487">
     <span class='ocr_line' id='line_1_3' title="bbox 178 1459 215 1487; baseline -0.027 0"><span class='ocrx_word' id='word_1_3' title='bbox 178 1459 215 1487; x_wconf 88' lang='lat'>20</span> 
     </span>
    </p>
   </div>
   <div class='ocr_carea' id='block_1_4' title="bbox 178 1751 214 1778">
    <p class='ocr_par' dir='ltr' id='par_1_4' title="bbox 178 1751 214 1778">
     <span class='ocr_line' id='line_1_4' title="bbox 178 1751 214 1778; baseline -0.028 0"><span class='ocrx_word' id='word_1_4' title='bbox 178 1751 214 1778; x_wconf 76' lang='lat'>‘25</span> 
     </span>
    </p>
   </div>
   <div class='ocr_carea' id='block_1_5' title="bbox 179 2038 216 2066">
    <p class='ocr_par' dir='ltr' id='par_1_5' title="bbox 179 2038 216 2066">
     <span class='ocr_line' id='line_1_5' title="bbox 179 2038 216 2066; baseline 0.027 -1"><span class='ocrx_word' id='word_1_5' title='bbox 179 2038 216 2066; x_wconf 81' lang='lat'>30</span> 
     </span>
    </p>
   </div>
   <div class='ocr_carea' id='block_1_6' title="bbox 180 2327 215 2354">
    <p class='ocr_par' dir='ltr' id='par_1_6' title="bbox 180 2327 215 2354">
     <span class='ocr_line' id='line_1_6' title="bbox 180 2327 215 2354; baseline -0.029 0"><span class='ocrx_word' id='word_1_6' title='bbox 180 2327 215 2354; x_wconf 84' lang='lat'>35</span> 
     </span>
    </p>
   </div>
   <div class='ocr_carea' id='block_1_7' title="bbox 252 217 1101 261">
    <p class='ocr_par' dir='ltr' id='par_1_7' title="bbox 252 217 1101 261">
     <span class='ocr_line' id='line_1_7' title="bbox 252 217 1101 261; baseline -0.013 -1"><span class='ocrx_word' id='word_1_7' title='bbox 252 217 335 260; x_wconf 85' lang='lat'>324</span> <span class='ocrx_word' id='word_1_8' title='bbox 831 217 1101 261; x_wconf 57' lang='grc' dir='ltr'>-Χ,</span> 
     </span>
    </p>
   </div>
   <div class='ocr_carea' id='block_1_8' title="bbox 250 317 1693 517">
    <p class='ocr_par' dir='ltr' id='par_1_8' title="bbox 250 317 1693 517">
     <span class='ocr_line' id='line_1_8' title="bbox 251 317 1691 411; baseline 0.001 -25"><span class='ocrx_word' id='word_1_9' title='bbox 251 344 508 386; x_wconf 88' lang='lat' dir='ltr'>aduersitate</span> <span class='ocrx_word' id='word_1_10' title='bbox 568 347 808 399; x_wconf 68' lang='lat' dir='ltr'>reponeret.</span> <span class='ocrx_word' id='word_1_11' title='bbox 880 317 1018 400; x_wconf 84' lang='lat' dir='ltr'>Igitur</span> <span class='ocrx_word' id='word_1_12' title='bbox 1077 346 1401 411; x_wconf 79' lang='lat' dir='ltr'>nauigacionem</span> <span class='ocrx_word' id='word_1_13' title='bbox 1462 359 1691 399; x_wconf 80' lang='lat' dir='ltr'>remensus,</span> 
     </span>
     <span class='ocr_line' id='line_1_9' title="bbox 250 402 1692 459; baseline 0.001 -16"><span class='ocrx_word' id='word_1_14' title='bbox 250 403 457 444; x_wconf 87' lang='lat' dir='ltr'>aduersus</span> <span class='ocrx_word' id='word_1_15' title='bbox 503 402 683 455; x_wconf 81' lang='lat' dir='ltr'>hostem,</span> <span class='ocrx_word' id='word_1_16' title='bbox 727 404 889 444; x_wconf 86' lang='lat' dir='ltr'>naualis</span> <span class='ocrx_word' id='word_1_17' title='bbox 936 418 1078 458; x_wconf 89' lang='lat' dir='ltr'>pugne</span> <span class='ocrx_word' id='word_1_18' title='bbox 1126 404 1246 458; x_wconf 88' lang='lat' dir='ltr'>copia</span> <span class='ocrx_word' id='word_1_19' title='bbox 1291 417 1375 444; x_wconf 91' lang='lat' dir='ltr'>non</span> <span class='ocrx_word' id='word_1_20' title='bbox 1423 410 1692 459; x_wconf 81' lang='lat' dir='ltr'>suppetente,</span> 
     </span>
     <span class='ocr_line' id='line_1_10' title="bbox 250 460 1693 517; baseline 0.001 -17"><span class='ocrx_word' id='word_1_21' title='bbox 250 464 490 502; x_wconf 74' lang='lat' dir='ltr'>terrestrem</span> <span class='ocrx_word' id='word_1_22' title='bbox 524 460 724 502; x_wconf 83' lang='lat' dir='ltr'>exercuit.</span> <span class='ocrx_word' id='word_1_23' title='bbox 786 460 835 501; x_wconf 89' lang='lat' dir='ltr'>In</span> <span class='ocrx_word' id='word_1_24' title='bbox 878 475 959 517; x_wconf 85' lang='lat' dir='ltr'>qua</span> <span class='ocrx_word' id='word_1_25' title='bbox 1003 460 1227 503; x_wconf 88' lang='lat' dir='ltr'>Heuindus</span> <span class='ocrx_word' id='word_1_26' title='bbox 1265 460 1526 516; x_wconf 90' lang='lat' dir='ltr'>Haquinum,</span> <span class='ocrx_word' id='word_1_27' title='bbox 1574 466 1620 503; x_wconf 92' lang='lat' dir='ltr'>ut</span> <span class='ocrx_word' id='word_1_28' title='bbox 1652 462 1693 502; x_wconf 91' lang='lat' dir='ltr'>in</span> 
     </span>
    </p>
   </div>
   <div class='ocr_carea' id='block_1_9' title="bbox 250 518 1743 575">
    <p class='ocr_par' dir='ltr' id='par_1_9' title="bbox 250 518 1743 575">
     <span class='ocr_line' id='line_1_11' title="bbox 250 518 1743 575; baseline 0.001 -17"><span class='ocrx_word' id='word_1_29' title='bbox 250 518 408 573; x_wconf 88' lang='lat' dir='ltr'>primos</span> <span class='ocrx_word' id='word_1_30' title='bbox 440 518 715 572; x_wconf 89' lang='lat' dir='ltr'>preliancium</span> <span class='ocrx_word' id='word_1_31' title='bbox 752 518 901 572; x_wconf 86' lang='lat' dir='ltr'>globos</span> <span class='ocrx_word' id='word_1_32' title='bbox 933 518 1271 574; x_wconf 74' lang='lat' dir='ltr'>progrederetur,</span> <span class='ocrx_word' id='word_1_33' title='bbox 1305 520 1509 567; x_wconf 82' lang='lat' dir='ltr'>hortatus,</span> <span class='ocrx_word' id='word_1_34' title='bbox 1541 520 1692 575; x_wconf 88' lang='lat' dir='ltr'>ipsum,</span> <span class='ocrx_word' id='word_1_35' title='bbox 1740 524 1743 526; x_wconf 84' lang='grc'><strong>’</strong></span> 
     </span>
    </p>
   </div>
   <div class='ocr_carea' id='block_1_10' title="bbox 246 575 1693 2595">
    <p class='ocr_par' dir='ltr' id='par_1_10' title="bbox 246 575 1693 2595">
     <span class='ocr_line' id='line_1_12' title="bbox 251 575 1693 631; baseline 0.001 -15"><span class='ocrx_word' id='word_1_36' title='bbox 251 575 404 616; x_wconf 86' lang='lat' dir='ltr'>clarius</span> <span class='ocrx_word' id='word_1_37' title='bbox 449 576 514 616; x_wconf 90' lang='lat' dir='ltr'>sui</span> <span class='ocrx_word' id='word_1_38' title='bbox 563 575 761 616; x_wconf 89' lang='lat' dir='ltr'>indicium</span> <span class='ocrx_word' id='word_1_39' title='bbox 807 576 1091 629; x_wconf 75' lang='lat' dir='ltr'>exhibentem,</span> <span class='ocrx_word' id='word_1_40' title='bbox 1139 577 1342 618; x_wconf 79' lang='lat' dir='ltr'>inusitate</span> <span class='ocrx_word' id='word_1_41' title='bbox 1392 577 1693 631; x_wconf 81' lang='lat' dir='ltr'>magnitudinis</span> 
     </span>
     <span class='ocr_line' id='line_1_13' title="bbox 251 634 1693 689; baseline 0.001 -15"><span class='ocrx_word' id='word_1_42' title='bbox 251 634 386 674; x_wconf 87' lang='lat' dir='ltr'>securi</span> <span class='ocrx_word' id='word_1_43' title='bbox 418 634 570 687; x_wconf 87' lang='lat' dir='ltr'>peciit,</span> <span class='ocrx_word' id='word_1_44' title='bbox 603 634 923 689; x_wconf 85' lang='lat' dir='ltr'>attigissetque,</span> <span class='ocrx_word' id='word_1_45' title='bbox 956 634 997 674; x_wconf 91' lang='lat' dir='ltr'>ni</span> <span class='ocrx_word' id='word_1_46' title='bbox 1030 634 1259 675; x_wconf 80' lang='lat' dir='ltr'>satellitum</span> <span class='ocrx_word' id='word_1_47' title='bbox 1293 634 1463 689; x_wconf 86' lang='lat' dir='ltr'>quidam</span> <span class='ocrx_word' id='word_1_48' title='bbox 1496 635 1693 675; x_wconf 90' lang='lat' dir='ltr'>adactum</span> 
     </span>
     <span class='ocr_line' id='line_1_14' title="bbox 248 691 1693 748; baseline 0.001 -17"><span class='ocrx_word' id='word_1_49' title='bbox 248 691 338 745; x_wconf 87' lang='lat' dir='ltr'>regi</span> <span class='ocrx_word' id='word_1_50' title='bbox 370 691 529 732; x_wconf 88' lang='lat' dir='ltr'>ferrum</span> <span class='ocrx_word' id='word_1_51' title='bbox 560 693 718 746; x_wconf 87' lang='lat' dir='ltr'>proprii</span> <span class='ocrx_word' id='word_1_52' title='bbox 758 693 942 746; x_wconf 85' lang='lat' dir='ltr'>corporis</span> <span class='ocrx_word' id='word_1_53' title='bbox 973 692 1162 747; x_wconf 89' lang='lat' dir='ltr'>periculo</span> <span class='ocrx_word' id='word_1_54' title='bbox 1194 691 1423 734; x_wconf 83' lang='lat' dir='ltr'>fefellisset.</span> <span class='ocrx_word' id='word_1_55' title='bbox 1485 692 1535 733; x_wconf 88' lang='lat' dir='ltr'>In</span> <span class='ocrx_word' id='word_1_56' title='bbox 1568 707 1693 748; x_wconf 82' lang='lat' dir='ltr'>quern</span> 
     </span>
     <span class='ocr_line' id='line_1_15' title="bbox 249 748 1692 805; baseline 0.001 -16"><span class='ocrx_word' id='word_1_57' title='bbox 249 748 476 789; x_wconf 85' lang='lat' dir='ltr'>Heuindus</span> <span class='ocrx_word' id='word_1_58' title='bbox 508 753 626 790; x_wconf 87' lang='lat' dir='ltr'>tanta</span> <span class='ocrx_word' id='word_1_59' title='bbox 649 750 691 790; x_wconf 94' lang='lat' dir='ltr'>ui</span> <span class='ocrx_word' id='word_1_60' title='bbox 718 749 917 791; x_wconf 80' lang='lat' dir='ltr'>destricte</span> <span class='ocrx_word' id='word_1_61' title='bbox 949 750 1141 804; x_wconf 89' lang='lat' dir='ltr'>bipennis</span> <span class='ocrx_word' id='word_1_62' title='bbox 1174 751 1307 791; x_wconf 86' lang='lat' dir='ltr'>aciem</span> <span class='ocrx_word' id='word_1_63' title='bbox 1341 751 1441 805; x_wconf 86' lang='lat' dir='ltr'>egit,</span> <span class='ocrx_word' id='word_1_64' title='bbox 1473 755 1518 791; x_wconf 88' lang='lat' dir='ltr'>ut</span> <span class='ocrx_word' id='word_1_65' title='bbox 1539 750 1692 792; x_wconf 88' lang='lat' dir='ltr'>ferrum</span> 
     </span>
     <span class='ocr_line' id='line_1_16' title="bbox 248 806 1692 862; baseline 0.001 -16"><span class='ocrx_word' id='word_1_66' title='bbox 248 806 387 847; x_wconf 88' lang='lat' dir='ltr'>medio</span> <span class='ocrx_word' id='word_1_67' title='bbox 442 807 607 861; x_wconf 84' lang='lat' dir='ltr'>corpori</span> <span class='ocrx_word' id='word_1_68' title='bbox 655 807 845 862; x_wconf 89' lang='lat' dir='ltr'>elapsum</span> <span class='ocrx_word' id='word_1_69' title='bbox 896 808 1058 848; x_wconf 91' lang='lat' dir='ltr'>nullum</span> <span class='ocrx_word' id='word_1_70' title='bbox 1110 808 1217 849; x_wconf 89' lang='lat' dir='ltr'>inter</span> <span class='ocrx_word' id='word_1_71' title='bbox 1263 813 1380 849; x_wconf 85' lang='lat' dir='ltr'>artus</span> <span class='ocrx_word' id='word_1_72' title='bbox 1427 808 1692 850; x_wconf 83' lang='lat' dir='ltr'>obstaculum</span> 
     </span>
     <span class='ocr_line' id='line_1_17' title="bbox 248 865 1693 920; baseline 0.002 -16"><span class='ocrx_word' id='word_1_73' title='bbox 248 865 468 919; x_wconf 33' lang='lat' dir='ltr'>repeiiiffet</span> <span class='ocrx_word' id='word_1_74' title='bbox 531 865 657 912; x_wconf 82' lang='lat' dir='ltr'>Quod</span> <span class='ocrx_word' id='word_1_75' title='bbox 693 879 787 906; x_wconf 90' lang='lat' dir='ltr'>cum</span> <span class='ocrx_word' id='word_1_76' title='bbox 819 870 932 906; x_wconf 86' lang='lat' dir='ltr'>terre</span> <span class='ocrx_word' id='word_1_77' title='bbox 963 866 1091 907; x_wconf 89' lang='lat' dir='ltr'>alcius</span> <span class='ocrx_word' id='word_1_78' title='bbox 1124 866 1320 919; x_wconf 88' lang='lat' dir='ltr'>illapsum</span> <span class='ocrx_word' id='word_1_79' title='bbox 1357 866 1536 920; x_wconf 87' lang='lat' dir='ltr'>genibus</span> <span class='ocrx_word' id='word_1_80' title='bbox 1569 868 1693 907; x_wconf 80' lang='lat' dir='ltr'>nixus</span> 
     </span>
     <span class='ocr_line' id='line_1_18' title="bbox 249 922 1692 980; baseline 0.002 -18"><span class='ocrx_word' id='word_1_81' title='bbox 249 922 496 963; x_wconf 83' lang='lat' dir='ltr'>abstiahere</span> <span class='ocrx_word' id='word_1_82' title='bbox 529 936 654 964; x_wconf 83' lang='lat' dir='ltr'>conai</span> <span class='ocrx_word' id='word_1_83' title='bbox 659 927 763 973; x_wconf 90' lang='lat' dir='ltr'>etur,</span> <span class='ocrx_word' id='word_1_84' title='bbox 794 923 846 964; x_wconf 90' lang='lat' dir='ltr'>ab</span> <span class='ocrx_word' id='word_1_85' title='bbox 879 923 1092 978; x_wconf 89' lang='lat' dir='ltr'>Haquino,</span> <span class='ocrx_word' id='word_1_86' title='bbox 1124 923 1333 965; x_wconf 85' lang='lat' dir='ltr'>inteifccti</span> <span class='ocrx_word' id='word_1_87' title='bbox 1364 924 1506 964; x_wconf 88' lang='lat' dir='ltr'>militis</span> <span class='ocrx_word' id='word_1_88' title='bbox 1542 937 1692 980; x_wconf 86' lang='lat' dir='ltr'>corpus</span> 
     </span>
     <span class='ocr_line' id='line_1_19' title="bbox 249 979 1692 1047; baseline 0.002 -27"><span class='ocrx_word' id='word_1_89' title='bbox 249 979 575 1031; x_wconf 87' lang='lat' dir='ltr'>conscendente,</span> <span class='ocrx_word' id='word_1_90' title='bbox 610 980 859 1035; x_wconf 85' lang='lat' dir='ltr'>perfoditur.</span> <span class='ocrx_word' id='word_1_91' title='bbox 922 981 1136 1022; x_wconf 69' lang='lat' dir='ltr'>Incertum</span> <span class='ocrx_word' id='word_1_92' title='bbox 1171 995 1287 1035; x_wconf 81' lang='lat' dir='ltr'>ergo,</span> <span class='ocrx_word' id='word_1_93' title='bbox 1319 986 1414 1022; x_wconf 87' lang='lat' dir='ltr'>uter</span> <span class='ocrx_word' id='word_1_94' title='bbox 1444 982 1565 1023; x_wconf 81' lang='lat' dir='ltr'>alteri</span> <span class='ocrx_word' id='word_1_95' title='bbox 1598 983 1692 1047; x_wconf 80' lang='lat' dir='ltr'>plus</span> 
     </span>
     <span class='ocr_line' id='line_1_20' title="bbox 248 1037 1691 1094; baseline 0.001 -16"><span class='ocrx_word' id='word_1_96' title='bbox 248 1037 417 1092; x_wconf 84' lang='lat' dir='ltr'>pietatis</span> <span class='ocrx_word' id='word_1_97' title='bbox 450 1038 714 1093; x_wconf 89' lang='lat' dir='ltr'>impenderit.</span> <span class='ocrx_word' id='word_1_98' title='bbox 778 1038 854 1080; x_wconf 88' lang='lat' dir='ltr'>Ille</span> <span class='ocrx_word' id='word_1_99' title='bbox 900 1040 1008 1080; x_wconf 87' lang='lat' dir='ltr'>enim</span> <span class='ocrx_word' id='word_1_100' title='bbox 1049 1040 1197 1080; x_wconf 88' lang='lat' dir='ltr'>salutis</span> <span class='ocrx_word' id='word_1_101' title='bbox 1229 1052 1304 1080; x_wconf 91' lang='lat' dir='ltr'>sue</span> <span class='ocrx_word' id='word_1_102' title='bbox 1335 1039 1549 1093; x_wconf 85' lang='lat' dir='ltr'>impendio</span> <span class='ocrx_word' id='word_1_103' title='bbox 1580 1040 1691 1094; x_wconf 73' lang='lat' dir='ltr'>legis</span> 
     </span>
     <span class='ocr_line' id='line_1_21' title="bbox 247 1095 1692 1163; baseline 0.001 -27"><span class='ocrx_word' id='word_1_104' title='bbox 247 1095 384 1136; x_wconf 90' lang='lat' dir='ltr'>fatum</span> <span class='ocrx_word' id='word_1_105' title='bbox 431 1096 598 1150; x_wconf 89' lang='lat' dir='ltr'>repulit,</span> <span class='ocrx_word' id='word_1_106' title='bbox 650 1096 728 1137; x_wconf 89' lang='lat' dir='ltr'>iste</span> <span class='ocrx_word' id='word_1_107' title='bbox 779 1096 1008 1138; x_wconf 88' lang='lat' dir='ltr'>seruatoris</span> <span class='ocrx_word' id='word_1_108' title='bbox 1055 1097 1119 1137; x_wconf 88' lang='lat' dir='ltr'>sui</span> <span class='ocrx_word' id='word_1_109' title='bbox 1172 1096 1333 1138; x_wconf 81' lang='lat' dir='ltr'>cladem</span> <span class='ocrx_word' id='word_1_110' title='bbox 1385 1097 1692 1163; x_wconf 78' lang='lat' dir='ltr'>speciosissima</span> 
     </span>
     <span class='ocr_line' id='line_1_22' title="bbox 248 1153 1690 1209; baseline 0.002 -16"><span class='ocrx_word' id='word_1_111' title='bbox 248 1153 417 1195; x_wconf 88' lang='lat' dir='ltr'>ulcione</span> <span class='ocrx_word' id='word_1_112' title='bbox 448 1155 656 1208; x_wconf 86' lang='lat' dir='ltr'>pensauit,</span> <span class='ocrx_word' id='word_1_113' title='bbox 688 1154 806 1196; x_wconf 89' lang='lat' dir='ltr'>cuius</span> <span class='ocrx_word' id='word_1_114' title='bbox 838 1154 1040 1195; x_wconf 88' lang='lat' dir='ltr'>beneficio</span> <span class='ocrx_word' id='word_1_115' title='bbox 1074 1154 1207 1195; x_wconf 87' lang='lat' dir='ltr'>fatum</span> <span class='ocrx_word' id='word_1_116' title='bbox 1240 1154 1461 1209; x_wconf 83' lang='lat' dir='ltr'>effugerat,</span> <span class='ocrx_word' id='word_1_117' title='bbox 1508 1155 1690 1196; x_wconf 80' lang='lat' dir='ltr'>exicium</span> 
     </span>
     <span class='ocr_line' id='line_1_23' title="bbox 248 1211 1690 1267; baseline 0.001 -15"><span class='ocrx_word' id='word_1_118' title='bbox 248 1212 376 1252; x_wconf 89' lang='lat' dir='ltr'>ultus.</span> <span class='ocrx_word' id='word_1_119' title='bbox 438 1211 493 1252; x_wconf 81' lang='lat' dir='ltr'>Et</span> <span class='ocrx_word' id='word_1_120' title='bbox 537 1212 637 1267; x_wconf 89' lang='lat' dir='ltr'>quid</span> <span class='ocrx_word' id='word_1_121' title='bbox 679 1212 803 1253; x_wconf 91' lang='lat' dir='ltr'>huius</span> <span class='ocrx_word' id='word_1_122' title='bbox 848 1212 989 1253; x_wconf 85' lang='lat' dir='ltr'>militis</span> <span class='ocrx_word' id='word_1_123' title='bbox 1031 1226 1161 1267; x_wconf 83' lang='lat' dir='ltr'>opera</span> <span class='ocrx_word' id='word_1_124' title='bbox 1202 1213 1376 1262; x_wconf 87' lang='lat' dir='ltr'>clarius,</span> <span class='ocrx_word' id='word_1_125' title='bbox 1423 1213 1507 1267; x_wconf 86' lang='lat' dir='ltr'>qui,</span> <span class='ocrx_word' id='word_1_126' title='bbox 1555 1213 1690 1254; x_wconf 84' lang='lat' dir='ltr'>aliene</span> 
     </span>
     <span class='ocr_line' id='line_1_24' title="bbox 246 1269 1690 1325; baseline 0.001 -16"><span class='ocrx_word' id='word_1_127' title='bbox 246 1269 526 1310; x_wconf 88' lang='lat' dir='ltr'>incolumitati</span> <span class='ocrx_word' id='word_1_128' title='bbox 579 1284 704 1324; x_wconf 86' lang='lat' dir='ltr'>quam</span> <span class='ocrx_word' id='word_1_129' title='bbox 754 1284 830 1311; x_wconf 89' lang='lat' dir='ltr'>sue</span> <span class='ocrx_word' id='word_1_130' title='bbox 882 1270 1068 1325; x_wconf 82' lang='lat' dir='ltr'>propior,</span> <span class='ocrx_word' id='word_1_131' title='bbox 1120 1269 1403 1311; x_wconf 85' lang='lat' dir='ltr'>uoluntarium</span> <span class='ocrx_word' id='word_1_132' title='bbox 1454 1284 1529 1325; x_wconf 89' lang='lat' dir='ltr'>pro</span> <span class='ocrx_word' id='word_1_133' title='bbox 1582 1270 1690 1312; x_wconf 88' lang='lat' dir='ltr'>duce</span> 
     </span>
     <span class='ocr_line' id='line_1_25' title="bbox 247 1327 1688 1383; baseline 0.001 -16"><span class='ocrx_word' id='word_1_134' title='bbox 247 1327 439 1381; x_wconf 86' lang='lat' dir='ltr'>spiritum</span> <span class='ocrx_word' id='word_1_135' title='bbox 472 1328 662 1382; x_wconf 85' lang='lat' dir='ltr'>erogauit</span> <span class='ocrx_word' id='word_1_136' title='bbox 704 1328 953 1382; x_wconf 87' lang='lat' dir='ltr'>priuateque</span> <span class='ocrx_word' id='word_1_137' title='bbox 993 1328 1138 1368; x_wconf 88' lang='lat' dir='ltr'>mortis</span> <span class='ocrx_word' id='word_1_138' title='bbox 1161 1327 1176 1378; x_wconf 81' lang='grc' dir='ltr'>Η</span> <span class='ocrx_word' id='word_1_139' title='bbox 1200 1328 1389 1380; x_wconf 90' lang='lat' dir='ltr'>obiectu,</span> <span class='ocrx_word' id='word_1_140' title='bbox 1435 1342 1489 1369; x_wconf 88' lang='lat' dir='ltr'>ne</span> <span class='ocrx_word' id='word_1_141' title='bbox 1519 1328 1688 1383; x_wconf 88' lang='lat' dir='ltr'>publica</span> 
     </span>
     <span class='ocr_line' id='line_1_26' title="bbox 247 1383 1686 1440; baseline 0.001 -15"><span class='ocrx_word' id='word_1_142' title='bbox 247 1385 456 1426; x_wconf 89' lang='lat' dir='ltr'>sociorum</span> <span class='ocrx_word' id='word_1_143' title='bbox 487 1385 599 1426; x_wconf 88' lang='lat' dir='ltr'>salus</span> <span class='ocrx_word' id='word_1_144' title='bbox 632 1385 961 1440; x_wconf 67' lang='lat' dir='ltr'>periclitaretur„</span> <span class='ocrx_word' id='word_1_145' title='bbox 1000 1385 1172 1426; x_wconf 77' lang='lat' dir='ltr'>effecit?</span> <span class='ocrx_word' id='word_1_146' title='bbox 1232 1385 1403 1426; x_wconf 83' lang='lat' dir='ltr'>Interea</span> <span class='ocrx_word' id='word_1_147' title='bbox 1435 1383 1686 1439; x_wconf 86' lang='lat' dir='ltr'>Thoraluus,</span> 
     </span>
     <span class='ocr_line' id='line_1_27' title="bbox 246 1442 1688 1498; baseline 0.001 -16"><span class='ocrx_word' id='word_1_148' title='bbox 246 1456 371 1497; x_wconf 89' lang='lat' dir='ltr'>quem</span> <span class='ocrx_word' id='word_1_149' title='bbox 403 1442 628 1498; x_wconf 85' lang='lat' dir='ltr'>Haquinus</span> <span class='ocrx_word' id='word_1_150' title='bbox 661 1442 713 1484; x_wconf 88' lang='lat' dir='ltr'>ad</span> <span class='ocrx_word' id='word_1_151' title='bbox 754 1442 1019 1484; x_wconf 85' lang='lat' dir='ltr'>exturbanda</span> <span class='ocrx_word' id='word_1_152' title='bbox 1061 1443 1245 1484; x_wconf 89' lang='lat' dir='ltr'>hostium</span> <span class='ocrx_word' id='word_1_153' title='bbox 1286 1447 1408 1498; x_wconf 88' lang='lat' dir='ltr'>terga</span> <span class='ocrx_word' id='word_1_154' title='bbox 1447 1443 1487 1483; x_wconf 89' lang='lat' dir='ltr'>in</span> <span class='ocrx_word' id='word_1_155' title='bbox 1529 1443 1688 1484; x_wconf 88' lang='lat' dir='ltr'>insidiis</span> 
     </span>
     <span class='ocr_line' id='line_1_28' title="bbox 249 1500 1689 1556; baseline 0.001 -16"><span class='ocrx_word' id='word_1_156' title='bbox 249 1500 557 1552; x_wconf 87' lang='lat' dir='ltr'>collocauerat,</span> <span class='ocrx_word' id='word_1_157' title='bbox 597 1501 921 1555; x_wconf 87' lang='lat' dir='ltr'>superueniens,</span> <span class='ocrx_word' id='word_1_158' title='bbox 954 1500 1067 1542; x_wconf 91' lang='lat' dir='ltr'>edito</span> <span class='ocrx_word' id='word_1_159' title='bbox 1101 1502 1142 1541; x_wconf 92' lang='lat' dir='ltr'>in</span> <span class='ocrx_word' id='word_1_160' title='bbox 1174 1502 1306 1542; x_wconf 83' lang='lat' dir='ltr'>aciem</span> <span class='ocrx_word' id='word_1_161' title='bbox 1338 1502 1521 1556; x_wconf 80' lang='lat' dir='ltr'>impetu,</span> <span class='ocrx_word' id='word_1_162' title='bbox 1567 1501 1689 1542; x_wconf 87' lang='lat' dir='ltr'>Kar]-</span> 
     </span>
     <span class='ocr_line' id='line_1_29' title="bbox 248 1556 1689 1613; baseline 0.001 -15"><span class='ocrx_word' id='word_1_163' title='bbox 248 1556 445 1611; x_wconf 87' lang='lat' dir='ltr'>ho[l]ftho</span> <span class='ocrx_word' id='word_1_164' title='bbox 469 1562 658 1611; x_wconf 87' lang='lat' dir='ltr'>mortem,</span> <span class='ocrx_word' id='word_1_165' title='bbox 683 1558 817 1600; x_wconf 84' lang='lat' dir='ltr'>Danis</span> <span class='ocrx_word' id='word_1_166' title='bbox 838 1558 983 1613; x_wconf 84' lang='lat' dir='ltr'>fugam</span> <span class='ocrx_word' id='word_1_167' title='bbox 1005 1559 1169 1600; x_wconf 82' lang='lat' dir='ltr'>inflixit.</span> <span class='ocrx_word' id='word_1_168' title='bbox 1199 1558 1427 1600; x_wconf 86' lang='lat' dir='ltr'>Enimuero</span> <span class='ocrx_word' id='word_1_169' title='bbox 1451 1566 1689 1600; x_wconf 85' lang='lat' dir='ltr'>ceterorum</span> 
     </span>
     <span class='ocr_line' id='line_1_30' title="bbox 246 1615 1689 1671; baseline 0.001 -15"><span class='ocrx_word' id='word_1_170' title='bbox 246 1615 459 1656; x_wconf 83' lang='lat' dir='ltr'>fortunam</span> <span class='ocrx_word' id='word_1_171' title='bbox 515 1617 637 1657; x_wconf 87' lang='lat' dir='ltr'>unius</span> <span class='ocrx_word' id='word_1_172' title='bbox 701 1617 919 1658; x_wconf 87' lang='lat' dir='ltr'>inclinauit</span> <span class='ocrx_word' id='word_1_173' title='bbox 970 1630 1161 1658; x_wconf 86' lang='lat' dir='ltr'>occasus.</span> <span class='ocrx_word' id='word_1_174' title='bbox 1259 1616 1483 1671; x_wconf 87' lang='lat' dir='ltr'>Haquinus</span> <span class='ocrx_word' id='word_1_175' title='bbox 1534 1621 1689 1670; x_wconf 85' lang='lat' dir='ltr'>autem,</span> 
     </span>
     <span class='ocr_line' id='line_1_31' title="bbox 247 1673 1689 1729; baseline 0.001 -16"><span class='ocrx_word' id='word_1_176' title='bbox 247 1673 444 1728; x_wconf 85' lang='lat' dir='ltr'>palantes</span> <span class='ocrx_word' id='word_1_177' title='bbox 458 1674 715 1729; x_wconf 87' lang='lat' dir='ltr'>pertinacius</span> <span class='ocrx_word' id='word_1_178' title='bbox 730 1688 881 1729; x_wconf 85' lang='lat' dir='ltr'>urgere</span> <span class='ocrx_word' id='word_1_179' title='bbox 899 1674 1071 1719; x_wconf 77' lang='lat' dir='ltr'>ueritus,</span> <span class='ocrx_word' id='word_1_180' title='bbox 1094 1674 1247 1715; x_wconf 82' lang='lat' dir='ltr'>effusas</span> <span class='ocrx_word' id='word_1_181' title='bbox 1269 1677 1480 1715; x_wconf 88' lang='lat' dir='ltr'>sociorum</span> <span class='ocrx_word' id='word_1_182' title='bbox 1503 1674 1689 1715; x_wconf 83' lang='lat' dir='ltr'>habenas</span> 
     </span>
     <span class='ocr_line' id='line_1_32' title="bbox 247 1731 1690 1787; baseline 0.001 -15"><span class='ocrx_word' id='word_1_183' title='bbox 247 1731 423 1772; x_wconf 86' lang='lat' dir='ltr'>salutari</span> <span class='ocrx_word' id='word_1_184' title='bbox 445 1732 618 1773; x_wconf 89' lang='lat' dir='ltr'>consilio</span> <span class='ocrx_word' id='word_1_185' title='bbox 647 1732 652 1785; x_wconf 88' lang='grc' dir='ltr'>Ι</span> <span class='ocrx_word' id='word_1_186' title='bbox 680 1732 912 1784; x_wconf 87' lang='lat' dir='ltr'>reuocauit,</span> <span class='ocrx_word' id='word_1_187' title='bbox 948 1746 1085 1787; x_wconf 87' lang='lat' dir='ltr'>nequa</span> <span class='ocrx_word' id='word_1_188' title='bbox 1106 1732 1330 1786; x_wconf 90' lang='lat' dir='ltr'>improuidi</span> <span class='ocrx_word' id='word_1_189' title='bbox 1362 1733 1501 1773; x_wconf 90' lang='lat' dir='ltr'>militis</span> <span class='ocrx_word' id='word_1_190' title='bbox 1532 1733 1690 1773; x_wconf 87' lang='lat' dir='ltr'>incuria</span> 
     </span>
     <span class='ocr_line' id='line_1_33' title="bbox 250 1789 1690 1845; baseline 0.001 -15"><span class='ocrx_word' id='word_1_191' title='bbox 250 1789 359 1830; x_wconf 88' lang='lat' dir='ltr'>effici</span> <span class='ocrx_word' id='word_1_192' title='bbox 400 1796 565 1844; x_wconf 86' lang='lat' dir='ltr'>posset,</span> <span class='ocrx_word' id='word_1_193' title='bbox 614 1795 660 1831; x_wconf 91' lang='lat' dir='ltr'>ut</span> <span class='ocrx_word' id='word_1_194' title='bbox 691 1791 731 1831; x_wconf 94' lang='lat' dir='ltr'>in</span> <span class='ocrx_word' id='word_1_195' title='bbox 770 1791 987 1831; x_wconf 88' lang='lat' dir='ltr'>uictricem</span> <span class='ocrx_word' id='word_1_196' title='bbox 1035 1791 1142 1830; x_wconf 89' lang='lat' dir='ltr'>uicte</span> <span class='ocrx_word' id='word_1_197' title='bbox 1174 1791 1304 1845; x_wconf 82' lang='lat' dir='ltr'>partis</span> <span class='ocrx_word' id='word_1_198' title='bbox 1335 1789 1504 1831; x_wconf 86' lang='lat' dir='ltr'>fortuna</span> <span class='ocrx_word' id='word_1_199' title='bbox 1534 1790 1690 1832; x_wconf 87' lang='lat' dir='ltr'>recide-</span> 
     </span>
     <span class='ocr_line' id='line_1_34' title="bbox 248 1847 1688 1902; baseline 0.001 -14"><span class='ocrx_word' id='word_1_200' title='bbox 248 1851 325 1888; x_wconf 86' lang='lat' dir='ltr'>ret.</span> <span class='ocrx_word' id='word_1_201' title='bbox 387 1847 523 1902; x_wconf 83' lang='lat' dir='ltr'>lgitur</span> <span class='ocrx_word' id='word_1_202' title='bbox 556 1848 717 1902; x_wconf 75' lang='lat' dir='ltr'>equalis</span> <span class='ocrx_word' id='word_1_203' title='bbox 749 1848 967 1889; x_wconf 82' lang='lat' dir='ltr'>ambarum</span> <span class='ocrx_word' id='word_1_204' title='bbox 1000 1848 1188 1902; x_wconf 86' lang='lat' dir='ltr'>parcium</span> <span class='ocrx_word' id='word_1_205' title='bbox 1213 1853 1376 1901; x_wconf 87' lang='lat' dir='ltr'>strages</span> <span class='ocrx_word' id='word_1_206' title='bbox 1401 1862 1542 1902; x_wconf 85' lang='lat' dir='ltr'>parem</span> <span class='ocrx_word' id='word_1_207' title='bbox 1575 1854 1688 1889; x_wconf 91' lang='lat' dir='ltr'>utro-</span> 
     </span>
     <span class='ocr_line' id='line_1_35' title="bbox 249 1905 1690 1960; baseline 0.001 -15"><span class='ocrx_word' id='word_1_208' title='bbox 249 1905 377 1960; x_wconf 91' lang='lat' dir='ltr'>bique</span> <span class='ocrx_word' id='word_1_209' title='bbox 414 1905 510 1947; x_wconf 92' lang='lat' dir='ltr'>belli</span> <span class='ocrx_word' id='word_1_210' title='bbox 541 1920 779 1947; x_wconf 88' lang='lat' dir='ltr'>successum</span> <span class='ocrx_word' id='word_1_211' title='bbox 813 1906 1023 1947; x_wconf 83' lang='lat' dir='ltr'>effecerat.</span> <span class='ocrx_word' id='word_1_212' title='bbox 1089 1905 1197 1946; x_wconf 89' lang='lat' dir='ltr'>Nam</span> <span class='ocrx_word' id='word_1_213' title='bbox 1241 1907 1318 1947; x_wconf 89' lang='lat' dir='ltr'>etsi</span> <span class='ocrx_word' id='word_1_214' title='bbox 1350 1906 1482 1946; x_wconf 80' lang='lat' dir='ltr'>altera</span> <span class='ocrx_word' id='word_1_215' title='bbox 1515 1907 1690 1947; x_wconf 90' lang='lat' dir='ltr'>uictorie</span> 
     </span>
     <span class='ocr_line' id='line_1_36' title="bbox 248 1963 1690 2018; baseline 0 -14"><span class='ocrx_word' id='word_1_216' title='bbox 248 1964 423 2018; x_wconf 85' lang='lat' dir='ltr'>propior</span> <span class='ocrx_word' id='word_1_217' title='bbox 463 1963 709 2015; x_wconf 83' lang='lat' dir='ltr'>uidebatur,</span> <span class='ocrx_word' id='word_1_218' title='bbox 761 1963 949 2004; x_wconf 86' lang='lat' dir='ltr'>cladibus</span> <span class='ocrx_word' id='word_1_219' title='bbox 990 1963 1143 2004; x_wconf 86' lang='lat' dir='ltr'>uictam</span> <span class='ocrx_word' id='word_1_220' title='bbox 1188 1964 1386 2018; x_wconf 89' lang='lat' dir='ltr'>equabat.</span> <span class='ocrx_word' id='word_1_221' title='bbox 1449 1964 1690 2018; x_wconf 83' lang='lat' dir='ltr'>Repetente</span> 
     </span>
     <span class='ocr_line' id='line_1_37' title="bbox 249 2021 1688 2076; baseline 0.001 -14"><span class='ocrx_word' id='word_1_222' title='bbox 249 2034 351 2062; x_wconf 87' lang='lat' dir='ltr'>uero</span> <span class='ocrx_word' id='word_1_223' title='bbox 400 2023 577 2062; x_wconf 89' lang='lat' dir='ltr'>classem</span> <span class='ocrx_word' id='word_1_224' title='bbox 621 2021 836 2076; x_wconf 85' lang='lat' dir='ltr'>Haquino,</span> <span class='ocrx_word' id='word_1_225' title='bbox 884 2021 1128 2063; x_wconf 88' lang='lat' dir='ltr'>incredibile</span> <span class='ocrx_word' id='word_1_226' title='bbox 1176 2027 1413 2062; x_wconf 86' lang='lat' dir='ltr'>memoratu</span> <span class='ocrx_word' id='word_1_227' title='bbox 1457 2027 1688 2063; x_wconf 80' lang='lat' dir='ltr'>monstrum</span> 
     </span>
     <span class='ocr_line' id='line_1_38' title="bbox 248 2078 1688 2134; baseline 0.001 -16"><span class='ocrx_word' id='word_1_228' title='bbox 248 2078 407 2121; x_wconf 88' lang='lat' dir='ltr'>incidit.</span> <span class='ocrx_word' id='word_1_229' title='bbox 469 2078 663 2120; x_wconf 86' lang='lat' dir='ltr'>Iaculuni</span> <span class='ocrx_word' id='word_1_230' title='bbox 686 2093 866 2133; x_wconf 88' lang='lat' dir='ltr'>namque</span> <span class='ocrx_word' id='word_1_231' title='bbox 885 2093 995 2134; x_wconf 85' lang='lat' dir='ltr'>uago</span> <span class='ocrx_word' id='word_1_232' title='bbox 1019 2079 1273 2133; x_wconf 84' lang='lat' dir='ltr'>ancipitique</span> <span class='ocrx_word' id='word_1_233' title='bbox 1292 2078 1483 2120; x_wconf 85' lang='lat' dir='ltr'>discursu</span> <span class='ocrx_word' id='word_1_234' title='bbox 1505 2093 1688 2134; x_wconf 87' lang='lat' dir='ltr'>superne</span> 
     </span>
     <span class='ocr_line' id='line_1_39' title="bbox 248 2136 1687 2192; baseline 0.001 -17"><span class='ocrx_word' id='word_1_235' title='bbox 248 2136 357 2178; x_wconf 88' lang='lat' dir='ltr'>inter</span> <span class='ocrx_word' id='word_1_236' title='bbox 397 2150 520 2178; x_wconf 82' lang='lat' dir='ltr'>auras</span> <span class='ocrx_word' id='word_1_237' title='bbox 562 2137 758 2178; x_wconf 86' lang='lat' dir='ltr'>oberrare</span> <span class='ocrx_word' id='word_1_238' title='bbox 819 2141 1095 2192; x_wconf 88' lang='lat' dir='ltr'>conspectum</span> <span class='ocrx_word' id='word_1_239' title='bbox 1140 2150 1225 2177; x_wconf 92' lang='lat' dir='ltr'>non</span> <span class='ocrx_word' id='word_1_240' title='bbox 1272 2137 1432 2177; x_wconf 87' lang='lat' dir='ltr'>minore</span> <span class='ocrx_word' id='word_1_241' title='bbox 1472 2137 1687 2179; x_wconf 87' lang='lat' dir='ltr'>intuentes</span> 
     </span>
     <span class='ocr_line' id='line_1_40' title="bbox 248 2194 1687 2250; baseline 0.001 -17"><span class='ocrx_word' id='word_1_242' title='bbox 248 2198 363 2236; x_wconf 86' lang='lat' dir='ltr'>metu</span> <span class='ocrx_word' id='word_1_243' title='bbox 406 2208 532 2249; x_wconf 86' lang='lat' dir='ltr'>quam</span> <span class='ocrx_word' id='word_1_244' title='bbox 575 2194 873 2235; x_wconf 86' lang='lat' dir='ltr'>ammiracione</span> <span class='ocrx_word' id='word_1_245' title='bbox 916 2195 1157 2250; x_wconf 88' lang='lat' dir='ltr'>compleuit.</span> <span class='ocrx_word' id='word_1_246' title='bbox 1219 2194 1434 2249; x_wconf 85' lang='lat' dir='ltr'>Siquidem</span> <span class='ocrx_word' id='word_1_247' title='bbox 1476 2195 1519 2235; x_wconf 94' lang='lat' dir='ltr'>in</span> <span class='ocrx_word' id='word_1_248' title='bbox 1551 2195 1687 2235; x_wconf 84' lang='lat' dir='ltr'>diuer-</span> 
     </span>
     <span class='ocr_line' id='line_1_41' title="bbox 249 2251 1687 2306; baseline 0 -14"><span class='ocrx_word' id='word_1_249' title='bbox 249 2266 315 2292; x_wconf 89' lang='lat' dir='ltr'>sas</span> <span class='ocrx_word' id='word_1_250' title='bbox 349 2260 488 2306; x_wconf 87' lang='lat' dir='ltr'>partes</span> <span class='ocrx_word' id='word_1_251' title='bbox 522 2251 659 2293; x_wconf 88' lang='lat' dir='ltr'>dubiis</span> <span class='ocrx_word' id='word_1_252' title='bbox 681 2252 908 2293; x_wconf 85' lang='lat' dir='ltr'>reflexibus</span> <span class='ocrx_word' id='word_1_253' title='bbox 931 2252 1139 2306; x_wconf 87' lang='lat' dir='ltr'>agitatum</span> <span class='ocrx_word' id='word_1_254' title='bbox 1162 2252 1318 2304; x_wconf 82' lang='lat' dir='ltr'>figendi</span> <span class='ocrx_word' id='word_1_255' title='bbox 1341 2252 1527 2293; x_wconf 90' lang='lat' dir='ltr'>uulneris</span> <span class='ocrx_word' id='word_1_256' title='bbox 1551 2252 1687 2294; x_wconf 91' lang='lat' dir='ltr'>locum</span> 
     </span>
     <span class='ocr_line' id='line_1_42' title="bbox 250 2309 1688 2364; baseline 0 -14"><span class='ocrx_word' id='word_1_257' title='bbox 250 2310 516 2364; x_wconf 82' lang='lat' dir='ltr'>exploracius</span> <span class='ocrx_word' id='word_1_258' title='bbox 548 2309 790 2364; x_wconf 87' lang='lat' dir='ltr'>prospicere</span> <span class='ocrx_word' id='word_1_259' title='bbox 812 2309 1046 2351; x_wconf 84' lang='lat' dir='ltr'>uidebatur.</span> <span class='ocrx_word' id='word_1_260' title='bbox 1091 2309 1215 2357; x_wconf 83' lang='lat' dir='ltr'>Quod</span> <span class='ocrx_word' id='word_1_261' title='bbox 1248 2310 1495 2350; x_wconf 87' lang='lat' dir='ltr'>miraculum</span> <span class='ocrx_word' id='word_1_262' title='bbox 1530 2310 1688 2350; x_wconf 90' lang='lat' dir='ltr'>cunctis</span> 
     </span>
     <span class='ocr_line' id='line_1_43' title="bbox 248 2367 1688 2422; baseline 0 -15"><span class='ocrx_word' id='word_1_263' title='bbox 248 2367 416 2408; x_wconf 87' lang='lat' dir='ltr'>immani</span> <span class='ocrx_word' id='word_1_264' title='bbox 448 2374 624 2422; x_wconf 84' lang='lat' dir='ltr'>stupore</span> <span class='ocrx_word' id='word_1_265' title='bbox 663 2368 1043 2422; x_wconf 83' lang='lat' dir='ltr'>prosequentibus,</span> <span class='ocrx_word' id='word_1_266' title='bbox 1082 2367 1350 2422; x_wconf 85' lang='lat' dir='ltr'>incertisque,</span> <span class='ocrx_word' id='word_1_267' title='bbox 1392 2368 1591 2422; x_wconf 81' lang='lat' dir='ltr'>quidnam</span> <span class='ocrx_word' id='word_1_268' title='bbox 1622 2381 1688 2408; x_wconf 89' lang='lat' dir='ltr'>res</span> 
     </span>
     <span class='ocr_line' id='line_1_44' title="bbox 251 2425 1688 2480; baseline -0.001 -14"><span class='ocrx_word' id='word_1_269' title='bbox 251 2432 334 2466; x_wconf 87' lang='lat' dir='ltr'>tarn</span> <span class='ocrx_word' id='word_1_270' title='bbox 366 2426 569 2467; x_wconf 88' lang='lat' dir='ltr'>inusitata</span> <span class='ocrx_word' id='word_1_271' title='bbox 598 2425 899 2480; x_wconf 88' lang='lat' dir='ltr'>portenderet,</span> <span class='ocrx_word' id='word_1_272' title='bbox 942 2425 1080 2466; x_wconf 89' lang='lat' dir='ltr'>subito</span> <span class='ocrx_word' id='word_1_273' title='bbox 1112 2438 1234 2466; x_wconf 90' lang='lat' dir='ltr'>casus</span> <span class='ocrx_word' id='word_1_274' title='bbox 1264 2426 1305 2465; x_wconf 90' lang='lat' dir='ltr'>in</span> <span class='ocrx_word' id='word_1_275' title='bbox 1339 2425 1467 2466; x_wconf 88' lang='lat' dir='ltr'>solius</span> <span class='ocrx_word' id='word_1_276' title='bbox 1501 2425 1688 2479; x_wconf 88' lang='lat' dir='ltr'>Haquini</span> 
     </span>
     <span class='ocr_line' id='line_1_45' title="bbox 250 2482 1688 2538; baseline 0 -16"><span class='ocrx_word' id='word_1_277' title='bbox 250 2487 377 2537; x_wconf 87' lang='lat' dir='ltr'>caput</span> <span class='ocrx_word' id='word_1_278' title='bbox 404 2488 646 2538; x_wconf 88' lang='lat' dir='ltr'>suspectum</span> <span class='ocrx_word' id='word_1_279' title='bbox 678 2482 869 2523; x_wconf 90' lang='lat' dir='ltr'>omnibus</span> <span class='ocrx_word' id='word_1_280' title='bbox 892 2483 1124 2537; x_wconf 87' lang='lat' dir='ltr'>periculum</span> <span class='ocrx_word' id='word_1_281' title='bbox 1145 2482 1369 2523; x_wconf 81' lang='lat' dir='ltr'>transtulit.</span> <span class='ocrx_word' id='word_1_282' title='bbox 1415 2482 1688 2524; x_wconf 86' lang='lat' dir='ltr'>Arbitrantur</span> 
     </span>
     <span class='ocr_line' id='line_1_46' title="bbox 250 2539 1687 2595; baseline -0.001 -14"><span class='ocrx_word' id='word_1_283' title='bbox 250 2541 430 2595; x_wconf 87' lang='lat' dir='ltr'>quidam,</span> <span class='ocrx_word' id='word_1_284' title='bbox 474 2545 651 2582; x_wconf 86' lang='lat' dir='ltr'>matrem</span> <span class='ocrx_word' id='word_1_285' title='bbox 683 2540 863 2581; x_wconf 85' lang='lat' dir='ltr'>Haraldi</span> <span class='ocrx_word' id='word_1_286' title='bbox 909 2539 1167 2581; x_wconf 86' lang='lat' dir='ltr'>Gunnildam</span> <span class='ocrx_word' id='word_1_287' title='bbox 1208 2545 1433 2595; x_wconf 85' lang='lat' dir='ltr'>procurato</span> <span class='ocrx_word' id='word_1_288' title='bbox 1472 2540 1687 2581; x_wconf 87' lang='lat' dir='ltr'>maleficiis</span> 
     </span>
    </p>
   </div>
   <div class='ocr_carea' id='block_1_11' title="bbox 181 2596 1688 2654">
    <p class='ocr_par' dir='ltr' id='par_1_11' title="bbox 181 2596 1688 2654">
     <span class='ocr_line' id='line_1_47' title="bbox 181 2596 1688 2654; baseline -0.001 -15"><span class='ocrx_word' id='word_1_289' title='bbox 181 2596 218 2624; x_wconf 75' lang='lat'>40</span> <span class='ocrx_word' id='word_1_290' title='bbox 247 2598 407 2653; x_wconf 91' lang='lat' dir='ltr'>spiculo</span> <span class='ocrx_word' id='word_1_291' title='bbox 468 2599 570 2640; x_wconf 89' lang='lat' dir='ltr'>uicti</span> <span class='ocrx_word' id='word_1_292' title='bbox 632 2598 707 2640; x_wconf 90' lang='lat' dir='ltr'>filii</span> <span class='ocrx_word' id='word_1_293' title='bbox 756 2611 886 2654; x_wconf 88' lang='lat' dir='ltr'>penas</span> <span class='ocrx_word' id='word_1_294' title='bbox 933 2612 958 2639; x_wconf 86' lang='lat' dir='ltr'>a</span> <span class='ocrx_word' id='word_1_295' title='bbox 1001 2599 1164 2640; x_wconf 88' lang='lat' dir='ltr'>uictore</span> <span class='ocrx_word' id='word_1_296' title='bbox 1210 2598 1448 2653; x_wconf 87' lang='lat' dir='ltr'>sumpsisse.</span> <span class='ocrx_word' id='word_1_297' title='bbox 1537 2597 1688 2639; x_wconf 84' lang='lat' dir='ltr'>Haral-</span> 
     </span>
    </p>
   </div>
   <div class='ocr_carea' id='block_1_12' title="bbox 1742 1338 1836 1373">
    <p class='ocr_par' dir='ltr' id='par_1_12' title="bbox 1742 1338 1836 1373">
     <span class='ocr_line' id='line_1_48' title="bbox 1742 1338 1836 1373; baseline 0.011 -7"><span class='ocrx_word' id='word_1_298' title='bbox 1742 1338 1836 1373; x_wconf 63' lang='lat'>(182)</span> 
     </span>
    </p>
   </div>
   <div class='ocr_carea' id='block_1_13' title="bbox 1744 1741 1842 1775">
    <p class='ocr_par' dir='ltr' id='par_1_13' title="bbox 1744 1741 1842 1775">
     <span class='ocr_line' id='line_1_49' title="bbox 1744 1741 1842 1775; baseline 0 -8"><span class='ocrx_word' id='word_1_299' title='bbox 1744 1751 1772 1775; x_wconf 72' lang='lat' dir='ltr'>p,</span> <span class='ocrx_word' id='word_1_300' title='bbox 1791 1741 1842 1768; x_wconf 70' lang='lat'>470</span> 
     </span>
    </p>
   </div>
  </div>
 </body>
</html>
