1884 3126
141 917 175 945 10

138 1266 172 1294 15

136 1615 174 1643 ‘20

137 1907 173 1934 ‘25

136 2315 174 2342 30

796 251 1062 294 —V—
1573 260 1652 300 163

345 380 458 429 Quid
489 379 683 435 stupetis,
716 380 787 435 qui
818 381 1011 424 relictum
1042 396 1109 424 me
1142 383 1281 426 colore
1312 385 1509 427 cernitis?

343 438 582 481 Obsolescit
613 452 769 493 nempe
803 439 927 481 uiuus
959 442 1091 483 omnis
1123 441 1231 483 inter
1261 447 1467 485 mortuos.

343 497 459 539 Mala
490 497 577 549 soli,
610 498 752 552 grauis
786 498 858 539 uni
891 504 1032 541 manet
1066 499 1197 541 omnis
1230 499 1378 543 domus
1411 502 1537 545 orbis.

343 556 499 607 Miseri,
534 569 639 611 quos
671 555 886 598 hominum
919 557 1114 599 subsidiis
1147 557 1336 600 destituit
1368 559 1467 602 fors.

344 614 446 656 Mihi
473 628 627 670 specus
650 619 692 656 et
713 615 825 657 iners
857 629 955 669 ῃοΧ,
988 616 1250 672 tenebreque
1274 622 1315 659 et
1337 622 1461 659 uetus
1485 622 1653 660 antrum

345 672 491 714 Oculis
524 672 698 715 delicias
731 673 978 729 eripuerunt
1009 674 1259 730 animoque3

344 731 512 773 Humus
546 731 733 780 horrens,
765 732 954 774 tumulus
985 733 1132 788 putris,
1167 737 1208 775 et
1233 733 1594 776 ininiundiciarurn

342 789 496 831 Grauis
531 793 646 831 estus
677 791 924 832 minuerunt
954 790 1151 833 iuuenilis
1185 791 1314 833 decus
1348 792 1442 844 oris,

343 848 641 904 Habitumque
674 853 714 890 et
745 849 875 890 ualidi
906 849 1069 891 roboris
1100 864 1223 891 usum
1256 850 1480 892 uiciarunt.

346 906 485 962 Super
517 907 595 948 hec
629 907 768 948 omnia
802 912 945 949 contra
978 908 1215 950 exanimem
1248 909 1439 950 conserui
1473 909 1571 960 uim,

347 964 490 1006 Graue
519 965 636 1008 lucte
668 965 841 1007 subiens
873 966 1040 1022 pondus
1073 970 1114 1008 et
1145 967 1327 1008 immane
1359 966 1639 1022 peric[u]lum.

342 1023 517 1065 Laceris
549 1023 765 1078 unguibus
797 1025 840 1065 in
872 1038 939 1066 me
971 1024 1188 1067 rediuiuus
1220 1025 1303 1066 ruit
1333 1025 1470 1078 Asuit,

345 1081 492 1137 Stygia.
525 1082 567 1122 ui
599 1096 801 1137 reparans
833 1086 928 1138 post
961 1083 1122 1125 eineres
1156 1082 1327 1125 horrida
1357 1083 1479 1125 bella.

345 1197 454 1246 Quid
488 1198 681 1255 stupetis,
714 1199 786 1254 qui
817 1199 1014 1241 relictum
1045 1214 1112 1242 me
1144 1200 1283 1241 colore
1315 1199 1511 1241 cernitis?

343 1256 583 1299 obsolescit
614 1271 768 1313 nempe
802 1257 926 1299 uiuus
960 1258 1094 1300 omnis
1126 1259 1234 1300 intel·
1265 1261 1469 1300 mortuos.

481 1372 637 1415 Nescio
671 1387 754 1429 quo
779 1373 917 1430 Stygii
949 1374 1130 1416 numinis
1162 1389 1265 1416 ausu
1710 1397 1736 1422 p.
1755 1390 1805 1415 ⁴246

481 1431 639 1474 Missus
670 1432 724 1473 ab
755 1432 897 1474 inferis
929 1434 1098 1489 spiritus
1129 1433 1256 1475 Asuit

483 1490 603 1532 Seuis
635 1490 844 1546 alipedem
877 1490 1073 1533 dentibus
1106 1491 1205 1544 edit,

484 1547 755 1604 Infandoque
790 1562 935 1591 canem
967 1550 1137 1605 prebuit
1168 1550 1241 1591 ori.
1727 1562 1796 1595 (92)

480 1605 572 1647 Nec
606 1611 830 1649 contentus
863 1608 958 1663 equi
990 1609 1055 1649 uel
1091 1608 1204 1649 canis
1238 1621 1325 1659 esu,

484 1665 583 1707 Mox
615 1666 656 1706 in
687 1679 754 1707 me
786 1666 955 1721 rapidos
987 1666 1201 1707 transtulit
1232 1679 1411 1720 ungues,

482 1723 756 1779 Discissaque
788 1738 899 1779 gena
930 1724 1101 1766 sustulit
1134 1738 1292 1766 aurem.

482 1781 594 1823 Hinc
626 1782 753 1823 laceri
785 1782 929 1824 uultus
962 1782 1105 1824 horret
1137 1784 1291 1837 imago.

481 1839 648 1882 Emicat
679 1841 806 1896 inque
838 1840 927 1883 fero
961 1841 1136 1883 uulnere
1169 1839 1352 1894 sanguis.

483 1897 612 1939 Haud
644 1899 816 1954 impune
847 1903 987 1940 tamen
1020 1899 1260 1940 monstrifer
1294 1897 1403 1950 egit3

480 1955 590 1997 Nam
623 1957 733 1998 ferro
766 1958 882 1999 secui
915 1972 1017 1999 mox
1050 1962 1178 2013 caput
1210 1957 1312 2010 eius,

482 2015 743 2071 Perfodique
776 2029 929 2058 nocens
963 2016 1104 2071 stipite
1138 2029 1303 2071 corpus

345 2130 454 2179 Quid
487 2132 681 2187 stupetis,
715 2133 783 2187 qui
816 2133 1009 2174 relictum
1042 2146 1108 2173 me
1140 2132 1282 2173 colore
1317 2130 1518 2171 cernitis?

344 2188 586 2231 Obsolescit
618 2204 771 2246 nempe
802 2191 927 2232 uiuus
959 2191 1092 2232 omnis
1124 2190 1233 2231 inter·
1265 2192 1464 2245 mortuos.

342 2305 519 2360 Iamque
550 2305 713 2347 Frotho
752 2306 793 2348 in
827 2306 1011 2360 Halogie
1052 2307 1156 2347 fines
1202 2308 1420 2346 emouerat
1463 2303 1653 2353 classem,

205 2362 276 2403 ubi
300 2362 351 2403 ad
376 2363 718 2418 cognoscendam
750 2364 1032 2406 multitudinis
1054 2378 1128 2405 sue
1151 2363 1347 2419 speciem,
1379 2375 1459 2416 que
1492 2360 1653 2402 numeri

206 2435 449 2462 mensuram
492 2423 857 2478 capacitatemque
902 2422 1203 2464 transcendere
1234 2420 1471 2470 uidebatur⁷
1504 2417 1653 2459 collem

205 2492 229 2519 a
251 2479 455 2521 militibus
488 2481 658 2535 congeri
688 2481 820 2533 iubet,
852 2481 1010 2522 uiritim
1041 2480 1181 2535 lapide
1213 2479 1251 2519 in
1287 2490 1481 2519 aceruum
1516 2476 1654 2517 misso.

205 2536 403 2579 Eundem
436 2551 604 2593 quoque
636 2538 765 2580 hostis
797 2538 1049 2580 numerandi
1080 2537 1259 2592 agminis
1291 2535 1460 2577 modum
1482 2537 1651 2574 secutus

137 2604 174 2632 35
206 2599 282 2637 est.
326 2595 555 2652 Conspicui
588 2596 726 2638 adhuc
758 2597 888 2639 colles
919 2596 1046 2638 fidem
1078 2595 1315 2637 uisentibus
1336 2592 1527 2648 prebent.
1571 2590 1653 2631 Hic

206 2652 383 2709 Frotho,
417 2658 609 2695 conserta
644 2668 739 2696 cum
761 2654 1124 2710 Noruagiensibus
1156 2666 1311 2709 pugna„
1344 2663 1518 2705 grauem
1542 2648 1652 2690 cedi-

1449 2717 1514 2754 11*
