1884 3126
276 869 311 896 10

274 1157 309 1183 15

270 2021 306 2047 30

269 2310 305 2336 35

270 2598 306 2624 40

353 216 436 256 490
886 234 930 240 -.
997 205 1133 247 XHII
1196 230 1245 236 «-

348 340 489 395 procul
522 337 623 378 urbe
655 338 792 388 situm,
827 349 918 376 eum
952 335 1096 389 paucis
1128 334 1293 390 petiuit,
1324 332 1498 388 perinde
1530 346 1578 373 ac
1610 332 1788 388 paruule

350 397 453 447 filie,
498 409 579 450 que
610 394 690 434 illic
743 393 1024 444 educabatur,
1073 392 1283 433 cernende
1328 391 1503 432 caritate
1545 390 1787 445 perductus.

347 454 519 502 Ferunt,
552 456 649 492 tunc
682 465 856 493 uxorem
887 449 1123 491 Thorbcrui
1155 449 1322 491 dixisse,
1356 449 1495 489 mirari
1529 462 1585 501 se,
1619 463 1714 489 eum
1746 448 1789 489 in

349 511 454 550 hanc
487 509 744 549 condicionis
776 509 979 549 uilitatem
1012 506 1279 556 ad*ductum,
1304 510 1363 558 ut,
1391 505 1504 560 quod
1527 510 1661 546 totum
1694 520 1788 560 ges-

354 572 474 616 serat,
505 567 593 607 eius
624 566 753 606 tercia
783 569 903 620 parte
937 569 1161 606 contentus
1193 564 1340 605 haberi
1381 564 1603 605 sustineat.
1665 563 1786 611 Quod

349 625 519 674 dictum,
551 623 605 664 ab
637 623 932 676 indignacione
963 623 1218 677 profectum,
1248 621 1438 663 Suenoni
1470 622 1621 675 ingens
1652 622 1789 662 irrita-

346 686 531 722 mentum
573 680 768 721 facinoris
816 680 905 721 fuit.
982 679 1175 734 Vespera
1221 683 1450 734 appetente
1498 680 1717 720 mittuntur
1764 694 1788 720 a

345 738 532 783 Kanuto,
563 739 632 793 qui
665 743 860 779 cenatum
895 751 991 778 eum
1023 742 1298 779 accerserent.
1364 736 1481 784 Quos
1513 737 1787 778 Thorbernus

343 809 543 850 perquam
576 796 758 838 iocunde
793 796 1030 850 excipiens,
1073 809 1166 836 cum
1208 808 1336 849 super
1367 795 1477 848 regis
1512 808 1625 836 mora
1664 808 1787 849 roga-

342 857 479 905 retur,
523 854 783 895 debilitatem
825 853 994 907 capitis,
1037 867 1090 894 ex
1129 853 1374 894 balnearum
1405 853 1521 894 fumo
1555 857 1596 893 et
1626 866 1786 907 uapore

344 915 623 962 contractam,
663 911 871 952 tarditatis
904 912 995 952 eius
1028 925 1197 951 causam
1228 910 1421 952 astruxit.
1483 910 1624 952 Sueno
1670 925 1785 961 uero,

343 983 438 1010 cum
470 969 784 1023 expectacionis
825 983 901 1010 sue
935 969 1257 1010 excusacionem
1289 968 1469 1020 afferre{
1501 969 1654 1020 uellet,
1686 982 1779 1009 cum

343 1026 428 1067 filia
460 1026 511 1066 ad
546 1026 716 1067 modum
748 1027 926 1081 paruula
966 1026 1225 1068 infantilibus
1268 1025 1568 1067 blandimentis
1600 1027 1785 1067 iocatum

343 1099 388 1125 se
422 1084 538 1125 dixit.
599 1084 769 1126 Discors
800 1099 927 1126 cause
959 1084 1143 1126 reddicio
1188 1083 1550 1138 percontatoribus
1590 1083 1785 1125 notabilis

342 1142 432 1182 fuit.
505 1142 691 1189 Quorum
737 1141 908 1183 hortatu
951 1143 1098 1183 urbem
1141 1146 1359 1196 repetens,
1403 1141 1514 1182 inter
1557 1145 1785 1195 consortes,

343 1201 461 1254 quasi
494 1214 567 1254 per
599 1205 755 1240 etatem
790 1200 1049 1251 honoracior,
1082 1200 1219 1241 medio
1253 1198 1427 1241 sedendi
1456 1200 1551 1241 loco
1590 1205 1786 1254 receptus

344 1262 420 1299 est.
485 1257 639 1298 Mensis
671 1262 768 1312 post
801 1258 946 1311 epulas
973 1259 1138 1309 amotis,
1171 1272 1278 1308 cum,
1300 1257 1602 1299 minucioribus
1625 1257 1784 1312 poculis

343 1315 498 1367 passim
532 1319 573 1356 et
604 1316 722 1356 uarie
745 1315 1088 1366 discurrentibus,
1122 1316 1306 1357 conuiuii
1327 1315 1516 1356 hilaritas
1543 1320 1784 1370 augeretur,

344 1373 599 1414 calculorum
642 1373 787 1413 ludum
835 1375 1052 1428 poposcit,
1099 1374 1327 1428 gloriatus,
1372 1388 1416 1413 se
1462 1373 1550 1413 cius
1597 1374 1785 1428 apprime

342 1431 546 1484 peritum,
579 1431 692 1485 quod
728 1431 826 1472 exul
870 1432 950 1472 hoc
993 1433 1175 1473 maxime
1208 1431 1486 1480 iocundidatis
1527 1445 1680 1485 genere
1713 1431 1784 1472 de-

341 1489 487 1529 lectari
522 1490 803 1530 consueuerit.
851 1488 975 1536 Quod
1001 1489 1171 1541 dictum,
1202 1490 1406 1530 iactancie
1438 1490 1584 1540 simile,
1615 1503 1660 1530 re
1683 1502 1785 1530 uera

341 1546 496 1587 acerba
527 1546 773 1587 calamitatis
806 1547 1046 1589 recordacio
1077 1548 1168 1588 fuit.
1229 1546 1313 1588 Sed
1345 1546 1538 1588 tabulato
1572 1561 1654 1588 non
1688 1561 1784 1601 sup-

339 1608 527 1658 petente,
560 1618 613 1645 ne
643 1604 755 1646 lusui
777 1605 946 1659 quidem
969 1610 1171 1646 uacatum
1203 1610 1280 1646 est.
1327 1603 1444 1646 Inter
1477 1609 1615 1646 cetera
1637 1610 1784 1646 cantor

340 1662 620 1703 Germanicus
671 1664 815 1716 fugam
864 1660 1074 1705 Suenonis
1126 1663 1381 1717 exiliumque
1422 1662 1631 1703 cantilena
1673 1676 1784 1704 com-

269 1733 302 1759 s?
338 1720 503 1774 plexus,
535 1720 674 1761 uarias
710 1720 747 1761 ei
770 1721 1061 1774 contumelias,
1093 1721 1282 1762 formatis
1314 1721 1354 1760 in
1377 1734 1544 1761 carmen
1568 1720 1782 1773 conuiciis,

340 1776 591 1819 obiectabat.
666 1778 804 1826 Quem
846 1779 899 1819 ob
941 1779 1019 1820 hoc
1061 1779 1197 1820 acrius
1238 1792 1263 1818 a
1301 1778 1490 1819 conuiuis
1531 1778 1782 1832 increpitum

339 1834 493 1886 Sueno,
527 1835 790 1877 dissimulata
812 1836 1020 1889 molestia,
1052 1836 1247 1878 fortunas
1270 1850 1367 1877 suas
1391 1836 1563 1877 liberius
1594 1836 1783 1877 recinere

338 1892 477 1945 iubet,
510 1907 714 1948 perquam
746 1894 927 1935 libenter
961 1908 1005 1935 se
1035 1899 1131 1949 post
1165 1907 1361 1936 erumnas
1393 1894 1599 1934 malorum
1638 1894 1782 1934 memi-

337 1950 447 1990 nisse
480 1950 710 1992 confossus.
774 1950 1035 2006 Crepusculo
1058 1956 1299 2007 appetente,
1332 1952 1544 2005 illatisque
1580 1966 1634 1992 ex
1666 1965 1783 1992 more

338 2008 580 2062 luminibus,
613 2009 731 2050 miles
757 2009 980 2062 Sueuonis,
1007 2009 1259 2061 Thetleuus,
1292 2010 1362 2064 qui
1393 2009 1521 2064 paulo
1554 2013 1651 2050 ante
1684 2023 1782 2050 con-

339 2066 454 2106 uiuio
503 2080 696 2120 egressus
742 2066 905 2119 fuerat,
952 2082 1150 2109 reuersus
1195 2068 1236 2108 in
1283 2068 1467 2121 regiam,
1514 2068 1782 2108 occasionem

341 2123 493 2164 edendi
544 2124 740 2166 facinoris
793 2126 924 2167 oculis
986 2126 1210 2180 animoque
1270 2126 1423 2166 tacitus
1483 2125 1779 2180 perlustrabat.

341 2180 534 2237 Cumque
567 2183 782 2237 paulisper
813 2184 993 2224 attonito
1027 2184 1296 2238 stupentique
1327 2183 1471 2224 similis
1514 2183 1780 2234 constitisset,

338 2238 535 2280 Kanutus
583 2254 699 2291 eum,
741 2254 945 2295 propasso
993 2243 1032 2283 in
1075 2246 1229 2282 terram
1269 2241 1472 2292 amiculo,
1514 2240 1661 2282 sedere
1703 2241 1780 2281 sibi

336 2297 575 2351 proximum
597 2298 727 2340 iubet.
771 2298 848 2339 Ille
879 2301 883 2343 Ι
909 2304 1026 2340 tante
1048 2300 1137 2341 eius
1162 2298 1400 2353 dignacioni
1422 2299 1583 2353 gracias
1606 2298 1779 2351 habens,

340 2354 417 2395 ede
449 2355 643 2407 excedit,
685 2369 708 2397 e
745 2357 1008 2412 uestigioque
1039 2370 1255 2411 regressus
1289 2357 1446 2410 exiguo
1481 2356 1629 2411 capitis
1661 2361 1779 2397 motu

338 2411 578 2454 Suenonem
611 2414 799 2455 accersit.
864 2413 999 2461 Quem
1021 2415 1131 2468 signi
1155 2419 1240 2455 tam
1262 2413 1432 2455 latentis
1463 2414 1656 2468 ignarum
1690 2413 1777 2454 Ka-

338 2474 491 2523 nutus,
525 2485 550 2512 a
581 2471 788 2512 Thetleuo
820 2477 1044 2525 uocatum,
1078 2471 1234 2514 edocet.
1297 2471 1373 2512 Cui
1418 2486 1513 2513 cum
1544 2471 1778 2512 Thetleuus

339 2528 561 2582 exurgenti
602 2529 820 2583 paululum
861 2530 1187 2580 insusurrasset,
1219 2533 1426 2583 quotquot
1468 2529 1779 2570 Suenoniarum

338 2586 523 2639 parcium
570 2587 752 2638 affuere,
800 2588 859 2629 eis
904 2587 944 2629 in
993 2588 1251 2642 colloquium
1293 2587 1492 2640 admixti,
1534 2586 1694 2629 collatis
1737 2586 1779 2628 in

1826 513 1878 541 CX

1836 982 1861 1006 p.
1883 975 1884 980 ¹
