1884 3126
141 865 172 892 10

142 1154 172 1180 15

135 1443 172 1470 ‘20

135 2021 173 2048 30

137 2310 173 2338 35

137 2603 172 2635 40

203 210 285 250 312
777 230 830 237 ——·
890 207 957 249 IX
1022 230 1068 236 -

202 340 378 392 paterna
416 336 588 377 caritate
633 335 940 390 complectens,
985 335 1158 377 traiecta
1189 334 1229 376 in
1260 334 1461 376 Rusciam
1493 336 1639 384 classe,

204 393 552 450 comprehensum
574 393 730 434 Daxon
753 397 1081 448 catenarumque
1105 407 1213 448 pena
1239 392 1495 434 choercitum
1527 394 1638 449 apud

202 451 476 506 Vtgarthiam
509 450 698 492 custodie
730 451 951 505 relegauit.
1013 450 1224 506 Siquidem
1263 455 1365 491 tunc
1395 450 1640 505 Regnerum

203 509 409 550 aduersus
452 508 655 550 carissimi
686 508 757 549 filii
790 508 1102 550 interfectorem
1150 508 1473 549 clementissima
1514 510 1642 551 animi

202 567 495 609 moderacione
529 581 648 608 usum
681 579 773 608 esse
805 566 1042 618 constabat,
1075 580 1168 607 cum
1195 565 1246 606 ad
1270 567 1491 621 concupite
1515 567 1641 608 ulcio-

203 625 265 666 nis
288 624 537 666 sacietatem
559 624 731 665 exilium
768 623 901 665 sontis
932 638 1056 679 quam
1089 637 1233 665 necem
1267 623 1459 666 sufficere
1479 626 1640 667 maluit.

205 683 298 731 Qua
345 682 512 737 quidem
560 682 824 723 humanitate
875 695 1055 736 magnus
1100 681 1310 723 Ruthenis
1355 681 1532 724 iniectus
1579 686 1642 723 est

202 741 332 781 rubor
365 740 540 781 ulterius
572 739 775 781 aduersus
809 753 904 780 eum
935 739 1124 780 seuiendi
1155 752 1311 793 regem,
1344 753 1470 794 quem
1499 753 1552 780 ne
1582 741 1642 781 in-

203 798 407 839 iuriarum
440 797 609 853 quidem
637 797 870 838 acerbitate
892 796 945 837 ad
966 796 1239 851 infligendam
1262 797 1442 851 captiuis
1464 802 1642 839 mortem

202 856 418 911 impellere
450 858 694 911 potuerunt.
757 853 952 896 Eundem
996 868 1164 910 quoque
1196 853 1419 908 Regnerus
1452 855 1569 897 breui
1599 856 1642 897 in

201 913 383 968 graciam
407 913 629 955 reductum
652 913 787 968 patrie
808 909 1016 967 redldidit,
1046 913 1330 968 pollicentem,
1363 926 1408 953 se
1441 913 1479 954 ei
1500 927 1641 955 annuo

203 971 406 1013 nudatum
438 971 571 1026 pedes
605 986 698 1013 cum
730 970 953 1012 duodecim
996 971 1189 1026 patribus
1212 970 1465 1013 discalciatis
1488 971 1643 1028 suppli-

203 1030 308 1072 citer
367 1029 526 1071 tributa
586 1043 827 1085 pensurum.
887 1029 1120 1071 Enimuero
1182 1030 1223 1070 in
1285 1029 1532 1084 captiuum*
1593 1043 1641 1071 ac

204 1087 436 1142 supplicem
472 1087 624 1129 leniter
660 1086 1012 1141 animaduertere,
1051 1099 1174 1142 quam
1212 1091 1430 1129 cruentam
1467 1088 1645 1130 securim

204 1145 466 1199 distringere,
499 1145 811 1200 superbamque
846 1146 1054 1187 ceruicem
1086 1145 1233 1186 sedulo
1271 1146 1478 1187 mulctare
1516 1146 1644 1187 serui-

204 1203 279 1255 cio,
312 1217 437 1258 quam
461 1204 591 1244 semel
613 1202 768 1244 elidere
790 1203 925 1244 sacius
948 1202 1079 1244 duxit.
1120 1203 1226 1244 Inde
1249 1207 1479 1257 prouectus
1511 1204 1642 1245 filium

203 1275 324 1302 suum
357 1259 541 1314 Ericum,
574 1260 753 1302 Ventosi
783 1261 906 1302 Pillei
940 1274 1171 1312 cognomen
1204 1261 1454 1313 habentem,
1499 1261 1645 1303 Suetie

203 1318 375 1375 prefert.
437 1318 545 1370 Vbi,
577 1318 781 1360 Fridleuo
824 1323 950 1373 atque
985 1318 1163 1360 Siuardo
1208 1318 1320 1373 apud
1362 1333 1408 1360 se
1438 1318 1646 1375 stipendia

204 1376 479 1429 merentibus,
511 1375 782 1418 Normannos
804 1376 1042 1430 Scotosque
1073 1377 1240 1418 duobus
1272 1376 1364 1419 aliis
1395 1377 1502 1418 falso
1534 1377 1645 1430 regis

202 1448 357 1476 nomen
388 1435 598 1487 irrogasse
633 1433 906 1488 comperiens,
939 1435 981 1475 in
1012 1434 1155 1490 primis
1177 1433 1420 1489 Noruagice
1446 1435 1503 1476 rei
1526 1449 1645 1476 usur-

203 1495 395 1547 patorem
429 1493 612 1544 sustulit,
646 1506 822 1547 eamque
854 1491 1014 1533 Biorno
1047 1491 1269 1534 fruendam
1299 1491 1484 1535 tradidit.

340 1549 535 1602 Deinde,
581 1563 632 1592 eo
667 1554 793 1605 atque
824 1550 950 1591 Erico
983 1551 1149 1603 accitis,
1183 1549 1370 1592 Orcades
1401 1551 1644 1605 populatus,

201 1607 255 1648 ad
298 1608 493 1649 ultimum
534 1607 756 1650 Scotorum
797 1607 951 1649 finibus
998 1608 1183 1662 appulit,
1231 1621 1462 1663 eorumque
1503 1622 1646 1663 regem

201 1665 356 1707 Murial
398 1665 593 1707 triduano
637 1665 892 1706 exhaustum
923 1666 1058 1720 prelio
1090 1665 1311 1708 interfecit.
1372 1665 1534 1707 Verum
1573 1666 1645 1707 filii

155 1732 165 1746 ‘⁹
201 1724 289 1765 eius
313 1722 490 1765 Dunuat
523 1727 651 1778 atque
691 1722 1001 1775 Rathbarthus,
1031 1737 1175 1779 pugna
1206 1724 1489 1779 spectabiliter
1519 1723 1645 1776 edita,

204 1781 257 1822 ab
291 1780 411 1822 hoste
458 1781 597 1823 necati
646 1781 853 1835 sanguine
896 1795 972 1822 suo
1017 1784 1234 1824 cruentam
1275 1783 1386 1837 patri
1425 1781 1643 1823 uictoriam

205 1843 475 1894 pepererunt.
519 1838 710 1894 Cumque
742 1839 783 1879 in
815 1838 997 1881 Daniam
1027 1853 1223 1881 reuersus
1255 1839 1480 1894 coniugem
1511 1839 1644 1881 Suan-

202 1898 346 1951 logam
387 1896 554 1938 interim
601 1896 750 1938 morbo
797 1897 1071 1951 cognouisset
1116 1897 1406 1952 absumptam,
1456 1897 1645 1952 protinus

205 1955 476 1995 sollicitudini
509 1954 743 1996 remedium
776 1954 1006 1996 solitudine
1037 1955 1245 2009 quesiuit,
1278 1969 1463 2010 egreque
1493 1956 1646 1997 mentis

202 2013 364 2053 luctum
404 2012 516 2053 intra
556 2013 779 2067 penacium
822 2026 992 2055 suorum
1035 2012 1216 2054 claustra
1262 2013 1458 2055 cohibere
1498 2027 1646 2067 passus

205 2068 330 2124 [non]
365 2073 443 2111 est.
505 2069 668 2111 Verum
714 2070 822 2112 hanc
853 2071 1028 2111 meroris
1060 2070 1336 2112 acerbitatem
1368 2070 1481 2111 Iuari
1511 2084 1644 2125 regno

202 2127 312 2183 pulsi
345 2127 590 2182 repentinus
622 2127 809 2169 detraxit
839 2128 1061 2170 aduentus.
1124 2128 1292 2183 Quippe
1324 2128 1460 2182 Galli,
1497 2127 1644 2183 fugato

205 2199 269 2236 eo,
303 2186 344 2226 in
374 2185 549 2227 Hellam
580 2185 792 2241 quendam
823 2185 1032 2228 Hamonis
1063 2187 1194 2228 filium
1224 2186 1373 2228 falsam
1404 2186 1516 2241 regis
1549 2200 1644 2227 con-

204 2244 391 2285 tulerant
419 2241 701 2300 postestatem.
765 2243 859 2292 Quo
892 2244 1000 2286 duce
1031 2244 1254 2299 Regncrus
1299 2244 1471 2299 perinde
1516 2247 1642 2299 atque

202 2302 392 2344 locorum
424 2302 560 2357 perito
592 2317 707 2356 usus,
742 2300 920 2357 edi<c>ta
953 2302 1098 2354 classe,
1129 2306 1309 2356 portum,
1341 2302 1412 2357 qui
1433 2301 1643 2343 Noruicus

202 2359 455 2415 appellatur,
487 2360 675 2408 accessit,
706 2359 778 2401 ubi
801 2360 1003 2416 expositis
1031 2360 1174 2416 copiis,
1206 2359 1392 2411 Hellam,
1424 2359 1644 2401 Gallicana

203 2418 360 2459 uirtute
382 2418 625 2472 subnixum,
658 2421 756 2473 post
787 2423 1025 2460 extractam
1055 2418 1098 2459 in
1129 2417 1315 2459 triduum
1337 2431 1523 2472 pugnam
1543 2416 1643 2472 fuge

203 2479 415 2517 amantem
451 2475 603 2529 effecit,
637 2489 771 2530 eaque
793 2490 861 2517 res
882 2475 1133 2518 creberrimo
1153 2475 1402 2529 Anglorum‚
1434 2475 1642 2517 rarissimo

202 2532 420 2575 Danorum
468 2533 674 2589 sanguine
720 2533 921 2575 constitit.
982 2533 1176 2588 Cumque
1220 2532 1376 2575 ibidem
1420 2532 1642 2588 Regnerus

202 2605 361 2637 annum
401 2591 539 2638 uictor
581 2591 819 2652 explesset,
862 2595 1188 2652 consequenter,
1230 2590 1377 2634 excitis
1425 2590 1468 2632 in
1519 2604 1644 2649 opem

1697 928 1725 953 p.
1744 920 1795 947 458

1679 1033 1805 1066 xcnlb

1697 2263 1723 2288 p.
1744 2252 1794 2281 459
