1884 3126
739 246 791 252 ——
852 222 941 267 vii
1004 249 1053 256 ψ-
1531 229 1613 272 225

310 349 452 392 Huius
482 349 569 392 filia
600 349 774 407 Syritha
816 351 923 394 adeo
957 357 1146 409 spectate
1175 354 1382 410 pudicicie
1420 360 1521 411 erat,
1554 361 1614 412 ut,

174 421 267 450 cum
301 408 355 450 ob
387 409 523 450 forme
554 409 880 464 pulcritudinem
918 411 1078 466 ingenti
1109 427 1334 469 procorum
1374 414 1614 470 frequencia

171 469 402 522 peteretur,
435 466 491 520 ad
521 468 733 509 neminem
766 483 821 510 ex
854 470 914 511 eis
945 469 1265 526 inspectandum
1296 472 1448 514 adduci
1487 487 1614 528 posse

170 524 401 567 uideretur.
476 524 606 567 Cuius
656 525 922 569 continencie
967 528 1120 570 fiducia
1164 543 1188 570 a
1227 535 1345 585 patre
1391 531 1614 586 coniugem

123 594 140 622 5
171 582 443 639 depoposcit,
485 584 557 639 qui
603 584 986 627 delenimentorum
1027 586 1248 629 dulcedine
1288 592 1479 630 mutuum
1524 590 1613 631 eius

172 646 449 697 conspectum
478 642 709 697 impetrare
743 643 962 698 quiuisset.
1017 644 1125 686 Olim
1158 646 1360 701 siquidem
1392 646 1503 702 apud
1536 662 1613 690 nos

171 700 412 755 puellarum
444 701 712 743 continencia
743 715 1000 758 magnopere
1029 704 1145 745 uisus
1191 704 1472 758 petulanciam
1515 705 1613 747 edo-

171 772 289 800 mare
321 759 498 813 solebat,
530 773 585 800 ne
618 760 770 801 mentis
802 760 1022 816 integritas
1056 763 1273 804 oculorum
1303 763 1495 805 libertate
1523 777 1611 805 001-

172 821 462 873 rumperetur,
496 817 885 874 affectabaturque,
928 823 974 860 ut
1016 820 1153 861 cordis
1186 821 1471 862 castimoniam
1496 820 1502 874 ἱ
1532 822 1614 863 oris

107 885 140 913 io
168 875 379 918 modestia
409 875 628 918 fateretur.
690 877 809 919 Tunc
842 876 1029 919 Otliarus
1062 877 1244 933 quidam,
1276 878 1462 920 Ebbonis
1489 880 1612 934 filius,

172 934 263 976 siue
311 937 529 989 gestarum
569 948 709 976 rerum
752 935 1044 990 magnitudine
1093 937 1183 978 siue
1225 937 1429 979 comitatis
1473 942 1515 980 et
1554 938 1613 978 fa-

173 991 325 1034 cundie
369 991 525 1034 fiducia
570 1007 800 1047 accensus,
843 994 1099 1048 pertinacius
1143 995 1395 1049 postulande
1440 995 1613 1050 uirginis

173 1050 340 1106 ignibus
385 1051 594 1094 estuabat.
658 1051 787 1093 Cuius
821 1052 1016 1094 obtutum
1053 1053 1248 1094 omnibus
1278 1052 1435 1108 ingenii
1473 1053 1613 1095 neruis

173 1109 361 1150 emollire
395 1109 606 1162 connisus,
639 1123 733 1151 011111
771 1109 999 1152 demissum
1031 1111 1250 1152 oculorum
1294 1112 1381 1153 eius
1424 1110 1614 1153 habitum

107 1176 142 1204 15
171 1167 288 1209 nulla
319 1168 489 1222 penitus
521 1172 613 1209 arte
644 1168 843 1218 flexisset,
875 1169 1030 1211 inuicte
1063 1169 1304 1211 seueritatis
1341 1182 1614 1224 perseueran-

174 1226 281 1267 ciani
314 1226 486 1267 miratus
528 1226 732 1269 abscedit.
790 1226 994 1268 Eiusdem
1033 1227 1095 1268 rei
1132 1227 1309 1283 cupidus
1349 1227 1481 1281 gigas,
1522 1241 1615 1268 cum

174 1297 284 1339 eque
316 1298 360 1326 se
386 1284 542 1326 effectu
570 1299 757 1327 uacuum
780 1285 1149 1337 animaduerteret,
1181 1285 1380 1327 feminam
1402 1285 1616 1337 subornat,

176 1355 258 1397 que
301 1356 418 1395 cum,
463 1343 639 1384 obtenta
679 1343 855 1398 uirginis
897 1342 1197 1396 familiaritate,
1244 1343 1331 1384 eius
1372 1343 1616 1399 aliquandiu

174 1399 474 1456 pedissequam
506 1401 674 1456 egisset,
710 1402 818 1442 hanc
849 1401 1019 1442 tandein
1050 1416 1074 1443 a
1100 1401 1282 1457 paternis
1313 1401 1459 1456 procul
1489 1415 1616 1456 pena-

107 1472 144 1500 20
174 1458 306 1512 tibus,
349 1459 512 1513 quesita
557 1459 748 1501 callidius
792 1459 1079 1514 digressione,
1123 1459 1312 1511 seduxit3
1359 1473 1483 1514 quain
1526 1459 1616 1514 ipse

174 1530 271 1558 mox
303 1517 466 1559 irruens
497 1517 540 1558 in
571 1518 758 1560 arcciora
788 1523 990 1560 montane
1023 1517 1248 1573 crepidinis
1281 1522 1399 1572 septa
1430 1516 1615 1558 deuexit.

176 1573 414 1630 Opinantur
435 1575 527 1629 alii,
561 1574 674 1632 quod
696 1575 921 1618 femineam
951 1576 1149 1617 mentitus
1170 1575 1364 1630 effigiem,
1397 1589 1489 1616 cum
1520 1574 1617 1616 insi-

174 1632 295 1674 diosa
309 1633 409 1675 artis
425 1635 717 1689 protraccione
734 1634 973 1676 domesticis
991 1634 1176 1688 puellam
1193 1633 1341 1675 edibus
1356 1633 1616 1686 abduxisset,

174 1696 316 1746 partes
334 1691 504 1734 demum
520 1693 702 1748 raptoris
718 1693 969 1748 impleuerit.
996 1692 1117 1740 Quod
1133 1695 1178 1733 ut
1195 1692 1398 1746 comperit
1411 1691 1612 1743 Otharus,

105 1763 142 1790 ‘25
172 1748 414 1805 indagando
445 1751 622 1806 uirginis
664 1751 809 1806 gracia
840 1751 992 1791 montis
1032 1749 1175 1805 penita
1210 1752 1521 1804 perscrutatus,
1553 1749 1612 1788 in-

176 1812 369 1860 uentam,
404 1822 609 1865 oppresso
643 1810 838 1864 gigante,
877 1822 1019 1851 secum
1051 1807 1242 1850 abduxit.
1311 1807 1432 1848 Adeo
1475 1810 1613 1847 autem

176 1866 377 1920 gigantea
408 1867 612 1909 sedulitas
645 1867 786 1922 puelle
818 1867 1019 1909 cesariem
1051 1866 1181 1907 nexili
1221 1879 1431 1907 comarum
1473 1864 1614 1904 astric-

176 1924 297 1966 cione
328 1925 593 1979 reuinxerat,
636 1930 683 1967 ut
713 1926 895 1980 pilorum
929 1924 1134 1980 perplexa
1178 1923 1393 1978 congeries
1434 1922 1615 1976 crispata

176 1982 356 2037 quadam
391 1983 643 2026 coherencia
664 1987 893 2037 teneretur,
924 1997 1005 2025 1100
1034 1981 1155 2023 facile
1176 1986 1316 2036 preter
1346 1980 1501 2022 ferrum
1523 1979 1614 2034 quis

109 2053 146 2081 30
176 2045 321 2096 posset
375 2045 593 2084 consertos
639 2042 816 2084 crinium
864 2041 1073 2083 extricare
1120 2039 1378 2094 complexus.
1461 2038 1611 2079 Denuo

176 2098 306 2152 igitur
338 2100 465 2142 uariis
506 2114 647 2142 reruni
681 2099 952 2141 irritamentis
984 2112 1207 2153 aggressus
1238 2096 1467 2152 puellarem
1498 2096 1540 2136 in
1570 2108 1615 2135 sc

175 2170 412 2212 prouocare
459 2154 759 2214 conspectum,
813 2172 908 2200 cum
955 2157 1026 2198 diu
1070 2159 1288 2211 torpentes
1338 2154 1615 2209 nequicquam

178 2214 324 2257 oculos
357 2219 627 2270 attentasset,
666 2217 886 2271 proposito
917 2229 1066 2270 parum
1100 2227 1150 2255 ex
1184 2212 1397 2255 sentencia
1428 2210 1614 2262 cedente,

178 2277 347 2329 ceptum
378 2273 560 2330 reliquit.
623 2272 709 2316 Sed
742 2287 879 2328 neque
910 2273 1099 2328 puellam
1131 2276 1274 2326 stupro
1308 2270 1464 2312 uiolare
1495 2268 1616 2309 susti-

109 2343 146 2370 35
172 2332 280 2383 nuit,
312 2345 366 2373 ne
399 2331 623 2388 splendido
657 2332 750 2375 loco
781 2335 923 2373 natam
963 2331 1139 2372 obscuro
1172 2328 1417 2370 concubitus
1459 2339 1614 2391 genere

177 2389 423 2432 macularet.
487 2390 581 2438 Que
613 2404 707 2432 011111
737 2389 878 2431 uarios
910 2387 1181 2431 solitudinum
1214 2385 1423 2427 anfractus
1456 2384 1615 2424 diucius

181 2447 423 2489 errabunda
453 2452 734 2503 percurreret,
767 2447 953 2502 contigit,
993 2451 1040 2487 ut
1073 2445 1127 2493 ad
1158 2443 1358 2486 siluestris
1400 2440 1615 2506 cuiusdam

178 2505 455 2561 immanisque
487 2505 644 2548 femine
676 2506 888 2560 tugurium
921 2503 1188 2560 perfueniret.
1237 2501 1277 2542 A
1308 2513 1389 2555 qua
1419 2497 1615 2554 pascendi

181 2576 403 2618 caprarum
434 2565 577 2620 gregis
601 2563 741 2605 officio
775 2563 992 2618 deputata,
1025 2575 1119 2602 cum
1140 2560 1277 2601 denuo
1309 2572 1383 2613 per
1409 2556 1615 2622 Otharum

109 2636 147 2664 40
176 2621 387 2664 libertatis
406 2622 614 2664 auxilium
627 2622 911 2677 impetrasset,
926 2619 1080 2662 talibus
1098 2618 1185 2660 eius
1200 2620 1385 2659 tentatur
1402 2615 1613 2669 alloquiis:

249 2695 328 2722 Siixo
349 2695 580 2724 Grammaticus.
1439 2684 1480 2720 15

1668 841 1696 866 p.
1718 833 1765 860 331
