1884 3126
717 267 768 272 „-
831 243 898 284 111
966 269 1011 274 -
1538 249 1590 289 73

142 371 272 426 ipsius
303 369 457 412 Nanne
490 374 676 413 mentem
701 385 955 426 cognoscere
987 372 1216 426 iuberetur,
1249 375 1466 429 exquisitis
1498 390 1592 417 uer-

142 430 290 471 borum
322 428 616 471 delenimentis
647 429 835 484 puellam
866 444 1114 485 aggressus,
1157 446 1250 473 cum
1287 433 1450 474 nullum
1482 434 1592 475 uotis

142 487 279 529 locum
312 487 480 529 efficere
510 487 733 542 potuisset,
766 488 933 543 repulse
956 503 1125 530 causam
1148 504 1396 544 cognoscere
1427 492 1589 534 institit.

144 548 234 594 Que
266 545 504 601 respondit,
547 546 710 601 nupciis
753 545 880 588 deum
924 547 1095 588 mortali
1140 548 1288 590 sociari
1328 563 1413 590 non
1454 563 1589 605 posse,

93 614 109 641 5
141 604 252 659 quod
284 605 432 658 ingens
464 607 614 645 nature
651 603 874 646 discrimen
918 605 1066 660 copule
1107 604 1423 648 comssmereium
1456 607 1730 651 tollatss‘fflla

144 662 227 703 Sed
260 667 301 704 et
326 676 498 717 superos
521 662 734 703 interdum
756 668 880 717 pacta
914 663 1151 706 rescindere
1187 665 1341 717 solitos,
1374 665 1593 722 subitoque

144 721 359 762 uinculum
391 719 537 773 disiici,
569 720 684 776 quod
715 721 899 777 impares
931 723 1250 764 contraxissent.
1303 722 1451 778 Neque
1482 725 1593 765 enim

143 778 339 820 stabilem
361 778 537 820 dissonis
559 779 694 820 inesse
716 793 890 832 nexum,
913 794 1007 821 cum
1029 780 1142 835 apud
1166 781 1351 822 excelsos
1373 781 1594 823 humilium

143 851 310 892 semper
332 836 502 879 fortuna
523 837 750 880 sordescat.
803 837 1006 879 Preterea
1029 838 1291 880 abundancie
1323 843 1365 881 et
1396 841 1595 894 egestatis

78 904 112 933 1«)
144 895 366 937 diuiduum
399 895 720 937 contubernium
745 910 847 949 esse,
879 911 957 938 nec
988 897 1096 938 inter
1128 897 1370 953 splendidas
1394 912 1494 952 opes
1523 899 1596 940 ob·

144 968 393 1009 scuramque
434 954 683 1009 pauperiem
728 954 850 996 firma
881 955 1092 997 societatis
1123 956 1215 997 iura
1237 956 1474 998 consistere.
1526 956 1595 998 Ad

143 1013 353 1065 ultimum,
386 1013 580 1068 supernis
611 1014 828 1054 terrestria
860 1027 942 1054 non
974 1013 1124 1067 iugari,
1162 1028 1242 1069 que
1274 1018 1391 1056 tanto
1426 1015 1596 1069 originis

143 1071 366 1112 interuallo
399 1070 554 1112 discors
593 1084 736 1112 rerum
779 1075 930 1112 natura
962 1073 1211 1125 secreuerit,
1254 1072 1366 1127 quod
1398 1086 1423 1113 a
1454 1073 1595 1114 diuine

143 1129 378 1171 luculencia
422 1129 654 1170 maiestatis
695 1129 903 1171 infinitum
946 1130 1072 1171 distet
1114 1130 1300 1172 humana
1346 1131 1594 1172 mortalitas.

78 1197 110 1223 15
143 1187 238 1229 Hac
259 1187 447 1242 responsi
465 1187 743 1229 cauillacione
766 1188 891 1230 elusis
909 1187 1081 1230 Balderi
1105 1188 1312 1244 precibus,
1336 1188 1597 1235 detrectandi

142 1246 326 1300 coniugii
360 1245 544 1301 prudens
576 1251 829 1300 argumenta
867 1247 1053 1288 texebat.

283 1303 404 1352 Quod
444 1318 540 1345 cum
571 1303 788 1346 Hotherus
829 1319 881 1346 ex
916 1305 1084 1346 Geuaro
1126 1310 1421 1359 cognosceret,
1465 1306 1598 1346 multa

143 1376 269 1417 super
290 1361 464 1404 Balderi
495 1362 738 1418 petulancia
769 1363 882 1418 apud
914 1363 1160 1418 Helgonem
1193 1364 1392 1418 querulus
1424 1363 1597 1405 dissere-

144 1420 230 1461 bat.
283 1420 441 1463 Incerti
463 1420 600 1474 ambo,
635 1421 733 1476 quid
766 1420 877 1462 facto
900 1435 1004 1476 opus
1036 1426 1157 1470 esset,
1189 1422 1317 1462 uariis
1339 1422 1597 1463 sentenciam

74 1488 110 1514 ‘20
143 1478 325 1520 consiliis
357 1479 591 1534 agitabant.
643 1478 797 1521 Amica
829 1479 1036 1535 siquidem
1068 1479 1326 1521 in'aduersis
1358 1480 1595 1531 colloeucio,

144 1537 312 1578 tametsi
351 1537 602 1592 periculum,
628 1551 714 1579 non
756 1538 890 1590 tollit,
934 1538 1217 1592 egritudinem
1255 1538 1416 1580 minuit.
1479 1538 1596 1578 Inter

144 1599 284 1636 cetera
307 1595 435 1636 animi
458 1599 559 1637 uota
581 1595 838 1637 fortitudinis
866 1595 871 1648 Ι
899 1596 1035 1638 studio
1057 1595 1410 1651 preponderante,
1448 1610 1596 1637 manus
1618 1612 1643 1635 v·
1666 1603 1710 1628 ¹¹³

144 1653 275 1694 classe
307 1668 402 1695 cum
434 1653 619 1695 Baldero
653 1655 902 1696 conseritur.
954 1654 1208 1696 Hominibus
1241 1654 1465 1696 aduersum
1499 1653 1597 1695 deos

145 1715 352 1753 certatum
384 1712 591 1754 crederes.
643 1711 755 1753 Nam
778 1712 963 1754 Baldero
998 1712 1178 1754 Othinus
1210 1726 1258 1753 ac
1291 1712 1429 1753 Thoro
1463 1726 1597 1753 saera-

74 1778 111 1806 25
143 1784 223 1824 que
282 1769 408 1812 deum
457 1771 630 1824 agmina
690 1771 1032 1826 propugnabant.
1107 1770 1274 1812 Diuinis
1320 1770 1597 1824 humanisque

145 1827 306 1869 uiribus
338 1828 597 1883 permixtum
631 1829 841 1883 aspiceres
874 1829 1044 1870 bellum.
1101 1828 1160 1869 At
1193 1828 1422 1871 Hetherus.
1457 1828 1597 1869 tunica

145 1886 303 1927 ferrum
335 1891 560 1942 spernente
593 1887 840 1940 succinctus,
873 1887 1205 1941 confertissimos
1235 1886 1408 1928 deorum
1441 1900 1596 1927 cuneos

145 1944 407 2000 irrumpebat
439 1949 492 1992 et,
515 1951 718 1999 quantum
742 1950 934 1987 terrenus
956 1946 998 1986 in
1020 1959 1202 2000 superna
1223 1950 1403 2000 poterat,
1436 1958 1597 1999 grassa-

145 2002 282 2044 batur.
346 2002 429 2043 Sed
462 2007 503 2044 et
535 2003 675 2044 Thoro
715 2003 915 2045 inusitato
958 2004 1077 2045 claue
1123 2003 1281 2045 libratu
1317 2007 1466 2044 cuncta
1514 2003 1596 2057 cly-

77 2069 113 2095 30
145 2074 320 2115 peorum
340 2060 558 2102 obstacula
576 2061 804 2113 lacerabat,
822 2066 989 2102 tantum
1010 2061 1063 2102 ad
1081 2076 1124 2103 se
1147 2061 1437 2102 incessendum
1460 2061 1597 2101 hostes

146 2118 342 2172 inuitans,
375 2124 581 2174 quantum
613 2120 743 2161 socios
775 2120 827 2161 ad
860 2119 1076 2162 tuendum.
1134 2119 1310 2160 Nullum
1343 2124 1432 2160 erat
1463 2133 1598 2159 arma-

146 2182 239 2218 ture
271 2191 419 2231 genus,
452 2177 563 2232 quod
595 2178 831 2232 impellenti
862 2192 944 2219 non
977 2178 1158 2219 cederet.
1205 2176 1342 2219 Nemo
1376 2177 1596 2218 ferientem

147 2239 237 2276 tuto
270 2235 466 2290 excipere
498 2239 677 2291 poterat.
727 2236 936 2292 Quicquid
967 2236 1052 2278 ictu
1083 2235 1267 2288 arcebat,
1299 2235 1450 2276 obruit.
1501 2233 1596 2274 Non

149 2293 299 2348 clypei,
332 2307 415 2334 non
447 2293 628 2335 cassides
659 2294 892 2349 impactum
924 2294 1137 2350 pertulere
1169 2294 1309 2335 robur.
1371 2292 1488 2333 Nulli
1511 2306 1597 2332 eor-

78 2361 114 2388 35
145 2351 257 2405 poris
289 2355 362 2392 aut
394 2351 549 2392 uirium
574 2352 821 2406 magnitudo
853 2352 1037 2394 subsidio
1070 2352 1162 2394 fuit.
1209 2351 1392 2393 Proinde
1424 2349 1597 2391 uictoria

146 2409 199 2450 ad
229 2423 402 2464 superos
434 2409 717 2461 concessisset,
748 2410 791 2451 ni
813 2410 1042 2464 Hwtherus,
1075 2410 1275 2452 inclinata
1306 2422 1477 2450 suorum
1508 2407 1595 2447 acie

147 2467 324 2509 celerius
354 2466 573 2519 aduolans,
606 2467 769 2508 clauam
802 2469 963 2523 preciso
985 2468 1207 2510 manubrio
1239 2467 1429 2508 inutilem
1460 2464 1596 2506 reddi-

148 2524 290 2567 disset.
354 2524 446 2573 Quo
480 2525 567 2566 telo
601 2525 758 2567 defecti
789 2526 877 2567 diui
907 2526 1089 2568 subitam
1121 2525 1275 2567 dedere
1306 2525 1465 2578 fugam.
1514 2522 1598 2564 Ini-

150 2583 304 2624 micum
336 2583 522 2638 opinioni
554 2588 687 2636 esset,
731 2584 811 2625 nisi
853 2584 982 2626 fidem
1019 2584 1246 2639 antiquitas
1277 2582 1457 2633 faceret,
1499 2580 1598 2622 deos

81 2654 117 2686 40
149 2640 202 2683 ab
234 2641 474 2689 hominibus
495 2642 699 2698 superari.
746 2641 861 2685 Deos
883 2646 1024 2684 autem
1046 2641 1193 2699 pocius
1214 2640 1441 2697 opinatiue,
1473 2652 1598 2695 quam
