<?xml version="1.0" encoding="UTF-8"?>
<!DOCTYPE html PUBLIC "-//W3C//DTD XHTML 1.0 Transitional//EN"
    "http://www.w3.org/TR/xhtml1/DTD/xhtml1-transitional.dtd">
<html xmlns="http://www.w3.org/1999/xhtml" xml:lang="en" lang="en">
 <head>
  <title>
</title>
<meta http-equiv="Content-Type" content="text/html;charset=utf-8" />
  <meta name='ocr-system' content='tesseract 3.04.00' />
  <meta name='ocr-capabilities' content='ocr_page ocr_carea ocr_par ocr_line ocrx_word'/>
</head>
<body>
  <div class='ocr_page' id='page_1' title='image "./saxonisgrammatic00saxouoft_0491.png"; bbox 0 0 1884 3126; ppageno 0'>
   <div class='ocr_carea' id='block_1_1' title="bbox 54 1337 69 1363">
    <p class='ocr_par' dir='ltr' id='par_1_1' title="bbox 54 1337 69 1363">
     <span class='ocr_line' id='line_1_1' title="bbox 54 1337 69 1363; baseline 0 0"><span class='ocrx_word' id='word_1_1' title='bbox 54 1337 69 1363; x_wconf 88' lang='lat'>5</span> 
     </span>
    </p>
   </div>
   <div class='ocr_carea' id='block_1_2' title="bbox 36 1625 73 1652">
    <p class='ocr_par' dir='ltr' id='par_1_2' title="bbox 36 1625 73 1652">
     <span class='ocr_line' id='line_1_2' title="bbox 36 1625 73 1652; baseline 0.027 -1"><span class='ocrx_word' id='word_1_2' title='bbox 36 1625 73 1652; x_wconf 91' lang='lat'>10</span> 
     </span>
    </p>
   </div>
   <div class='ocr_carea' id='block_1_3' title="bbox 32 1915 68 1941">
    <p class='ocr_par' dir='ltr' id='par_1_3' title="bbox 32 1915 68 1941">
     <span class='ocr_line' id='line_1_3' title="bbox 32 1915 68 1941; baseline 0 0"><span class='ocrx_word' id='word_1_3' title='bbox 32 1915 68 1941; x_wconf 84' lang='lat'>15</span> 
     </span>
    </p>
   </div>
   <div class='ocr_carea' id='block_1_4' title="bbox 31 2203 70 2230">
    <p class='ocr_par' dir='ltr' id='par_1_4' title="bbox 31 2203 70 2230">
     <span class='ocr_line' id='line_1_4' title="bbox 31 2203 70 2230; baseline -0.026 0"><span class='ocrx_word' id='word_1_4' title='bbox 31 2203 70 2230; x_wconf 76' lang='lat'>20</span> 
     </span>
    </p>
   </div>
   <div class='ocr_carea' id='block_1_5' title="bbox 32 2492 70 2519">
    <p class='ocr_par' dir='ltr' id='par_1_5' title="bbox 32 2492 70 2519">
     <span class='ocr_line' id='line_1_5' title="bbox 32 2492 70 2519; baseline -0.026 0"><span class='ocrx_word' id='word_1_5' title='bbox 32 2492 70 2519; x_wconf 76' lang='lat'>25</span> 
     </span>
    </p>
   </div>
   <div class='ocr_carea' id='block_1_6' title="bbox 478 834 1172 901">
    <p class='ocr_par' dir='ltr' id='par_1_6' title="bbox 478 834 1172 901">
     <span class='ocr_line' id='line_1_6' title="bbox 478 834 1172 901; baseline -0.001 -13"><span class='ocrx_word' id='word_1_6' title='bbox 478 834 744 901; x_wconf 72' lang='lat' dir='ltr'>SAXOle</span> <span class='ocrx_word' id='word_1_7' title='bbox 782 834 1172 889; x_wconf 83' lang='lat' dir='ltr'><strong>GRAMMATICI</strong></span> 
     </span>
    </p>
   </div>
   <div class='ocr_carea' id='block_1_7' title="bbox 436 975 1226 1029">
    <p class='ocr_par' dir='ltr' id='par_1_7' title="bbox 436 975 1226 1029">
     <span class='ocr_line' id='line_1_7' title="bbox 436 975 1226 1029; baseline -0.001 -11"><span class='ocrx_word' id='word_1_8' title='bbox 436 975 850 1029; x_wconf 83' lang='lat' dir='ltr'><strong>HISTORIE</strong></span> <span class='ocrx_word' id='word_1_9' title='bbox 902 975 1226 1018; x_wconf 75' lang='lat' dir='ltr'>DANIOE</span> 
     </span>
    </p>
   </div>
   <div class='ocr_carea' id='block_1_8' title="bbox 568 1104 1080 1160">
    <p class='ocr_par' dir='ltr' id='par_1_8' title="bbox 568 1104 1080 1160">
     <span class='ocr_line' id='line_1_8' title="bbox 568 1104 1080 1160; baseline 0 -22"><span class='ocrx_word' id='word_1_10' title='bbox 568 1104 713 1138; x_wconf 80' lang='lat' dir='ltr'>LIBER</span> <span class='ocrx_word' id='word_1_11' title='bbox 746 1104 1080 1160; x_wconf 63' lang='lat' dir='ltr'>DYODEOIMVS.</span> 
     </span>
    </p>
   </div>
   <div class='ocr_carea' id='block_1_9' title="bbox 103 1219 1552 1427">
    <p class='ocr_par' dir='ltr' id='par_1_9' title="bbox 103 1219 1552 1427">
     <span class='ocr_line' id='line_1_9' title="bbox 241 1219 1552 1308; baseline 0 -18"><span class='ocrx_word' id='word_1_12' title='bbox 241 1219 491 1308; x_wconf 81' lang='lat' dir='ltr'>Interfecto</span> <span class='ocrx_word' id='word_1_13' title='bbox 525 1250 718 1303; x_wconf 87' lang='lat' dir='ltr'>Kanuto,</span> <span class='ocrx_word' id='word_1_14' title='bbox 752 1249 858 1302; x_wconf 85' lang='lat' dir='ltr'>Iuti,</span> <span class='ocrx_word' id='word_1_15' title='bbox 890 1250 1033 1305; x_wconf 90' lang='lat' dir='ltr'>inique</span> <span class='ocrx_word' id='word_1_16' title='bbox 1063 1250 1277 1292; x_wconf 86' lang='lat' dir='ltr'>societatis</span> <span class='ocrx_word' id='word_1_17' title='bbox 1321 1250 1552 1305; x_wconf 79' lang='lat' dir='ltr'>pertinacia</span> 
     </span>
     <span class='ocr_line' id='line_1_10' title="bbox 103 1313 1551 1369; baseline 0 -14"><span class='ocrx_word' id='word_1_18' title='bbox 103 1315 358 1369; x_wconf 78' lang='lat' dir='ltr'>singularem</span> <span class='ocrx_word' id='word_1_19' title='bbox 388 1313 513 1354; x_wconf 84' lang='lat' dir='ltr'>Olaui</span> <span class='ocrx_word' id='word_1_20' title='bbox 547 1314 729 1369; x_wconf 78' lang='lat' dir='ltr'>graciam</span> <span class='ocrx_word' id='word_1_21' title='bbox 763 1315 1082 1369; x_wconf 80' lang='lat' dir='ltr'>amplectentes,</span> <span class='ocrx_word' id='word_1_22' title='bbox 1116 1315 1247 1356; x_wconf 85' lang='lat' dir='ltr'>creari</span> <span class='ocrx_word' id='word_1_23' title='bbox 1278 1326 1375 1355; x_wconf 91' lang='lat' dir='ltr'>eum</span> <span class='ocrx_word' id='word_1_24' title='bbox 1409 1328 1551 1368; x_wconf 87' lang='lat' dir='ltr'>regem</span> 
     </span>
     <span class='ocr_line' id='line_1_11' title="bbox 104 1371 1550 1427; baseline 0.001 -14"><span class='ocrx_word' id='word_1_25' title='bbox 104 1372 361 1414; x_wconf 82' lang='lat' dir='ltr'>alacerrimis</span> <span class='ocrx_word' id='word_1_26' title='bbox 393 1372 583 1426; x_wconf 88' lang='lat' dir='ltr'>petiuere</span> <span class='ocrx_word' id='word_1_27' title='bbox 614 1371 850 1427; x_wconf 85' lang='lat' dir='ltr'>suffragiis,</span> <span class='ocrx_word' id='word_1_28' title='bbox 898 1372 1009 1414; x_wconf 89' lang='lat' dir='ltr'>hunc</span> <span class='ocrx_word' id='word_1_29' title='bbox 1041 1373 1119 1414; x_wconf 79' lang='lat' dir='ltr'>si&#39;bi</span> <span class='ocrx_word' id='word_1_30' title='bbox 1150 1373 1375 1427; x_wconf 86' lang='lat' dir='ltr'>plurimum</span> <span class='ocrx_word' id='word_1_31' title='bbox 1409 1373 1550 1426; x_wconf 80' lang='lat' dir='ltr'>gracie</span> 
     </span>
    </p>
   </div>
   <div class='ocr_carea' id='block_1_10' title="bbox 1604 844 1701 876">
    <p class='ocr_par' dir='ltr' id='par_1_10' title="bbox 1604 844 1701 876">
     <span class='ocr_line' id='line_1_12' title="bbox 1604 844 1701 876; baseline 0.031 -8"><span class='ocrx_word' id='word_1_32' title='bbox 1604 852 1631 876; x_wconf 88' lang='lat' dir='ltr'>p.</span> <span class='ocrx_word' id='word_1_33' title='bbox 1650 844 1701 871; x_wconf 79' lang='grc'>595</span> 
     </span>
    </p>
   </div>
   <div class='ocr_carea' id='block_1_11' title="bbox 103 1429 1602 1485">
    <p class='ocr_par' dir='ltr' id='par_1_11' title="bbox 103 1429 1602 1485">
     <span class='ocr_line' id='line_1_13' title="bbox 103 1429 1602 1485; baseline -0.001 -13"><span class='ocrx_word' id='word_1_34' title='bbox 103 1430 335 1472; x_wconf 86' lang='lat' dir='ltr'>relaturum</span> <span class='ocrx_word' id='word_1_35' title='bbox 384 1435 654 1483; x_wconf 86' lang='lat' dir='ltr'>sperantes,.</span> <span class='ocrx_word' id='word_1_36' title='bbox 683 1430 747 1470; x_wconf 92' lang='lat' dir='ltr'>cui</span> <span class='ocrx_word' id='word_1_37' title='bbox 792 1434 909 1471; x_wconf 82' lang='lat' dir='ltr'>tanto</span> <span class='ocrx_word' id='word_1_38' title='bbox 956 1444 1135 1485; x_wconf 83' lang='lat' dir='ltr'>regnum</span> <span class='ocrx_word' id='word_1_39' title='bbox 1182 1430 1420 1471; x_wconf 76' lang='lat' dir='ltr'>discrimine</span> <span class='ocrx_word' id='word_1_40' title='bbox 1453 1444 1552 1485; x_wconf 87' lang='lat' dir='ltr'>que·</span> <span class='ocrx_word' id='word_1_41' title='bbox 1594 1429 1602 1436; x_wconf 73' lang='grc'><em>”</em></span> 
     </span>
    </p>
   </div>
   <div class='ocr_carea' id='block_1_12' title="bbox 100 1487 1551 2703">
    <p class='ocr_par' dir='ltr' id='par_1_12' title="bbox 100 1487 1551 2703">
     <span class='ocr_line' id='line_1_14' title="bbox 105 1487 1550 1542; baseline -0.001 -13"><span class='ocrx_word' id='word_1_42' title='bbox 105 1489 319 1541; x_wconf 83' lang='lat' dir='ltr'>siuissent,</span> <span class='ocrx_word' id='word_1_43' title='bbox 343 1501 481 1542; x_wconf 86' lang='lat' dir='ltr'>neque</span> <span class='ocrx_word' id='word_1_44' title='bbox 503 1488 593 1529; x_wconf 85' lang='lat' dir='ltr'>eius</span> <span class='ocrx_word' id='word_1_45' title='bbox 615 1487 814 1530; x_wconf 87' lang='lat' dir='ltr'>fratribus</span> <span class='ocrx_word' id='word_1_46' title='bbox 836 1488 946 1529; x_wconf 91' lang='lat' dir='ltr'>hunc</span> <span class='ocrx_word' id='word_1_47' title='bbox 969 1488 1182 1541; x_wconf 80' lang='lat' dir='ltr'>honorem,</span> <span class='ocrx_word' id='word_1_48' title='bbox 1216 1488 1369 1529; x_wconf 85' lang='lat' dir='ltr'>eximio</span> <span class='ocrx_word' id='word_1_49' title='bbox 1389 1487 1550 1529; x_wconf 87' lang='lat' dir='ltr'>Kanuti</span> 
     </span>
     <span class='ocr_line' id='line_1_15' title="bbox 105 1545 1551 1601; baseline -0.001 -14"><span class='ocrx_word' id='word_1_50' title='bbox 105 1559 251 1588; x_wconf 90' lang='lat' dir='ltr'>amore</span> <span class='ocrx_word' id='word_1_51' title='bbox 299 1545 533 1600; x_wconf 79' lang='lat' dir='ltr'>suspectis,</span> <span class='ocrx_word' id='word_1_52' title='bbox 571 1546 849 1600; x_wconf 52' lang='lat' dir='ltr'>‚erogandum</span> <span class='ocrx_word' id='word_1_53' title='bbox 902 1546 1128 1588; x_wconf 79' lang='lat' dir='ltr'>duxerunt.</span> <span class='ocrx_word' id='word_1_54' title='bbox 1190 1546 1327 1601; x_wconf 82' lang='lat' dir='ltr'>Igitur</span> <span class='ocrx_word' id='word_1_55' title='bbox 1373 1547 1551 1601; x_wconf 88' lang='lat' dir='ltr'>pecunia</span> 
     </span>
     <span class='ocr_line' id='line_1_16' title="bbox 104 1603 1551 1659; baseline -0.001 -14"><span class='ocrx_word' id='word_1_56' title='bbox 104 1608 252 1659; x_wconf 86' lang='lat' dir='ltr'>pacta,</span> <span class='ocrx_word' id='word_1_57' title='bbox 297 1603 542 1656; x_wconf 84' lang='lat' dir='ltr'>Nicolaum,</span> <span class='ocrx_word' id='word_1_58' title='bbox 587 1617 851 1645; x_wconf 87' lang='lat' dir='ltr'>communem</span> <span class='ocrx_word' id='word_1_59' title='bbox 894 1610 979 1645; x_wconf 85' lang='lat' dir='ltr'>tam</span> <span class='ocrx_word' id='word_1_60' title='bbox 1020 1604 1209 1659; x_wconf 83' lang='lat' dir='ltr'>preteriti</span> <span class='ocrx_word' id='word_1_61' title='bbox 1251 1618 1375 1659; x_wconf 89' lang='lat' dir='ltr'>quam</span> <span class='ocrx_word' id='word_1_62' title='bbox 1420 1604 1551 1644; x_wconf 88' lang='lat' dir='ltr'>futuri</span> 
     </span>
     <span class='ocr_line' id='line_1_17' title="bbox 103 1661 1549 1717; baseline 0.001 -14"><span class='ocrx_word' id='word_1_63' title='bbox 103 1663 216 1716; x_wconf 83' lang='lat' dir='ltr'>regis</span> <span class='ocrx_word' id='word_1_64' title='bbox 247 1675 517 1717; x_wconf 83' lang='lat' dir='ltr'>germanum,</span> <span class='ocrx_word' id='word_1_65' title='bbox 560 1662 714 1703; x_wconf 89' lang='lat' dir='ltr'>uadem</span> <span class='ocrx_word' id='word_1_66' title='bbox 755 1676 831 1717; x_wconf 92' lang='lat' dir='ltr'>pro</span> <span class='ocrx_word' id='word_1_67' title='bbox 877 1662 966 1703; x_wconf 88' lang='lat' dir='ltr'>eius</span> <span class='ocrx_word' id='word_1_68' title='bbox 997 1662 1296 1717; x_wconf 76' lang='lat' dir='ltr'>redempcione</span> <span class='ocrx_word' id='word_1_69' title='bbox 1329 1661 1549 1715; x_wconf 83' lang='lat' dir='ltr'>dedorunt,</span> 
     </span>
     <span class='ocr_line' id='line_1_18' title="bbox 101 1719 1549 1775; baseline 0.001 -15"><span class='ocrx_word' id='word_1_70' title='bbox 101 1724 364 1775; x_wconf 87' lang='lat' dir='ltr'>receptoque</span> <span class='ocrx_word' id='word_1_71' title='bbox 396 1733 571 1774; x_wconf 85' lang='lat' dir='ltr'>regnum</span> <span class='ocrx_word' id='word_1_72' title='bbox 604 1720 840 1775; x_wconf 88' lang='lat' dir='ltr'>imponunt.</span> <span class='ocrx_word' id='word_1_73' title='bbox 901 1719 992 1762; x_wconf 89' lang='lat' dir='ltr'>Nec</span> <span class='ocrx_word' id='word_1_74' title='bbox 1022 1733 1203 1774; x_wconf 85' lang='lat' dir='ltr'>paruum</span> <span class='ocrx_word' id='word_1_75' title='bbox 1235 1719 1435 1761; x_wconf 86' lang='lat' dir='ltr'>Nicolaus</span> <span class='ocrx_word' id='word_1_76' title='bbox 1468 1719 1549 1761; x_wconf 86' lang='lat' dir='ltr'>fra-</span> 
     </span>
     <span class='ocr_line' id='line_1_19' title="bbox 102 1775 1549 1834; baseline 0 -15"><span class='ocrx_word' id='word_1_77' title='bbox 102 1783 225 1819; x_wconf 83' lang='lat' dir='ltr'>terne</span> <span class='ocrx_word' id='word_1_78' title='bbox 257 1778 441 1819; x_wconf 83' lang='lat' dir='ltr'>caritatis</span> <span class='ocrx_word' id='word_1_79' title='bbox 474 1778 685 1833; x_wconf 85' lang='lat' dir='ltr'>specimen</span> <span class='ocrx_word' id='word_1_80' title='bbox 719 1777 867 1829; x_wconf 79' lang='lat' dir='ltr'>edidit3</span> <span class='ocrx_word' id='word_1_81' title='bbox 900 1778 1103 1834; x_wconf 84' lang='lat' dir='ltr'>siquidem</span> <span class='ocrx_word' id='word_1_82' title='bbox 1138 1778 1346 1819; x_wconf 84' lang='lat' dir='ltr'>fraternas</span> <span class='ocrx_word' id='word_1_83' title='bbox 1374 1775 1549 1819; x_wconf 89' lang='lat' dir='ltr'>induere</span> 
     </span>
     <span class='ocr_line' id='line_1_20' title="bbox 102 1835 1548 1891; baseline 0 -14"><span class='ocrx_word' id='word_1_84' title='bbox 102 1841 273 1877; x_wconf 84' lang='lat' dir='ltr'>catenas</span> <span class='ocrx_word' id='word_1_85' title='bbox 306 1835 476 1890; x_wconf 85' lang='lat' dir='ltr'>suisque</span> <span class='ocrx_word' id='word_1_86' title='bbox 509 1836 688 1877; x_wconf 88' lang='lat' dir='ltr'>uinculis</span> <span class='ocrx_word' id='word_1_87' title='bbox 721 1849 920 1890; x_wconf 88' lang='lat' dir='ltr'>germano</span> <span class='ocrx_word' id='word_1_88' title='bbox 952 1849 1131 1891; x_wconf 88' lang='lat' dir='ltr'>regnum</span> <span class='ocrx_word' id='word_1_89' title='bbox 1165 1850 1303 1878; x_wconf 84' lang='lat' dir='ltr'>emere</span> <span class='ocrx_word' id='word_1_90' title='bbox 1324 1850 1409 1878; x_wconf 91' lang='lat' dir='ltr'>non</span> <span class='ocrx_word' id='word_1_91' title='bbox 1430 1835 1548 1877; x_wconf 84' lang='lat' dir='ltr'>dubi-</span> 
     </span>
     <span class='ocr_line' id='line_1_21' title="bbox 100 1890 1547 1949; baseline -0.001 -14"><span class='ocrx_word' id='word_1_92' title='bbox 100 1895 219 1935; x_wconf 87' lang='lat' dir='ltr'>tauit.</span> <span class='ocrx_word' id='word_1_93' title='bbox 283 1893 408 1941; x_wconf 84' lang='lat' dir='ltr'>Quod</span> <span class='ocrx_word' id='word_1_94' title='bbox 442 1890 631 1949; x_wconf 73' lang='lat' dir='ltr'>auldiens</span> <span class='ocrx_word' id='word_1_95' title='bbox 663 1893 824 1947; x_wconf 88' lang='lat' dir='ltr'>Ericus,</span> <span class='ocrx_word' id='word_1_96' title='bbox 858 1894 1112 1935; x_wconf 77' lang='lat' dir='ltr'>contumelio</span> <span class='ocrx_word' id='word_1_97' title='bbox 1132 1907 1319 1946; x_wconf 84' lang='lat' dir='ltr'>memor,</span> <span class='ocrx_word' id='word_1_98' title='bbox 1353 1908 1478 1949; x_wconf 91' lang='lat' dir='ltr'>quam</span> <span class='ocrx_word' id='word_1_99' title='bbox 1510 1894 1547 1936; x_wconf 87' lang='lat' dir='ltr'>ci</span> 
     </span>
     <span class='ocr_line' id='line_1_22' title="bbox 102 1951 1547 2004; baseline 0.001 -12"><span class='ocrx_word' id='word_1_100' title='bbox 102 1952 330 1994; x_wconf 85' lang='lat' dir='ltr'>communis</span> <span class='ocrx_word' id='word_1_101' title='bbox 361 1951 501 1992; x_wconf 85' lang='lat' dir='ltr'>fratris</span> <span class='ocrx_word' id='word_1_102' title='bbox 532 1952 650 1992; x_wconf 86' lang='lat' dir='ltr'>iussu</span> <span class='ocrx_word' id='word_1_103' title='bbox 682 1952 915 2004; x_wconf 84' lang='lat' dir='ltr'>inflixerat,</span> <span class='ocrx_word' id='word_1_104' title='bbox 965 1952 1140 1993; x_wconf 92' lang='lat' dir='ltr'>ulcionis</span> <span class='ocrx_word' id='word_1_105' title='bbox 1172 1957 1287 1994; x_wconf 89' lang='lat' dir='ltr'>metu</span> <span class='ocrx_word' id='word_1_106' title='bbox 1322 1966 1416 1993; x_wconf 91' lang='lat' dir='ltr'>cum</span> <span class='ocrx_word' id='word_1_107' title='bbox 1450 1966 1547 1993; x_wconf 92' lang='lat' dir='ltr'>con-</span> 
     </span>
     <span class='ocr_line' id='line_1_23' title="bbox 100 2009 1547 2066; baseline 0.001 -16"><span class='ocrx_word' id='word_1_108' title='bbox 100 2011 199 2065; x_wconf 90' lang='lat' dir='ltr'>iuge</span> <span class='ocrx_word' id='word_1_109' title='bbox 221 2009 408 2059; x_wconf 85' lang='lat' dir='ltr'>Botilda,</span> <span class='ocrx_word' id='word_1_110' title='bbox 440 2023 521 2064; x_wconf 90' lang='lat' dir='ltr'>que</span> <span class='ocrx_word' id='word_1_111' title='bbox 539 2009 696 2050; x_wconf 89' lang='lat' dir='ltr'>Vluoni</span> <span class='ocrx_word' id='word_1_112' title='bbox 716 2010 942 2051; x_wconf 83' lang='lat' dir='ltr'>Gallitiano</span> <span class='ocrx_word' id='word_1_113' title='bbox 974 2024 1027 2050; x_wconf 85' lang='lat' dir='ltr'>ex</span> <span class='ocrx_word' id='word_1_114' title='bbox 1060 2010 1144 2051; x_wconf 89' lang='lat' dir='ltr'>filio</span> <span class='ocrx_word' id='word_1_115' title='bbox 1165 2010 1387 2064; x_wconf 85' lang='lat' dir='ltr'>Thrugoto</span> <span class='ocrx_word' id='word_1_116' title='bbox 1411 2011 1547 2066; x_wconf 82' lang='lat' dir='ltr'>neptis</span> 
     </span>
     <span class='ocr_line' id='line_1_24' title="bbox 102 2066 1548 2123; baseline 0 -15"><span class='ocrx_word' id='word_1_117' title='bbox 102 2068 360 2120; x_wconf 84' lang='lat' dir='ltr'>obuenerat,</span> <span class='ocrx_word' id='word_1_118' title='bbox 394 2066 580 2108; x_wconf 82' lang='lat' dir='ltr'>Suetiam</span> <span class='ocrx_word' id='word_1_119' title='bbox 611 2067 774 2123; x_wconf 87' lang='lat' dir='ltr'>petiuit.</span> <span class='ocrx_word' id='word_1_120' title='bbox 837 2067 950 2109; x_wconf 90' lang='lat' dir='ltr'>Dani</span> <span class='ocrx_word' id='word_1_121' title='bbox 990 2081 1118 2120; x_wconf 85' lang='lat' dir='ltr'>uero,</span> <span class='ocrx_word' id='word_1_122' title='bbox 1158 2069 1314 2109; x_wconf 89' lang='lat' dir='ltr'>collato</span> <span class='ocrx_word' id='word_1_123' title='bbox 1357 2068 1548 2110; x_wconf 76' lang='lat' dir='ltr'>certatim</span> 
     </span>
     <span class='ocr_line' id='line_1_25' title="bbox 102 2125 1548 2181; baseline 0 -15"><span class='ocrx_word' id='word_1_124' title='bbox 102 2139 171 2167; x_wconf 91' lang='lat' dir='ltr'>ere</span> <span class='ocrx_word' id='word_1_125' title='bbox 222 2138 299 2180; x_wconf 91' lang='lat' dir='ltr'>pro</span> <span class='ocrx_word' id='word_1_126' title='bbox 351 2125 567 2180; x_wconf 88' lang='lat' dir='ltr'>sponsoris</span> <span class='ocrx_word' id='word_1_127' title='bbox 618 2126 783 2179; x_wconf 89' lang='lat' dir='ltr'>reditu,</span> <span class='ocrx_word' id='word_1_128' title='bbox 847 2131 1012 2179; x_wconf 83' lang='lat' dir='ltr'>pactam</span> <span class='ocrx_word' id='word_1_129' title='bbox 1079 2126 1277 2168; x_wconf 81' lang='lat' dir='ltr'>creditori</span> <span class='ocrx_word' id='word_1_130' title='bbox 1326 2126 1548 2181; x_wconf 90' lang='lat' dir='ltr'>pecuniam</span> 
     </span>
     <span class='ocr_line' id='line_1_26' title="bbox 102 2182 1549 2236; baseline 0 -12"><span class='ocrx_word' id='word_1_131' title='bbox 102 2188 390 2224; x_wconf 86' lang='lat' dir='ltr'>numerarunt.</span> <span class='ocrx_word' id='word_1_132' title='bbox 445 2182 592 2234; x_wconf 86' lang='lat' dir='ltr'>Quem,</span> <span class='ocrx_word' id='word_1_133' title='bbox 624 2182 870 2224; x_wconf 84' lang='lat' dir='ltr'>Flandrensi</span> <span class='ocrx_word' id='word_1_134' title='bbox 904 2183 1095 2225; x_wconf 90' lang='lat' dir='ltr'>custodia</span> <span class='ocrx_word' id='word_1_135' title='bbox 1126 2184 1367 2236; x_wconf 87' lang='lat' dir='ltr'>liberatum,</span> <span class='ocrx_word' id='word_1_136' title='bbox 1400 2183 1549 2225; x_wconf 86' lang='lat' dir='ltr'>infesta</span> 
     </span>
     <span class='ocr_line' id='line_1_27' title="bbox 101 2240 1550 2297; baseline 0 -15"><span class='ocrx_word' id='word_1_137' title='bbox 101 2240 319 2296; x_wconf 88' lang='lat' dir='ltr'>parricidis</span> <span class='ocrx_word' id='word_1_138' title='bbox 360 2240 533 2281; x_wconf 85' lang='lat' dir='ltr'>fortuna</span> <span class='ocrx_word' id='word_1_139' title='bbox 573 2241 705 2281; x_wconf 85' lang='lat' dir='ltr'>ueluti</span> <span class='ocrx_word' id='word_1_140' title='bbox 737 2241 901 2282; x_wconf 82' lang='lat' dir='ltr'>cladem</span> <span class='ocrx_word' id='word_1_141' title='bbox 925 2242 1115 2297; x_wconf 83' lang='lat' dir='ltr'>aliquam</span> <span class='ocrx_word' id='word_1_142' title='bbox 1149 2247 1385 2283; x_wconf 82' lang='lat' dir='ltr'>nostrorum</span> <span class='ocrx_word' id='word_1_143' title='bbox 1418 2242 1550 2283; x_wconf 83' lang='lat' dir='ltr'>abun-</span> 
     </span>
     <span class='ocr_line' id='line_1_28' title="bbox 102 2298 1547 2353; baseline 0.002 -15"><span class='ocrx_word' id='word_1_144' title='bbox 102 2298 250 2340; x_wconf 83' lang='lat' dir='ltr'>dancie</span> <span class='ocrx_word' id='word_1_145' title='bbox 293 2312 341 2339; x_wconf 86' lang='lat' dir='ltr'>ac</span> <span class='ocrx_word' id='word_1_146' title='bbox 381 2298 591 2339; x_wconf 83' lang='lat' dir='ltr'>fertilitati</span> <span class='ocrx_word' id='word_1_147' title='bbox 634 2298 786 2340; x_wconf 90' lang='lat' dir='ltr'>iniecit.</span> <span class='ocrx_word' id='word_1_148' title='bbox 848 2298 956 2340; x_wconf 85' lang='lat' dir='ltr'>Nam</span> <span class='ocrx_word' id='word_1_149' title='bbox 1003 2313 1095 2340; x_wconf 91' lang='lat' dir='ltr'>cum</span> <span class='ocrx_word' id='word_1_150' title='bbox 1138 2299 1249 2340; x_wconf 85' lang='lat' dir='ltr'>Dani</span> <span class='ocrx_word' id='word_1_151' title='bbox 1294 2300 1392 2341; x_wconf 89' lang='lat' dir='ltr'>noui</span> <span class='ocrx_word' id='word_1_152' title='bbox 1437 2299 1547 2353; x_wconf 87' lang='lat' dir='ltr'>regis</span> 
     </span>
     <span class='ocr_line' id='line_1_29' title="bbox 101 2355 1548 2412; baseline 0.001 -16"><span class='ocrx_word' id='word_1_153' title='bbox 101 2356 233 2397; x_wconf 87' lang='lat' dir='ltr'>iniciis</span> <span class='ocrx_word' id='word_1_154' title='bbox 281 2355 590 2411; x_wconf 75' lang='lat' dir='ltr'>applaudentes</span> <span class='ocrx_word' id='word_1_155' title='bbox 637 2357 812 2412; x_wconf 88' lang='lat' dir='ltr'>pristine</span> <span class='ocrx_word' id='word_1_156' title='bbox 853 2357 973 2398; x_wconf 89' lang='lat' dir='ltr'>ruine</span> <span class='ocrx_word' id='word_1_157' title='bbox 1020 2358 1242 2412; x_wconf 87' lang='lat' dir='ltr'>procacius</span> <span class='ocrx_word' id='word_1_158' title='bbox 1286 2357 1548 2411; x_wconf 86' lang='lat' dir='ltr'>insultarent,</span> 
     </span>
     <span class='ocr_line' id='line_1_30' title="bbox 104 2414 1549 2470; baseline 0 -15"><span class='ocrx_word' id='word_1_159' title='bbox 104 2415 335 2455; x_wconf 87' lang='lat' dir='ltr'>criminosis</span> <span class='ocrx_word' id='word_1_160' title='bbox 358 2427 525 2468; x_wconf 86' lang='lat' dir='ltr'>semper</span> <span class='ocrx_word' id='word_1_161' title='bbox 546 2414 709 2455; x_wconf 88' lang='lat' dir='ltr'>infensa</span> <span class='ocrx_word' id='word_1_162' title='bbox 731 2414 943 2468; x_wconf 87' lang='lat' dir='ltr'>diuinitas,</span> <span class='ocrx_word' id='word_1_163' title='bbox 973 2429 1027 2456; x_wconf 90' lang='lat' dir='ltr'>ne</span> <span class='ocrx_word' id='word_1_164' title='bbox 1049 2414 1124 2456; x_wconf 81' lang='lat' dir='ltr'>diu</span> <span class='ocrx_word' id='word_1_165' title='bbox 1143 2415 1278 2456; x_wconf 90' lang='lat' dir='ltr'>scelus</span> <span class='ocrx_word' id='word_1_166' title='bbox 1300 2415 1549 2470; x_wconf 84' lang='lat' dir='ltr'>impunitate</span> 
     </span>
     <span class='ocr_line' id='line_1_31' title="bbox 100 2471 1545 2528; baseline 0 -15"><span class='ocrx_word' id='word_1_167' title='bbox 100 2472 284 2523; x_wconf 72' lang='lat' dir='ltr'>floreret,</span> <span class='ocrx_word' id='word_1_168' title='bbox 307 2472 589 2526; x_wconf 83' lang='lat' dir='ltr'>petulanciam</span> <span class='ocrx_word' id='word_1_169' title='bbox 613 2472 789 2527; x_wconf 89' lang='lat' dir='ltr'>penuria</span> <span class='ocrx_word' id='word_1_170' title='bbox 810 2471 1042 2528; x_wconf 84' lang='lat' dir='ltr'>rependere</span> <span class='ocrx_word' id='word_1_171' title='bbox 1066 2473 1216 2523; x_wconf 81' lang='lat' dir='ltr'>uoluit,</span> <span class='ocrx_word' id='word_1_172' title='bbox 1248 2472 1545 2527; x_wconf 89' lang='lat' dir='ltr'>communique</span> 
     </span>
     <span class='ocr_line' id='line_1_32' title="bbox 101 2529 1547 2585; baseline 0.001 -15"><span class='ocrx_word' id='word_1_173' title='bbox 101 2530 241 2585; x_wconf 90' lang='lat' dir='ltr'>inopia</span> <span class='ocrx_word' id='word_1_174' title='bbox 273 2529 427 2584; x_wconf 92' lang='lat' dir='ltr'>publici</span> <span class='ocrx_word' id='word_1_175' title='bbox 459 2529 669 2583; x_wconf 87' lang='lat' dir='ltr'>parricidii</span> <span class='ocrx_word' id='word_1_176' title='bbox 700 2530 811 2571; x_wconf 82' lang='lat' dir='ltr'>iusta</span> <span class='ocrx_word' id='word_1_177' title='bbox 845 2530 987 2584; x_wconf 86' lang='lat' dir='ltr'>exegit</span> <span class='ocrx_word' id='word_1_178' title='bbox 1016 2530 1195 2585; x_wconf 88' lang='lat' dir='ltr'>piacula.</span> <span class='ocrx_word' id='word_1_179' title='bbox 1238 2530 1298 2570; x_wconf 85' lang='lat' dir='ltr'>Vt</span> <span class='ocrx_word' id='word_1_180' title='bbox 1322 2530 1431 2572; x_wconf 90' lang='lat' dir='ltr'>enim</span> <span class='ocrx_word' id='word_1_181' title='bbox 1463 2543 1547 2571; x_wconf 90' lang='lat' dir='ltr'>non</span> 
     </span>
     <span class='ocr_line' id='line_1_33' title="bbox 101 2586 1545 2642; baseline 0.001 -14"><span class='ocrx_word' id='word_1_182' title='bbox 101 2587 144 2628; x_wconf 91' lang='lat' dir='ltr'>in</span> <span class='ocrx_word' id='word_1_183' title='bbox 164 2588 354 2642; x_wconf 86' lang='lat' dir='ltr'>singulos</span> <span class='ocrx_word' id='word_1_184' title='bbox 376 2586 517 2639; x_wconf 83' lang='lat' dir='ltr'>mod0,</span> <span class='ocrx_word' id='word_1_185' title='bbox 548 2587 621 2628; x_wconf 87' lang='lat' dir='ltr'>scd</span> <span class='ocrx_word' id='word_1_186' title='bbox 645 2587 685 2628; x_wconf 92' lang='lat' dir='ltr'>in</span> <span class='ocrx_word' id='word_1_187' title='bbox 707 2587 930 2636; x_wconf 83' lang='lat' dir='ltr'>uniuersos</span> <span class='ocrx_word' id='word_1_188' title='bbox 954 2588 1324 2636; x_wconf 78' lang='lat' dir='ltr'>animaduerteret,</span> <span class='ocrx_word' id='word_1_189' title='bbox 1356 2587 1545 2629; x_wconf 76' lang='lat' dir='ltr'>summa*</span> 
     </span>
     <span class='ocr_line' id='line_1_34' title="bbox 104 2642 1545 2703; baseline 0.001 -16"><span class='ocrx_word' id='word_1_190' title='bbox 104 2645 213 2687; x_wconf 85' lang='lat' dir='ltr'>aeris</span> <span class='ocrx_word' id='word_1_191' title='bbox 262 2644 589 2701; x_wconf 85' lang='lat' dir='ltr'>intemperancia</span> <span class='ocrx_word' id='word_1_192' title='bbox 638 2642 881 2700; x_wconf 84' lang='lat' dir='ltr'>annolrum,</span> <span class='ocrx_word' id='word_1_193' title='bbox 935 2646 1086 2703; x_wconf 90' lang='lat' dir='ltr'>quibus</span> <span class='ocrx_word' id='word_1_194' title='bbox 1128 2645 1326 2688; x_wconf 84' lang='lat' dir='ltr'>Kanutus</span> <span class='ocrx_word' id='word_1_195' title='bbox 1366 2659 1545 2702; x_wconf 87' lang='lat' dir='ltr'>regnum</span> 
     </span>
    </p>
   </div>
   <div class='ocr_carea' id='block_1_13' title="bbox 1603 1907 1702 1939">
    <p class='ocr_par' dir='ltr' id='par_1_13' title="bbox 1603 1907 1702 1939">
     <span class='ocr_line' id='line_1_35' title="bbox 1603 1907 1702 1939; baseline 0 -6"><span class='ocrx_word' id='word_1_196' title='bbox 1603 1915 1632 1939; x_wconf 84' lang='lat' dir='ltr'>p.</span> <span class='ocrx_word' id='word_1_197' title='bbox 1650 1907 1702 1933; x_wconf 78' lang='lat'>596</span> 
     </span>
    </p>
   </div>
   <div class='ocr_carea' id='block_1_14' title="bbox 1578 2632 1736 2702">
    <p class='ocr_par' dir='ltr' id='par_1_14' title="bbox 1578 2632 1736 2702">
     <span class='ocr_line' id='line_1_36' title="bbox 1578 2632 1736 2662; baseline 0.006 -1"><span class='ocrx_word' id='word_1_198' title='bbox 1578 2632 1736 2662; x_wconf 76' lang='lat' dir='ltr'>cxvlllb</span> 
     </span>
     <span class='ocr_line' id='line_1_37' title="bbox 1600 2668 1701 2702; baseline 0.02 -8"><span class='ocrx_word' id='word_1_199' title='bbox 1600 2677 1629 2702; x_wconf 87' lang='lat' dir='ltr'>p.</span> <span class='ocrx_word' id='word_1_200' title='bbox 1649 2668 1701 2696; x_wconf 76' lang='lat'>597</span> 
     </span>
    </p>
   </div>
  </div>
 </body>
</html>
