1884 3126
725 222 993 265 -Π-
1528 231 1576 272 61

252 350 526 406 Distringunt
557 349 735 406 gladios,
771 354 812 393 et
842 355 988 394 acutas
1021 356 1113 395 cote
1145 354 1361 410 bipennes.

252 409 365 458 Quid
384 414 440 463 te,
455 409 683 462 Hiar-uare,
702 409 879 465 loquar?
899 424 1023 465 quem
1038 411 1194 453 Sculda
1208 419 1390 455 nocente
1404 415 1584 470 repleuit

252 467 455 520 Consilio,
487 471 692 522 tantaque
726 467 841 510 dedit
873 466 1123 512 crudescere
1158 472 1310 527 culpa?

253 526 364 575 Quid
398 531 454 577 te,
486 525 672 579 infande,
705 540 867 578 canam,
898 528 1032 569 nostri
1064 528 1312 572 discriminis
1344 534 1504 583 auctor,

86 596 102 623 5
250 581 451 626 Proditor
484 584 628 626 eximii
659 584 785 639 regis,
819 599 943 641 quem
978 600 1082 627 seua
1114 587 1242 630 libido

252 643 426 699 Imperii
456 646 621 685 tentare
654 643 775 685 nefas
807 643 1010 699 furiisque
1043 644 1217 687 citatum

256 701 459 756 Coniugis
492 705 684 743 eternam
717 701 879 757 pepulit
910 703 1165 757 pretendere
1197 707 1382 748 noxarn‘.2

255 760 359 809 Quis
391 766 435 801 te
469 774 584 801 error
615 760 775 802 factum
808 759 942 802 Danis
976 760 1228 818 dominoque
1259 767 1480 806 nocentem

252 817 532 872 Precipitauit
563 818 603 859 in
636 819 716 860 hoc
749 833 889 861 rerum
921 820 1091 861 scelus?
1124 821 1237 863 unde
1269 821 1438 863 subibat

72 886 107 914 10
253 877 454 932 Impietas
486 880 604 919 tanto
637 877 795 919 fraudis
830 882 1074 920 constructa
1107 881 1285 934 paratu?
1617 893 1685 927 (34)

256 935 367 984 Quid
391 935 562 977 moror?
604 935 852 978 Extremam
884 937 967 978 iam
999 937 1317 993 degustauimus
1349 952 1500 981 escam.
1619 961 1646 985 p.
1665 953 1698 978 or.

254 994 350 1036 Rex
385 994 505 1048 perit,
540 998 581 1035 et
611 994 806 1037 miseram
840 1009 931 1036 sors
965 995 1112 1038 ultima
1143 997 1317 1051 corripit
1349 997 1508 1038 urbem.

254 1052 403 1093 Illuxit
434 1065 634 1107 suprema
668 1053 768 1104 dies,
801 1054 880 1095 nisi
911 1054 1020 1095 forte
1052 1055 1144 1110 quis
1176 1055 1278 1097 assit

255 1111 358 1152 Tam
391 1111 542 1162 mollis,
575 1112 649 1166 qui
680 1126 724 1152 se
754 1113 890 1168 plagis
921 1112 1101 1168 prebere
1135 1114 1340 1163 timescat,

78 1177 110 1205 15
257 1170 346 1211 Aut
376 1169 556 1211 imbellis
588 1170 646 1211 ita
678 1173 724 1211 ut
756 1170 916 1212 domini
948 1184 1033 1212 non
1066 1170 1223 1213 audeat
1256 1173 1366 1213 ultor
1612 1185 1710 1216 XIX&

256 1227 361 1270 Esse
395 1228 473 1280 sui,
506 1226 741 1284 dignosque
774 1229 912 1271 animo
943 1229 1179 1285 proscribat
1210 1230 1405 1272 honores

258 1285 322 1327 Tu
355 1300 525 1341 quoque
558 1299 816 1343 consurgens
849 1288 1021 1330 niueum
1055 1294 1181 1343 caput
1213 1303 1353 1342 exere,
1387 1289 1512 1341 Ruta,

259 1344 314 1386 Et
344 1345 520 1386 latebris
554 1358 724 1399 egressa
756 1347 839 1388 tuis
872 1346 914 1387 in
946 1347 1077 1402 prelia
1109 1347 1241 1401 prodi.

262 1402 397 1444 Cedes
429 1407 471 1444 te
502 1402 604 1445 foris
637 1409 732 1446 acta
765 1409 903 1446 uocat.
966 1405 1056 1446 Iam
1090 1405 1204 1446 curia
1234 1405 1352 1447 bellis

77 1467 113 1494 ‘20
261 1460 523 1515 Concutitur,
556 1461 734 1517 diroque
766 1467 962 1519 strepunt
995 1464 1225 1506 certamine
1257 1468 1393 1519 porte.

261 1520 434 1561 Loricas
466 1520 626 1561 lacerat
655 1522 827 1575 ferrum,
861 1522 1112 1578 dirumpitur
1144 1522 1292 1563 hamus

261 1578 440 1630 Nexilis,
464 1584 515 1620 et
549 1580 694 1621 crebro
726 1580 884 1622 cedunt
915 1580 1138 1636 precordia
1171 1581 1269 1621 telo.

262 1637 353 1678 Iam
387 1637 585 1693 clypeum
616 1638 729 1693 regis
764 1642 882 1681 uaste
915 1640 1104 1680 minuere
1137 1652 1325 1686 secures3

263 1695 354 1737 Iam
386 1695 502 1749 longi
534 1701 735 1738 resonant
769 1711 907 1750 enses,
940 1697 1203 1753 crepitatque
1236 1695 1426 1752 bipennis

78 1758 115 1786 25
262 1753 474 1796 Humanis
506 1754 691 1809 impacta
723 1755 924 1808 humeris,
958 1760 998 1796 et
1030 1761 1202 1811 pectora
1234 1755 1411 1797 findens.

263 1811 375 1860 Quid
407 1813 603 1867 pauitant
637 1812 796 1854 animi?
840 1814 953 1870 quid
973 1815 1166 1856 hebescit
1198 1813 1423 1868 languidus
1458 1811 1597 1853 ensis?

262 1870 396 1912 Porta
427 1876 554 1913 uacat
584 1872 752 1924 nostris,
786 1877 963 1914 externo
997 1873 1124 1929 plena
1155 1873 1352 1914 tumultu.

289 1963 479 2020 Cumque
504 1964 650 2006 Hialto
674 1979 828 2020 magna
850 1965 903 2006 ad
927 1965 1095 2006 modum
1119 1968 1261 2019 strage
1288 1963 1400 2005 edita
1423 1962 1598 2018 prelium

151 2026 425 2075 cruentasset,
450 2023 576 2064 tercio
599 2023 922 2065 tabernaculum
945 2023 1164 2065 Biarconis
1194 2022 1440 2074 offenderat,
1473 2034 1597 2075 quem

84 2095 121 2123 30
151 2086 292 2123 metus
315 2094 443 2122 causa
466 2081 640 2123 auidum
663 2082 815 2137 quietis
838 2087 953 2124 ratus
977 2081 1048 2123 tali
1076 2080 1246 2136 ignauie
1269 2079 1599 2136 exprobracione

151 2142 388 2194 pertentat:

267 2219 327 2262 Vt
360 2220 458 2275 quid
490 2221 592 2263 abes
623 2221 808 2264 Biarco?
841 2237 941 2264 num
973 2226 1015 2264 tc
1046 2236 1175 2278 sopor
1209 2224 1388 2276 occupat
1419 2218 1558 2262 altus?

270 2279 383 2327 Quid
404 2278 492 2333 tibi,
525 2293 669 2335 queSO,
696 2295 814 2322 more
836 2282 932 2323 est?
964 2281 1054 2322 Aut
1072 2281 1154 2334 exi,
1178 2283 1250 2321 aut
1273 2280 1368 2333 igne
1384 2276 1597 2334 premeris.

268 2336 391 2392 Elige
421 2338 535 2393 quod
566 2339 748 2394 prestat!
770 2339 865 2380 eia!
898 2339 1134 2381 concurrite
1169 2336 1354 2379 mecum!
1627 2340 1705 2375 ι’·θῖ

87 2409 123 2437 35
205 2398 213 2399 ’
269 2395 376 2449 Igne
408 2409 529 2438 ursos
561 2409 707 2440 arcere
738 2397 860 2449 licet3
893 2397 1129 2453 penetralia
1159 2396 1338 2438 flammis

273 2453 546 2509 Smrgamus,
578 2455 825 2511 primosque
857 2460 1008 2511 petant
1038 2454 1233 2498 incendia
1263 2457 1421 2508 postes.

270 2511 468 2567 Excipiat
501 2517 658 2554 torrem
690 2513 918 2567 thalamus,
950 2514 1145 2570 tectique
1169 2513 1289 2554 ruina

270 2569 526 2611 Fomentum
558 2571 749 2625 flammis,
783 2576 825 2613 et
857 2571 1009 2613 alendo
1043 2572 1220 2628 prebeat
1250 2569 1347 2624 igni.

271 2627 469 2670 Fundere
500 2629 710 2671 damnatis
742 2629 804 2672 fas
838 2634 903 2673 est
934 2630 1128 2672 incendia
1160 2628 1305 2685 portis.
