1884 3126
683 292 732 297 —
792 267 932 311 XIIII
993 293 1038 299 -
1503 273 1584 316 587

143 409 236 437 esse
268 394 477 447 crederet,
510 394 693 437 demisso
727 410 791 449 eo,
825 397 1097 440 domesticum
1129 400 1170 440 in
1210 403 1375 454 portum
1409 401 1585 455 remigio

141 453 351 510 peruenit.
427 453 495 495 Ita
542 467 626 495 non
673 454 810 496 minus
858 456 1026 510 ingenio
1072 472 1149 499 suo
1201 472 1327 513 quam
1379 459 1586 501 sociorum

143 511 305 553 uiribus
336 511 535 563 adiutus,
571 513 725 567 partim
765 527 790 554 a
828 513 1099 568 fortitudine,
1142 516 1292 570 partim
1333 516 1387 557 ab
1426 517 1586 558 astucia

147 569 371 625 presidium
404 574 622 611 mutuatus
654 574 731 612 est.
1468 569 1470 571 ’

73 639 90 666 5
279 627 448 669 Interea
479 641 568 679 reX,
601 628 893 680 Rugianorum
926 630 1059 672 classe
1092 635 1254 683 auctus,
1285 646 1445 687 perque
1479 632 1587 673 ostia
1641 636 1733 670 (333)

141 685 286 737 aminis
319 685 528 742 Z[y]wine
557 687 853 729 Pomeraniam
886 688 1112 741 ingressus,
1144 689 1270 730 Iulini
1303 689 1459 745 oppidi,
1492 691 1582 745 ipso
1640 704 1666 729 p·
1687 695 1737 721 85⁷

139 745 322 795 intacto,
366 744 548 790 confinia
597 746 839 800 populatur.
903 745 1066 787 Deinde
1119 747 1171 788 ad
1221 748 1393 788 fluuium
1447 748 1586 791 Iulino

143 802 404 857 Caminoque
428 803 631 854 iunctum,
665 803 917 845 uniformem
941 804 1167 860 principiis,
1191 806 1306 847 ostiis
1330 806 1587 861 bipertitum,

140 861 259 916 regia
283 860 417 901 classe
438 860 722 916 progreditur.
758 860 886 902 Cuius
910 863 1233 916 nauigacionem
1257 864 1402 904 crebra
1424 864 1585 918 sepium

74 930 109 957 10
141 919 365 960 obstacula
396 933 420 959 a
452 919 731 973 piscatoribus
764 919 905 961 defixa
938 919 1150 962 difficilem
1185 921 1409 963 faciebant.
1474 923 1587 963 Pons

143 991 313 1032 quoque
345 977 587 1032 prelongus,
620 977 746 1018 Iulini
779 977 971 1019 menibus
1003 980 1243 1033 contiguus,
1281 979 1421 1021 media
1453 980 1585 1021 amnis

139 1035 414 1077 intercisione
444 1034 780 1089 transicione<m>
811 1037 1067 1085 coarctabat,
1107 1038 1209 1078 citra
1242 1052 1379 1092 quem,
1411 1038 1585 1093 impedi-

140 1093 294 1135 mentis
316 1093 577 1147 urgentibus,
608 1097 903 1148 pernoctatum
927 1099 1002 1137 est.
1053 1095 1181 1136 Mane
1203 1109 1278 1135 rex
1302 1096 1585 1137 continentem

141 1165 383 1206 aggressus,
416 1166 470 1193 ex
501 1151 683 1193 aduerso
717 1151 831 1193 urbis
863 1152 903 1193 in
938 1153 1027 1207 ripa
1059 1154 1235 1194 australi
1257 1158 1428 1207 pontem
1453 1154 1585 1195 disiici

74 1222 107 1250 15
138 1209 269 1250 iussit.
303 1208 390 1250 Ncc
405 1209 551 1250 minori
565 1209 908 1251 Sialandensibus
923 1209 1330 1266 piscatoriaslsepes
1346 1212 1586 1253 conuellere
1643 1230 1669 1254 r·
1688 1221 1739 1247 858

139 1267 278 1309 studio
320 1267 412 1309 fuit.
482 1267 600 1316 Quos
642 1266 760 1309 cum*
796 1267 1046 1320 IulinenseS,
1080 1283 1156 1324 per
1190 1270 1403 1310 occultum
1440 1270 1580 1325 pontis
1602 1278 1824 1307 CLXXXfflb

139 1325 364 1367 transitum
388 1326 532 1367 cimbis
549 1326 746 1381 prolapsi,
769 1327 1006 1381 propellere
1023 1328 1270 1378 niterentur,
1290 1328 1492 1378 Absalon,
1516 1328 1585 1383 qui

139 1383 263 1425 simul
296 1397 389 1424 cum
420 1398 519 1438 rege
541 1384 672 1439 ripam
697 1384 961 1438 ascenderat,
996 1385 1143 1427 alienis
1163 1386 1343 1439 nauigiis
1367 1387 1582 1440 correptis,

140 1446 425 1496 opportunum
482 1441 539 1483 eis
591 1442 822 1497 presidium
882 1443 1035 1484 attulit.
1115 1443 1165 1484 In
1218 1444 1333 1485 cuius
1389 1445 1582 1500 clypeum

69 1512 106 1539 20
139 1500 331 1541 coniecta
371 1500 457 1541 tela
496 1500 636 1541 inania
679 1500 906 1553 cadebant,
956 1502 1166 1543 sociorum
1209 1502 1336 1543 scutis
1376 1502 1583 1543 immissas

139 1558 337 1612 cuspides
368 1559 693 1601 retentantibus.
742 1557 919 1614 Cunque
943 1560 1031 1601 eius
1055 1560 1282 1613 nauigium,
1304 1559 1400 1600 huic
1423 1564 1583 1614 specta-

139 1615 231 1658 culo
263 1617 408 1670 procul
439 1616 673 1668 intentum,
718 1617 916 1659 hortante
949 1632 1069 1671 rege,
1110 1619 1282 1672 propius
1321 1618 1583 1671 accessisset,

139 1673 320 1728 repulsis
352 1674 547 1716 hostibus
579 1675 826 1730 ingentique
858 1676 1000 1731 pontis
1032 1680 1153 1730 parte
1187 1676 1413 1726 conuulsa,
1446 1679 1585 1716 cetere

138 1732 260 1774 classi
291 1732 522 1786 nauigandi
554 1734 633 1774 iter
664 1733 876 1775 tribuitur.
940 1734 1078 1782 Quam
1122 1748 1216 1774 cum
1261 1733 1459 1788 oppidani
1491 1747 1583 1787 pre-

67 1803 106 1831 25
137 1794 374 1832 tereuntem
419 1790 585 1846 scaphis
618 1792 906 1845 incesserent,
950 1792 1139 1834 Absalon
1181 1797 1221 1833 et
1253 1792 1369 1833 Suno
1411 1792 1583 1846 cymbas

138 1862 236 1890 suas
269 1848 499 1902 sagittariis
533 1849 765 1902 completas
799 1850 856 1890 eis
891 1849 1106 1891 obiiciunt.
1170 1852 1422 1904 Ancepsqne
1463 1862 1581 1890 exer-

138 1906 286 1948 citacio
301 1911 390 1948 erat
404 1907 612 1948 nauiculis
630 1907 746 1948 uario
762 1911 1068 1949 tormentorum
1082 1922 1239 1962 genere
1256 1906 1582 1948 decertantibus.

137 1964 300 2006 Verum
334 1968 382 2005 ut
412 1964 698 2007 Inlinensibus
721 1965 938 2020 oppidum,
969 1967 1028 2007 ita
1059 1967 1213 2007 nostris
1241 1966 1385 2007 classis
1416 1964 1581 2018 refugio

137 2022 232 2063 fuit.
294 2021 361 2063 Ad
396 2022 589 2064 ultimum
624 2024 826 2065 cedentes
869 2024 1176 2079 oppidanorum
1218 2022 1373 2078 scaphe
1405 2022 1583 2063 liberum

70 2092 107 2120 30
137 2080 260 2121 classi
291 2094 561 2135 progressum
596 2081 763 2122 dedere.
826 2082 962 2130 Quam
996 2096 1090 2123 cum
1124 2081 1237 2123 Suno
1278 2081 1486 2136 posterius
1518 2094 1581 2120 se-

137 2142 363 2193 queretur,
399 2138 609 2194 quendam
642 2154 664 2181 e
705 2139 1006 2193 Inlinensibus,
1039 2140 1293 2181 insolencius
1324 2139 1415 2193 ripe
1444 2138 1580 2178 incur-

137 2200 313 2246 santem,
343 2197 478 2239 eiecto
502 2197 681 2239 vballista
712 2198 874 2253 spiculo
897 2198 1136 2250 interemit,
1169 2198 1292 2252 eique
1324 2211 1423 2237 mox
1454 2196 1580 2236 alium

137 2254 365 2296 subuenire
398 2260 624 2297 conantem
667 2255 788 2297 simili
831 2256 914 2296 ictu
948 2256 1189 2310 prostrauit.
1262 2255 1454 2303 Quorum
1496 2267 1583 2295 cor--

138 2325 243 2366 pora
288 2312 488 2366 totidem,
536 2314 653 2354 ocius
699 2318 994 2367 accurrentes,
1040 2313 1224 2355 humeris
1271 2312 1356 2353 suis
1402 2315 1581 2365 excepta

68 2382 105 2411 35
137 2369 357 2411 celerrime
389 2369 684 2425 deportarunt.
747 2370 926 2426 Ounque
958 2376 1125 2414 nostros
1150 2372 1202 2411 ob
1225 2370 1266 2411 id
1293 2369 1451 2410 factum
1474 2382 1580 2409 unus

138 2442 191 2469 ex
207 2427 449 2483 oppidanis,
471 2429 647 2484 perinde
670 2442 718 2469 ac
740 2429 949 2470 sociorum
976 2442 1119 2471 necem
1145 2427 1377 2470 maledictis
1401 2426 1579 2479 ulturus,

136 2485 352 2527 acerbiore
386 2487 576 2530 conuicio
607 2489 917 2541 insequeretur,
949 2493 1149 2542 proterue
1172 2500 1268 2528 eum
1290 2484 1579 2526 Guthskalcus

136 2557 264 2598 agere
295 2543 567 2599 predicabat,
600 2545 714 2600 quod
757 2545 886 2595 dona,
931 2559 1012 2600 que
1051 2545 1091 2585 in
1135 2544 1238 2584 alios
1282 2544 1392 2584 ultro
1425 2542 1580 2583 collata

137 2603 422 2657 conspexerit,
445 2603 755 2645 contumeliosa
777 2603 999 2645 uerborum
1018 2602 1225 2643 uiolencia
1242 2600 1406 2655 assequi
1426 2599 1580 2654 cupiat.

67 2671 104 2699 40
134 2657 244 2700 Nam
287 2673 382 2701 cum
424 2659 530 2702 duos
573 2674 722 2703 eorum
762 2660 926 2716 pedites
964 2675 990 2702 a
1036 2660 1188 2701 nostris
1237 2658 1401 2713 equites
1445 2657 1580 2699 factos
