1884 3126
123 886 156 913 10

119 1177 154 1205 15

115 1468 154 1495 20

112 2046 150 2075 30

112 2338 149 2365 35

111 2629 148 2656 40

766 242 816 246 -
878 217 950 259 III
1010 244 1062 250 —-
1585 224 1637 265 87

189 346 359 401 incidit3
393 360 474 402 que
506 361 598 389 sors
631 346 743 388 omni
774 346 860 389 fato
893 348 1052 390 tristior
1084 349 1179 390 duci
1211 350 1340 402 solet,
1379 350 1495 417 quod
1528 365 1638 393 mors

191 405 378 447 omnium
426 405 670 447 memoriam
711 405 845 457 tollat,
897 406 1047 448 uiuens
1095 423 1198 450 uero
1246 409 1404 463 proprii
1452 410 1637 464 corporis

189 470 376 519 stragem
418 464 635 518 negligere
680 468 875 519 nequeat
938 465 1034 506 Iloc
1065 480 1233 521 quoque
1265 467 1419 507 malum
1453 481 1533 522 ope
1568 482 1638 508 ex-

189 520 430 577 cipiendum
466 526 541 564 est.
604 521 844 563 Conueniat
876 522 1026 577 igitur,
1058 524 1232 566 alterius
1264 525 1317 565 ab
1349 525 1482 566 altero
1514 525 1636 566 lesio-

188 595 282 622 nem
325 579 443 621 denis
486 579 576 621 auri
624 580 793 621 talentis
826 581 981 623 sarci1i.
1043 581 1153 623 Nam
1185 583 1226 623 si
1249 583 1365 637 pium
1398 587 1461 624 est
1492 583 1638 625 alienis

189 638 503 680 calamitatibus
551 638 760 693 compati,
814 643 972 693 quanto
1021 640 1154 694 magis
1197 641 1376 695 propriis
1423 641 1637 682 misereri?

188 696 324 739 Nemo
359 702 510 738 nature
552 710 638 738 non
684 697 888 751 consulit3
932 712 1055 753 quam
1089 699 1159 753 qui
1190 698 1381 754 negligit,
1414 700 1478 740 sui
1510 699 1638 755 parri-

188 755 283 797 cida
316 759 393 797 est,

329 812 378 853 In
409 812 489 854 hec
520 813 620 855 data
652 818 916 869 acceptaque
953 814 1047 867 fide,
1075 828 1263 869 pugnam
1285 815 1444 856 ineunt.
1487 814 1638 871 Neque

187 871 297 913 enim
329 871 389 913 eis
421 877 494 913 aut
534 873 670 913 mutui
710 886 908 914 occursus
949 873 1139 926 nouitas,
1183 878 1255 914 aut
1301 874 1516 914 uei-nantis
1558 874 1638 915 loci

185 930 436 981 iocunditas,
471 944 554 986 quo
587 931 725 972 minus
758 931 866 972 inter
897 946 942 973 se
974 931 1085 973 ferro
1110 935 1396 981 occurrerent,
1429 932 1638 986 respectui

186 988 279 1030 fuit.
329 988 662 1041 Horwendillus,
695 990 928 1044 appetendi
959 989 1104 1039 hostis,
1139 1003 1265 1044 quam
1300 990 1514 1030 muniendi
1550 1003 1638 1031 cor-

188 1046 297 1101 poris
330 1046 456 1088 nimio
490 1047 617 1087 animi
649 1047 790 1088 calore
822 1047 987 1089 auidior
1020 1047 1232 1101 redditus,
1278 1047 1472 1102 neglecta
1503 1047 1638 1102 clypei

185 1118 301 1158 cura,
333 1105 479 1146 ambas
510 1105 624 1147 ferro
658 1106 1055 1148 manusiniecerat.
1118 1104 1208 1147 Nec
1249 1106 1425 1147 audacie
1458 1111 1636 1147 euentus

186 1162 334 1204 defuit.
387 1163 603 1205 Collerum
633 1164 856 1219 siquidem,
888 1169 1007 1207 scuto
1041 1164 1200 1206 crebris
1233 1164 1383 1205 ictibus
1414 1164 1636 1219 absumpto

185 1221 425 1276 spoliatum,
459 1221 631 1264 desecto
656 1222 829 1263 tandem
862 1222 971 1277 pede
998 1220 1247 1277 exanilmem
1272 1221 1461 1263 occidere
1485 1223 1635 1276 coegit.

187 1280 350 1334 Quem,
392 1293 445 1321 ne
485 1285 611 1336 pacto
653 1281 840 1327 abesset,
886 1282 1001 1335 regio
1044 1280 1195 1323 funere
1238 1281 1393 1321 elatum
1425 1280 1638 1334 magnifici

184 1339 323 1393 operis
356 1339 533 1390 tumulo,
566 1340 815 1394 ingentique
849 1340 1128 1394 exequiarum
1155 1343 1362 1394 apparatu
1383 1343 1636 1393 prosecutus

185 1401 260 1438 est.
323 1396 493 1438 Deinde
524 1411 714 1439 sororum
747 1398 857 1446 eius,
892 1397 1033 1439 Seiam
1065 1399 1257 1450 nomine,
1299 1396 1483 1452 piraticis
1516 1410 1634 1437 exer-

185 1455 311 1496 citam
342 1455 482 1502 rebus
514 1469 564 1497 ac
595 1455 734 1497 bellici
763 1456 943 1511 peritam
967 1456 1165 1508 muneris,
1198 1458 1446 1511 persecutus
1471 1453 1633 1496 occidit

321 1513 567 1555 Triennium
589 1513 829 1555 fortissimis
853 1514 1003 1555 milicie
1027 1514 1224 1569 opeiibus
1249 1526 1461 1565 emensus,
1495 1512 1633 1566 opima

183 1571 318 1637 spolia
351 1568 642 1638 deiectamque
673 1572 848 1628 predam
881 1573 1038 1614 Rorico
1071 1572 1267 1625 destinat,
1301 1585 1383 1626 quo
1428 1546 1506 1612 sibi
1538 1584 1633 1624 pro-

182 1630 346 1685 piorem
379 1630 567 1672 amicicie
601 1631 690 1671 eius
722 1630 903 1685 gradum
931 1631 1225 1673 conscisceret.
1269 1629 1397 1671 Cuius
1420 1628 1631 1670 familiari-

183 1692 271 1729 tate
303 1688 458 1742 tultus,
499 1688 582 1729 filie
615 1687 727 1730 eius*
758 1689 949 1731 Greruthe
982 1689 1239 1730 connubium
1269 1686 1531 1743 impetrauit,
1574 1700 1626 1727 ex

183 1759 265 1801 qua
296 1746 429 1787 filium
461 1747 708 1788 Amlethum
742 1747 927 1788 sustulit.

319 1803 457 1846 Tante
486 1804 697 1846 felicitatis
728 1804 890 1847 inuidia
921 1819 1123 1847 accensus
1154 1803 1303 1859 Fengo
1353 1803 1528 1844 fratrem
1570 1802 1629 1842 in-

181 1861 295 1904 sidiis
319 1862 623 1905 circumuenire
647 1863 878 1905 constituit.
923 1863 1044 1904 Adeo
1067 1878 1119 1904 ne
1145 1877 1168 1903 a
1193 1861 1440 1905 necessariis
1462 1859 1630 1915 quidem

181 1934 331 1962 secura
362 1925 427 1962 est
458 1921 607 1963 uirtus.
669 1921 728 1962 At
759 1921 831 1962 ubi
863 1921 988 1963 datus
1020 1920 1243 1976 parricidio
1276 1920 1416 1968 locus,
1457 1922 1630 1960 cruenta

180 1993 309 2020 manu
352 1978 563 2020 funestam
596 1979 746 2020 mentis
780 1979 996 2021 libidinem
1028 1979 1217 2021 saciauit.
1280 1977 1497 2019 Trucidati
1529 1990 1630 2031 quo-

181 2050 262 2092 que
283 2037 423 2078 fratris
444 2051 577 2079 uxore
598 2038 774 2092 potitus,
804 2039 1014 2080 incestum
1046 2037 1268 2103 parricidio
1302 2036 1464 2078 adiecit.
1510 2034 1630 2082 Quis-

182 2095 274 2151 quis
308 2094 416 2137 enim
450 2096 523 2138 uni
552 2111 597 2138 se
628 2096 793 2151 flagicio
840 2096 1017 2145 dederit,
1050 2096 1091 2137 in
1124 2095 1237 2136 aliud
1272 2109 1366 2137 mox
1400 2093 1627 2157 procliuior

180 2154 287 2206 ruit3
319 2154 378 2194 ita
409 2147 592 2196 alterum
623 2154 795 2196 alteiius
839 2154 1158 2196 incitamentum
1191 2157 1264 2194 est.
1326 2152 1442 2193 Idem
1477 2150 1628 2192 atroci-

181 2216 313 2253 tatem
346 2211 445 2253 facti
477 2216 596 2253 tanta
628 2212 872 2254 calliditacis
915 2213 1092 2254 audacia
1125 2212 1242 2263 texit,
1277 2215 1322 2252 ut
1353 2209 1521 2251 sceleris
1555 2222 1626 2249 ex-

180 2269 446 2311 cusacionem
481 2270 775 2312 beniuolencie
815 2271 1090 2313 simulacione
1122 2274 1420 2323 componeret,
1461 2266 1629 2322 parrici-

180 2327 381 2382 diumque
426 2328 595 2383 pietatis
637 2329 807 2370 nomine
854 2330 1074 2370 color-,aret
1135 2327 1366 2369 Gerutham
1410 2323 1629 2388 siquidem,

181 2399 423 2440 quanquam
447 2389 562 2426 tante
592 2387 926 2429 mansuetudinis
961 2391 1084 2439 esset,
1118 2391 1166 2427 ut
1187 2385 1398 2426 neminem
1421 2382 1490 2423 uel
1513 2380 1628 2422 tenui

179 2444 340 2485 lesione
389 2444 688 2496 commouerit,
735 2444 1071 2486 incitatissimum
1115 2448 1255 2485 tamen
1302 2440 1438 2482 mariti
1485 2439 1627 2480 odium

182 2506 415 2556 expertam,
447 2502 741 2569 saluandeque
774 2502 863 2544 eius
894 2503 1033 2569 gracia
1056 2497 1226 2542 fratrem
1248 2514 1271 2540 a
1293 2513 1339 2541 se
1359 2497 1627 2539 interfectum

180 2559 360 2613 dicebat,
395 2559 508 2615 quod
531 2560 795 2602 mitissimam
819 2565 861 2601 et
881 2561 969 2603 sinc
993 2560 1092 2601 felle
1113 2558 1311 2600 feminam
1333 2555 1628 2611 grauissimum

181 2617 259 2659 ui1i
302 2617 581 2674 supercilium
624 2619 791 2675 perpeti
833 2619 1052 2674 indignum
1098 2617 1321 2661 uideretur.
1383 2613 1472 2657 Nec
1511 2612 1630 2654 irrita

1708 823 1778 857 (49)

1692 1237 1718 1261 p.
1740 1229 1788 1255 1:38

1658 1690 1805 1720 xxvnb
