1884 3126
172 930 204 958 10

168 2091 204 2119 30

237 208 321 251 232
800 234 853 239 -
914 208 1003 251 VII
1065 232 1115 240 -

375 336 603 379 Exteriore
633 336 744 379 bono
776 337 1151 393 uulgarisfallitur
1182 350 1298 390 aura,

443 395 654 450 Rectique
685 409 877 437 normam
906 395 1102 451 negligit3

376 451 434 495 At
462 452 586 495 michi
618 467 796 495 censura
826 453 961 495 uirtus
992 453 1164 510 pociore
1195 452 1412 509 probatur,

445 510 599 567 Spreta
631 511 795 554 decoris
826 511 981 567 gracia.

377 627 472 675 Que
514 641 602 669 uox
634 628 692 669 ita
723 626 778 670 ad
810 627 1043 670 astancium
1075 641 1198 670 aures
1231 626 1429 682 delapsa,
1473 631 1521 668 ut
1560 626 1679 682 Hag-

236 684 411 727 barthus
443 684 639 728 Hakonis
670 685 832 727 laudari
865 686 1073 728 uocabulo
1105 689 1340 741 putaretur.
1397 685 1439 726 A
1471 699 1554 740 qua
1586 700 1678 727 cum

237 743 529 798 Hildegisleus
566 743 869 799 Hagbarthum
900 743 980 786 sibi
1010 744 1220 799 prelatum
1264 743 1459 785 dolenter
1501 743 1680 794 tulisset,

237 801 471 843 Bolwisum
517 802 728 858 quendam
775 802 1003 844 luminibus
1046 806 1215 857 captum
1259 801 1503 843 muneribus
1549 801 1680 851 illicit,

239 860 310 915 qui
351 858 502 915 Sygari
542 864 583 901 et
623 859 842 902 Hamundi
883 860 992 901 filios
1033 859 1086 901 ad
1124 859 1334 902 amicicias
1376 859 1472 901 odio
1513 873 1680 915 permu-

235 917 386 959 tandas
425 917 669 961 adduceret.
739 918 836 961 Rex
878 918 1034 973 quippe
1078 917 1252 972 Sigarus
1293 932 1441 960 senum
1484 917 1680 972 duorum,

237 990 418 1032 quorum
450 976 556 1018 alter
586 976 794 1019 Bolwisus
837 979 950 1024 erat,
993 976 1165 1018 consilio
1209 979 1360 1018 cuncta
1401 975 1487 1018 fere
1529 989 1680 1030 gerere

237 1039 531 1076 consueuerat.
592 1035 762 1077 Horum
794 1038 882 1076 tam
913 1033 1074 1076 discors
1105 1033 1320 1089 ingenium
1351 1034 1452 1084 fuit,
1495 1038 1542 1075 ut
1573 1034 1679 1076 alter

235 1092 466 1135 inimiciciis
499 1091 752 1136 dissidentes
784 1093 827 1134 in
858 1093 1042 1146 graciam
1083 1091 1286 1134 reducere
1324 1091 1472 1133 solitus
1515 1095 1638 1143 esset,
1672 1089 1677 1147 Ι

237 1150 359 1192 alteri
391 1164 492 1193 cure
514 1151 625 1193 foret
657 1151 845 1193 amicicia
865 1151 1030 1192 iunctos
1066 1149 1162 1191 odio
1185 1153 1449 1206 sequestrare
1474 1153 1515 1192 et
1538 1150 1680 1192 simul-

192 1221 208 1248 5
238 1213 375 1250 tatum
407 1213 550 1263 pestes
593 1209 765 1251 alternis
796 1208 1006 1252 uentilare
1037 1207 1232 1250 dissidiis.
1301 1208 1493 1249 Primum
1535 1208 1679 1264 itaquo

237 1266 447 1309 Bolwisus
480 1266 593 1323 apud
626 1267 777 1322 Sygari
808 1266 914 1308 filios
946 1265 1167 1308 Hamundi
1208 1266 1399 1308 sobolem
1438 1267 1564 1321 pleno
1606 1266 1678 1308 ob-

237 1324 504 1366 trectacionis
535 1324 755 1367 mendacio
787 1324 1014 1376 lacerabat,
1049 1323 1282 1379 affirmans,
1319 1337 1412 1365 eam
1450 1338 1679 1380 numquam

237 1382 322 1424 fida
343 1397 449 1438 pace
481 1383 692 1426 societatis
714 1384 807 1425 iura
838 1396 1011 1425 seruare
1033 1382 1210 1437 solitam,
1241 1382 1352 1424 bello
1385 1383 1531 1438 pocius
1553 1397 1680 1438 quam

237 1440 380 1483 federe
411 1441 722 1484 continendam.
792 1441 946 1496 Itaque
981 1440 1186 1482 iuuenum
1226 1441 1426 1496 paccione
1464 1443 1679 1496 perrupta,

168 1511 184 1538 2
238 1498 410 1540 Helas-m
432 1503 474 1541 et
494 1499 765 1550 Hamundus,
785 1498 1040 1554 Hagbartho
1061 1499 1208 1554 procul
1230 1502 1396 1553 agente,
1418 1498 1556 1554 Sigari
1585 1498 1679 1540 filiis

237 1557 318 1598 Alf
356 1560 399 1598 et
434 1557 618 1612 Algero,
660 1557 841 1613 prelium
880 1556 1178 1610 inferentibus,
1218 1556 1331 1613 apud
1373 1562 1568 1612 portum,
1609 1556 1680 1612 qui

237 1614 361 1656 Sinus
393 1614 615 1657 Hamundi
647 1615 818 1670 dicitur,
861 1614 1167 1671 opprimuntur.
1242 1615 1359 1663 Quos
1400 1614 1680 1670 Hagbarthus

237 1676 331 1728 post
377 1673 552 1715 modum
594 1673 769 1729 integris
818 1673 979 1715 uiribus
1030 1673 1333 1728 superueniens
1376 1673 1416 1714 in
1472 1673 1679 1714 ulcionem

237 1730 415 1772 fratrum
447 1731 558 1774 bello
591 1732 865 1787 consumpsit.
923 1729 1255 1786 Hildigis[i]leus
1273 1730 1418 1772 ambas
1449 1734 1570 1773 nates
1592 1731 1676 1773 telo

167 1800 205 1828 25
235 1789 437 1831 traiectus
469 1789 662 1832 elabitur.
725 1790 819 1838 Que
848 1803 914 1831 res
947 1789 1288 1831 insectandorum
1318 1788 1403 1830 risu
1434 1787 1679 1831 Teutonum

238 1847 402 1890 occasio
435 1848 588 1902 extitit,
621 1848 731 1903 quod
764 1846 979 1903 opprobrii
1010 1850 1113 1889 nota
1145 1846 1268 1902 plage
1306 1845 1552 1889 deformitas
1593 1860 1676 1889 non

235 1909 412 1948 careret.

373 1964 480 2006 Post
501 1963 580 2006 hec
601 1963 880 2018 Hagbarthus
912 1962 1107 2004 muliebri
1127 1975 1281 2018 corpus
1314 1962 1428 2003 cultu
1454 1962 1678 2016 instruens,

234 2026 437 2079 tanquam
469 2021 605 2077 Sigari
636 2022 767 2063 filiam
798 2021 986 2063 fraterna
1017 2020 1136 2062 clade
1168 2034 1252 2063 non
1279 2020 1436 2073 leserit,
1467 2020 1678 2063 solitarius

237 2095 330 2123 eam
367 2084 541 2136 accepte
580 2078 871 2137 promissionis
912 2078 1066 2120 fiducia
1104 2078 1276 2134 repetit,
1316 2077 1411 2133 plus
1442 2078 1678 2121 securitatis

236 2153 289 2181 ex
321 2139 452 2195 ipsius
489 2138 592 2191 fide,
637 2152 765 2194 quam
796 2151 873 2180 suo
913 2136 1098 2178 facinore
1138 2135 1370 2178 formidinis
1413 2136 1675 2179 contrahens

235 2196 359 2239 Adeo
390 2196 522 2238 libido
553 2196 787 2251 periculum
819 2194 1060 2237 contemnit.
1106 2193 1162 2236 Et
1191 2208 1244 2236 ne
1274 2193 1531 2250 profeccioni
1552 2208 1679 2236 causa

236 2254 385 2297 deesse
416 2253 649 2309 uideretur,
681 2266 919 2310 pugnacem
949 2251 1139 2294 Haconis
1182 2252 1381 2294 famulam
1423 2252 1677 2309 profitendo,

235 2313 500 2368 legacionem
534 2312 624 2355 eius
667 2311 721 2353 ad
753 2311 948 2367 Sigarum
978 2309 1166 2366 perferre
1206 2324 1251 2352 se
1293 2309 1410 2352 dixit.
1485 2310 1677 2366 Cumque

189 2381 205 2408 5
235 2375 366 2413 noctu
395 2371 504 2412 inter
535 2369 810 2426 pedissequas
852 2369 1037 2411 cubitum
1069 2367 1346 2423 reciperetur,
1385 2368 1600 2424 pedesque
1639 2368 1678 2410 ei

235 2428 289 2470 ab
330 2428 536 2471 ancillulis
578 2427 750 2470 lauandi
793 2426 930 2469 officio
971 2429 1336 2482 pertergerentur,
1375 2428 1675 2481 interrogatus,

237 2486 336 2541 quid
369 2485 546 2541 hispidis
579 2485 686 2528 adeo
720 2484 909 2540 cruribus
943 2488 1055 2527 esset
1085 2498 1322 2540 manusque
1355 2499 1504 2541 parum
1533 2483 1675 2531 blandi

238 2543 679 2606 contactus-haberet,
709 2543 790 2585 hoc
822 2542 949 2585 modo
983 2541 1222 2606 respondit:

1716 344 1843 375 LXlx·

1734 1165 1761 1191 p.
1783 1157 1832 1184 341
