1884 3126
72 618 89 644 5

51 908 88 935 10

51 1198 88 1225 15

51 1487 88 1515 20

51 1776 89 1804 25

52 2065 90 2093 30

52 2353 88 2382 35

53 2643 90 2671 40

656 271 707 277 -
770 244 908 287 XIIII
970 270 1020 276 μ
1070 237 1074 242 ’
1479 248 1556 289 611

120 372 310 427 periculo
357 387 500 414 omnes
543 387 648 428 equo
694 374 908 428 pulsantc;
959 376 1245 431 perissentquc
1291 377 1441 428 nostri,
1484 377 1561 418 nisi

121 431 362 485 tempestati
404 431 552 472 cedere
593 433 930 474 maturauissent.
1002 434 1139 488 Igitur
1181 435 1344 484 Sclaui,
1374 448 1470 475 cum
1499 448 1562 476 re-

121 488 251 542 migio
275 487 501 529 aduersum
522 488 733 530 undarum
764 490 963 531 seuiciam
985 491 1159 532 eluctari
1180 493 1414 547 nequirent,
1446 492 1562 534 uelo-

121 559 202 600 que
233 545 312 587 sibi
345 547 560 587 consulere
591 547 760 597 uellent,
792 549 1053 602 tempestatis
1083 549 1374 603 magnitudine
1406 551 1562 592 euersis

118 604 301 658 nauigiis
332 603 648 658 mergebantur.
710 605 898 653 Quorum
928 607 1249 660 periclitacionis
1287 608 1563 649 certissimum

121 661 321 703 indicium
373 662 519 703 crebra
570 667 816 717 pyratarum
866 664 1039 704 nauium
1093 664 1331 719 fragmenta
1380 665 1562 719 regionis

120 723 260 761 nostre
292 719 506 761 littoribus
537 721 713 775 appulsa
745 720 911 762 dedere.
972 721 1083 762 Bina
1115 735 1168 763 ex
1199 722 1248 763 iis
1279 723 1467 777 nauigia,
1498 737 1561 764 re-

120 777 282 831 migum
325 777 481 819 uirtute
521 792 546 819 a
587 778 782 820 fluctibus
822 778 1018 830 defensa,
1060 780 1102 820 in
1133 779 1382 821 Iarimarum
1423 780 1562 835 Rugie

120 835 353 890 principem
383 835 633 886 inciderunt,
666 837 737 891 qui
763 837 768 889 Ι
797 841 893 892 post
924 837 1094 878 modum
1116 837 1295 878 alterum
1317 852 1370 879 ex
1402 839 1450 880 iis
1470 838 1558 880 Ab-

119 893 252 934 saloni
282 893 433 948 premii
462 894 631 935 nomine
663 895 905 946 transmisit,
934 895 1151 949 utriusque
1172 895 1413 950 capcionem
1433 897 1562 951 ipsius

119 950 295 1005 negocio
328 951 554 1006 imputans.
617 952 812 994 Solennis
841 952 909 993 hic
940 952 1027 993 dies
1058 951 1221 994 Nicolai
1259 954 1425 995 nomine
1457 958 1559 1007 erat,

121 1009 237 1050 cuius
268 1009 464 1064 auspiciis
487 1009 684 1051 effectum
716 1015 791 1064 est,
825 1015 869 1051 ut
892 1010 1141 1052 Sclauorum
1164 1011 1372 1052 exercitus
1403 1011 1455 1052 ad
1481 1011 1562 1052 hoc

119 1080 252 1122 usque
293 1070 458 1121 tempus
491 1066 674 1108 Daniam
715 1068 922 1110 hostiliter
963 1073 1110 1123 petere
1149 1082 1273 1109 ausus
1305 1083 1390 1109 non
1421 1068 1560 1111 fuerit.

120 1123 296 1179 Iamque
327 1130 492 1166 nostros
524 1125 705 1167 reditum
727 1126 992 1168 intendentes
1015 1124 1082 1180 (ut
1103 1125 1254 1181 hyeme
1274 1125 1364 1167 fieri
1388 1127 1559 1177 assolet)

118 1182 385 1237 repentinum
429 1183 529 1237 gelu
571 1184 795 1231 conclusit3
837 1184 949 1239 quod
989 1188 1104 1224 tante
1136 1184 1342 1225 uiolencie
1373 1189 1484 1227 erat.
1516 1189 1562 1225 ut

120 1240 255 1294 ipsam
287 1241 414 1294 sinus,
446 1241 490 1282 in
522 1255 603 1296 quo
634 1243 950 1296 pernoctabant,
983 1241 1246 1296 superficiem
1268 1246 1392 1282 enata
1423 1242 1560 1283 subito

120 1298 278 1351 glacies
309 1303 546 1353 occuparet.
608 1299 721 1341 Huic
752 1305 870 1341 tanta
901 1299 1091 1341 soliditas
1117 1299 1264 1352 inerat,
1300 1303 1344 1340 ut
1375 1299 1561 1353 spissitu-

121 1355 262 1397 dinem
294 1356 383 1398 eius
414 1357 536 1398 unico
567 1357 653 1398 ictu
685 1357 1027 1399 transuerberare
1058 1370 1142 1398 non
1174 1370 1327 1411 posses.
1372 1356 1561 1412 Cumque

122 1414 279 1455 eximia
309 1414 460 1468 glaciei
493 1415 627 1456 moles
666 1420 792 1471 portu
836 1415 1062 1470 egressuris
1094 1415 1324 1463 obsisteret,
1356 1414 1561 1456 industria

119 1472 330 1526 prouisum
365 1477 453 1525 est,
484 1477 529 1514 ut
560 1473 682 1515 unius
714 1474 833 1514 nauis
864 1487 1059 1528 precessu
1090 1476 1323 1513 ceterarum
1354 1472 1560 1513 insecucio

121 1529 404 1585 expediretur.
466 1530 549 1572 Sed
582 1545 658 1572 nec
688 1545 772 1572 una
804 1531 949 1586 queuis
979 1529 1182 1585 preeundi
1227 1529 1364 1570 officio
1398 1529 1559 1571 diutule

120 1586 241 1642 fungi
273 1592 448 1643 poterat,
482 1588 596 1643 quod
627 1594 768 1644 partes
790 1590 1027 1630 carinarum
1062 1587 1285 1629 extrinsice
1317 1587 1560 1641 glacialium

120 1646 401 1687 crustularum
441 1647 634 1688 acumine
675 1647 850 1702 perinde
891 1661 939 1687 ac
969 1646 1068 1687 ferri
1109 1645 1377 1699 impressione
1409 1645 1559 1687 exede-

119 1708 278 1744 rentur.
340 1704 476 1752 Quam
499 1705 551 1746 ob
574 1719 662 1746 rem
684 1705 959 1760 precessionis
989 1704 1101 1744 uices
1132 1703 1240 1743 inter
1262 1703 1431 1757 nauigia
1454 1717 1559 1757 equo

120 1761 264 1802 ordine
296 1761 428 1803 diuidi
459 1766 653 1804 curatum
684 1768 758 1805 est.
807 1762 874 1803 Ita
905 1762 1087 1813 demum,
1119 1774 1194 1815 per
1226 1761 1456 1801 maritimos
1487 1775 1559 1801 an·

121 1818 279 1860 fractus
309 1821 586 1874 nauigacione
619 1825 847 1876 protracta,
878 1821 920 1860 in
952 1824 1145 1874 apertum
1176 1818 1351 1872 pelagus
1382 1832 1560 1872 peruen-

120 1880 208 1917 tum
249 1881 329 1930 est,
370 1878 551 1933 indeque
592 1879 646 1919 ad
685 1879 852 1934 propria
891 1878 1039 1932 cuique
1079 1880 1324 1917 remeatum.
1386 1875 1558 1930 lamque

120 1933 323 1985 Absalon,
352 1940 590 1991 temporum
611 1937 915 1991 supputacione
938 1934 1096 1984 habita,
1118 1934 1334 1974 uniuersas
1355 1934 1559 1988 presentis

122 1993 221 2034 anni
242 1998 398 2048 partes,
429 1995 558 2036 ternis
580 1995 793 2036 mensibus
815 1994 1014 2048 exceptis,
1036 1991 1223 2047 pyratico
1255 1991 1399 2032 labore
1421 2005 1559 2032 emen-

121 2064 190 2092 sus
221 2050 372 2094 fuerat.
1125 2072 1128 2073 ⁷

258 2108 435 2151 Postera
485 2114 617 2152 estate
666 2110 775 2165 apud
826 2109 1040 2164 Eydoram
1090 2108 1198 2149 inter
1243 2105 1474 2148 Henricum
1517 2110 1559 2147 et

120 2179 265 2219 regem
297 2169 579 2209 communium
621 2168 891 2222 negociorum
922 2166 1123 2221 agitacio,
1155 2165 1377 2206 contractis
1410 2164 1558 2205 utrius-

121 2236 201 2278 que
233 2226 446 2279 prouincie
476 2226 747 2281 principibus,
782 2225 1026 2266 habebatur.
1452 2266 1467 2279 ,

259 2282 419 2325 Eodem
451 2288 643 2338 tempore
675 2283 883 2333 Eskillus,
915 2282 1152 2323 domesticis
1190 2293 1316 2334 supra
1346 2280 1455 2321 uires
1486 2293 1557 2320 ne-

118 2339 250 2392 gociis
281 2340 496 2396 fatigatus,
529 2342 628 2383 dum
651 2341 778 2396 quieti
809 2340 1013 2381 intencius
1044 2339 1232 2388 consulit,
1264 2337 1553 2392 proficiscendi

120 2396 295 2439 licencia
312 2412 336 2439 a
354 2413 454 2453 rege
471 2399 696 2440 difficulter
722 2403 900 2450 extorta,
917 2398 1055 2439 nobile
1075 2397 1309 2437 Galliarum
1326 2395 1557 2446 cenobium,

120 2455 230 2508 quod
261 2455 511 2498 Clarauallis
550 2461 838 2511 nuncupatur,
870 2455 1041 2510 petiuit,
1084 2455 1225 2509 ibique
1256 2453 1409 2507 priuati
1441 2466 1559 2493 more

120 2514 394 2568 tranquillam
415 2515 548 2556 uitam
570 2515 741 2569 degens,
773 2527 967 2568 asperum
995 2512 1128 2567 patrie
1151 2510 1389 2552 conuictum
1410 2510 1559 2551 uolun-

120 2571 226 2612 tarie
268 2573 618 2627 peregrinacionis
657 2572 831 2612 lenitate
872 2569 1074 2622 mutauit,
1106 2568 1388 2610 iocundiorem
1418 2581 1558 2608 rerum

119 2641 241 2670 usum
272 2630 384 2685 apud
416 2635 586 2671 exteros
618 2643 743 2684 quam
775 2629 882 2669 inter
915 2628 1026 2668 ciues
1056 2626 1288 2668 habiturus.
1333 2624 1416 2665 Per
1447 2624 1558 2666 idem

1355 2692 1421 2729 39*

1613 854 1641 878 p.
1660 845 1710 871 877

1588 2272 1798 2304 CLXXXmss

1628 2315 1763 2349 (346,44)

1624 2367 1648 2391 p.
1668 2358 1759 2388 890,21
