1884 3126
153 883 186 910 10

145 1487 183 1514 20

144 1789 183 1817 ‘25

146 2081 181 2108 30

819 217 1069 259 -Ι-
1614 221 1664 262 19

356 346 482 389 Solus
515 346 557 388 in
591 349 686 388 octo
718 345 881 401 pariter
911 344 1073 400 spicula
1104 346 1251 389 mortis
1283 346 1364 402 egi,

355 405 501 460 Atque
533 417 725 446 nouenos
757 402 900 458 gladio
935 403 1120 459 corripui
1150 404 1343 457 reducto,

357 461 537 511 Quando
571 461 799 504 Suarinum
833 462 1088 514 exanimaui,
1119 461 1253 504 titulis
1280 463 1460 504 abusum

355 520 447 562 Nec
476 520 676 562 meritum
708 519 999 562 conciliantem
1030 519 1108 562 sibi
1137 534 1315 562 nomen:
1347 521 1460 563 unde

355 578 466 635 Scpe
500 582 719 620 cruentum
753 591 855 620 nece
887 578 1045 620 ferrum
1075 577 1378 635 madidumque
1409 579 1514 621 cede

354 637 572 692 Sanguine
603 636 712 679 tinxi
743 637 981 692 peregrino,
1012 636 1219 693 timuique
1250 652 1482 693 numquam

353 695 424 737 Ad
455 696 640 750 crepitus
672 695 859 746 ensiculi,
892 695 963 736 uel
993 694 1114 750 galee
1145 696 1341 738 nitorem.

353 752 477 798 Nunc
506 753 618 796 male
649 767 718 796 me
749 753 976 809 proiiciens
1007 753 1090 796 fert
1120 753 1261 796 aliena
1291 759 1397 796 uota

354 811 465 853 Filia
495 811 659 854 Sumbli
689 811 781 853 fera
813 811 955 867 Signe,
987 815 1112 853 uetus
1146 816 1346 854 execrata

354 869 515 921 Fedus,
549 874 589 913 et
620 869 948 925 incompositum
980 869 1215 926 concipiens
1248 883 1450 923 amorem,

355 926 559 971 Feminee
592 927 666 970 dat
695 928 880 970 leuitatis
913 928 1074 970 facinus
1105 927 1358 983 notandum,

356 985 449 1034 Que
481 999 679 1041 proceres
712 986 925 1041 illaqueat,
957 986 1132 1042 pellicit,
1164 992 1291 1041 atque
1321 986 1450 1039 fedat,

355 1043 471 1085 Ante
501 1044 606 1086 alios
637 1044 844 1100 ingenuos
875 1045 1078 1100 precipue
1109 1044 1323 1098 refellens,

357 1101 450 1144 Nec
481 1103 642 1145 stabilis
674 1108 895 1158 permanet
927 1103 1014 1155 ulli,
1045 1102 1288 1158 titubatque
1319 1117 1499 1158 semper,

351 1160 574 1216 Ancipites
606 1161 858 1217 parturiens,
892 1161 1176 1216 diuiduosque
1208 1167 1361 1203 motus.

353 1240 408 1283 Et
439 1255 535 1284 cum
568 1242 680 1285 dicto
712 1241 924 1285 discubitu
947 1242 1123 1285 euolans
1147 1242 1394 1284 Henricum'
1414 1242 1524 1284 inter
1545 1255 1663 1283 sacra

215 1312 361 1341 mense
409 1304 450 1342 et
500 1301 734 1343 amicorum
785 1301 1037 1357 complexus
1084 1301 1338 1354 obtruncat,
1385 1313 1664 1356 sponsamque

215 1357 365 1399 mediis
396 1359 654 1402 abstractam
686 1360 902 1414 pronubis,
935 1373 1089 1415 magna
1122 1359 1398 1401 conuiuarum
1427 1363 1547 1414 parte
1569 1371 1662 1414 pro-

215 1419 360 1470 strata,
393 1430 535 1459 secum
569 1417 740 1473 nauigio
775 1418 986 1474 deportat.
1042 1417 1179 1472 Igitur
1201 1417 1364 1472 nupciis
1395 1416 1437 1458 in
1459 1415 1664 1471 exequias

215 1474 373 1528 uersis,
417 1474 559 1518 doceri
604 1475 727 1518 Finni
769 1480 1024 1532 potuerunt,
1068 1475 1215 1517 alienis
1258 1474 1475 1517 amoribus
1515 1488 1664 1515 manus

213 1531 324 1574 iniici
356 1547 440 1574 non
475 1538 685 1590 oportere.

353 1602 432 1645 His
454 1597 644 1659 gestis,'a
666 1618 768 1659 rege
790 1603 1006 1660 Neruagie
1028 1603 1319 1658 Swibdagem,
1347 1601 1448 1643 dum
1471 1604 1663 1656 stuprate

214 1660 371 1703 sororis
402 1661 597 1704 iniuriam
628 1676 678 1704 ac
708 1663 950 1705 lacessitam
980 1662 1066 1704 filie
1087 1661 1339 1718 pudiciciam
1370 1660 1515 1702 ulcisci
1539 1673 1664 1701 cona-

215 1723 306 1773 tur,
346 1721 616 1775 opprimitur.
679 1720 776 1762 Hoc
816 1721 996 1775 prelium
1029 1718 1292 1774 Saxoni<ci>s
1334 1720 1499 1774 insigne
1531 1717 1663 1773 copiis

213 1776 314 1831 fuit,
355 1791 459 1834 quas
492 1778 545 1820 ad
577 1779 740 1821 auxilia
773 1778 1049 1834 Swibdagero
1082 1778 1258 1820 ferenda
1290 1791 1376 1819 non
1415 1781 1501 1818 tam
1533 1776 1663 1831 ipsius

213 1835 390 1887 caritas,
437 1850 562 1892 quam
604 1837 865 1880 Henriciane
908 1837 1086 1878 ulcionis
1130 1835 1338 1891 cupiditas
1381 1834 1661 1890 prouocabat.

353 1893 448 1936 Filii
471 1894 613 1947 Gram,
636 1896 900 1938 Guthormus
934 1899 976 1937 et
997 1894 1239 1949 Hadingus,
1272 1907 1453 1949 quorum
1483 1892 1661 1934 alterum

212 1951 319 2005 Gro,
361 1953 542 1995 alterum
576 1954 704 2009 Signe
737 1954 865 1996 enixa
896 1958 984 2007 est,
1026 1952 1301 2007 Swibdagero
1343 1951 1522 1993 Daniam
1557 1950 1662 1992 obti-

212 2015 365 2064 nente,
405 2025 482 2066 per
522 2011 795 2054 educatorem
839 2027 963 2054 suum
1005 2010 1169 2053 Brache
1213 2024 1324 2051 naue
1359 2008 1549 2051 Suetiam
1591 2007 1661 2049 de-

211 2069 381 2123 portati,
413 2068 674 2125 Vagnophto
698 2074 740 2112 et
763 2070 950 2127 Haphlio
973 2069 1217 2124 gigantibus
1238 2082 1324 2110 non
1350 2067 1485 2109 solum
1508 2064 1661 2118 alendi,

213 2139 363 2168 uerum
396 2128 527 2181 eciam
558 2127 806 2170 defensandi
837 2128 1075 2170 traduntur.

351 2196 544 2245 Quorum
584 2198 823 2240 summatim
866 2211 998 2253 opera
1037 2196 1359 2252 perstricturus,
1401 2208 1454 2235 ne
1493 2192 1661 2248 publice

213 2254 518 2296 existimacioni
551 2256 761 2298 contraria
805 2260 878 2297 aut
908 2255 998 2297 ueri
1030 2254 1157 2296 fidem
1196 2252 1450 2296 excedencia
1481 2250 1660 2292 fidenter

213 2317 404 2355 astruere
435 2312 604 2367 uidear,
636 2327 761 2356 nosse
792 2328 921 2369 opere
942 2313 1131 2369 precium
1155 2316 1230 2365 est,
1261 2311 1414 2377 triplex
1446 2307 1658 2365 quondam

147 2382 183 2408 35
207 2371 613 2413 mathematicorum
644 2386 778 2425 genus
820 2371 998 2414 inauditi
1039 2370 1205 2427 generis
1237 2368 1440 2411 miracula
1469 2365 1659 2408 discretis

215 2429 457 2471 exercuisse
488 2429 714 2484 prestigiis.

352 2498 521 2540 Horum
567 2498 691 2553 primi
737 2497 859 2540 fuere
904 2497 1142 2541 monstrosi¹
1169 2495 1359 2551 *generis
1402 2494 1506 2547 uiri,
1551 2506 1657 2547 quos

213 2557 410 2611 gigantes
432 2556 658 2612 antiquitas
678 2557 922 2611 nominauit,
945 2557 1129 2599 humane
1147 2551 1445 2610 magnitudinis
1463 2551 1655 2592 habitum

213 2615 367 2657 eximia
400 2628 625 2669 corporum
658 2614 899 2669 granditate
930 2615 1164 2656 uincentes.

1477 2676 1520 2714 2*

1716 762 1774 789 .34

1738 2491 1771 2516 35)
