1884 3126
335 174 416 213 454
867 187 917 193 —-
976 161 1114 203 XIIII
1176 185 1227 190 —-

335 298 472 351 copias
517 291 714 334 mandare
756 289 910 339 noluit,
952 287 1025 330 sed
1070 289 1114 329 in
1158 288 1291 330 altum
1340 287 1513 341 nauigia
1563 286 1766 337 reiiciens,

335 355 531 395 damnata
561 347 817 404 promissoris
848 346 943 398 fide,
976 345 1235 387 Sialandiam
1265 345 1452 386 reuertit.
1501 344 1568 385 Ita
1597 358 1768 400 presens

336 409 564 458 consilium,
595 419 678 446 non
709 404 951 445 cedentibus
983 417 1035 444 ex
1067 403 1281 444 sentencia
1311 402 1458 454 rebus,
1498 402 1667 443 fortuna
1698 402 1768 443 de-

334 467 443 508 lusit.
504 464 641 504 Sueno
682 475 802 513 uero,
841 465 1138 515 properantem
1180 461 1232 501 ab
1271 459 1375 501 urbe
1405 459 1644 514 pontificem
1675 459 1770 501 sub-

286 532 301 558 5
331 527 507 572 secutus,
530 522 814 561 reuertentem
840 519 949 559 bello
973 522 1156 573 superat,
1178 522 1445 572 captumque,
1473 517 1571 572 quia
1590 516 1770 572 pufblica
1823 533 1850 557 p.
1872 526 1884 550 t

333 578 518 621 custodia
563 591 645 618 non
688 576 960 630 suppetebat,
1005 576 1048 616 in
1095 575 1306 616 excelsam
1348 574 1641 616 Laurenciane
1682 575 1770 616 edis

332 640 494 691 partem
525 634 694 686 attollit,
727 634 847 688 eique
878 633 1083 687 templum
1109 633 1321 686 ergastulo
1354 632 1466 674 fecit.
1507 631 1769 687 Eapropter*
1799 685 1802 688 ⁴

332 692 613 735 execracionis
645 691 744 746 (que
775 704 970 745 suprema
1001 690 1245 745 pontificum
1285 690 1394 731 ulcio
1426 690 1506 742 est)
1549 704 1766 732 censuram
1785 695 1884 723 cxx:

332 754 534 801 metuens,
566 763 651 790 non
683 749 817 790 solum
849 762 944 789 eum
976 748 1173 802 capcione
1200 748 1323 801 eruit,
1355 747 1428 789 sed
1451 749 1584 789 eciam
1614 749 1771 802 agresti

266 816 299 843 10
329 808 419 849 uico
460 820 698 861 magnaque
741 806 971 860 Burgunde
1013 805 1156 846 Insule
1196 809 1337 860 parte,
1370 820 1452 860 quo
1491 806 1771 860 synceriorem

333 866 420 906 eius
451 864 641 905 fauorem
671 865 931 918 impetraret,
964 863 1150 904 donauit.
1197 863 1299 904 Post
1330 863 1407 904 hec
1437 863 1526 904 sine
1547 863 1636 918 ipso
1658 863 1771 918 apud

332 922 606 976 Slangetorp,
650 922 833 962 ruralem
866 918 1079 962 Sialandie
1110 921 1275 974 uillam,
1318 920 1475 962 bellum
1507 935 1602 962 cum
1632 921 1771 963 emulo

331 980 445 1032 facit,
478 993 657 1034 eumque
684 979 970 1020 cruentissimo
1014 979 1146 1033 prelio
1186 983 1430 1032 superatum
1470 978 1606 1020 insula
1637 979 1769 1033 pellit.

331 1037 480 1078 Victor
510 1037 553 1078 in
584 1037 779 1078 Scaniam
809 1036 931 1089 redit,
953 1035 1150 1077 Kanutus
1180 1037 1223 1077 in
1243 1036 1400 1077 Iutiam
1431 1036 1605 1090 refugus
1636 1037 1770 1079 cessit.

266 1101 297 1129 15
465 1094 550 1136 Per
596 1094 742 1136 eadem
788 1099 980 1148 tempora
1025 1093 1242 1135 Romanus
1292 1095 1491 1146 antistes,
1543 1093 1771 1136 Barbarice

331 1153 592 1207 tempestatis
623 1152 811 1206 procella
852 1166 941 1192 rem
974 1151 1162 1193 diuinam
1193 1165 1300 1205 pene
1339 1152 1532 1193 obrutam
1564 1165 1772 1193 euersam-

331 1224 412 1264 que
453 1210 735 1264 conspiciens,
779 1210 886 1250 datis
931 1223 1008 1264 per
1052 1209 1265 1264 Europam
1307 1210 1512 1264 epistolis,
1554 1209 1771 1251 uniuersos

331 1267 568 1309 Christiane
600 1267 859 1309 credulitatis
890 1267 1030 1308 hostes
1061 1267 1114 1308 ab
1147 1268 1235 1308 eius
1277 1267 1504 1309 cultoribus
1535 1268 1772 1322 oppugnari

331 1325 533 1380 precepit.
594 1325 768 1379 Singule
800 1329 941 1366 autem
973 1324 1286 1367 Catholicorum
1317 1325 1532 1379 prouincie
1564 1325 1772 1367 confinem

262 1390 298 1418 ‘20
327 1383 407 1424 sibi
427 1383 675 1424 Barbariem
706 1384 912 1424 incessere
944 1382 1212 1424 iubebantur.
1255 1381 1321 1423 Ne
1344 1397 1443 1437 ergo
1464 1382 1576 1424 Dani
1606 1383 1771 1437 priuate

332 1441 485 1482 milicie
516 1441 641 1482 rebus
672 1441 838 1495 publice
869 1441 1086 1494 religionis
1109 1440 1246 1482 officia
1277 1440 1572 1494 detrectarent,
1595 1441 1771 1496 sumptis

331 1512 447 1539 sacre
490 1499 843 1554 peregrinacionis
883 1498 1134 1552 insignibus,
1179 1498 1404 1553 imperium
1445 1498 1769 1553 amplectuntur.

330 1555 468 1610 Igitur
499 1555 694 1597 Kanutus
726 1570 774 1597 ac
805 1556 960 1609 Sueno,
991 1556 1173 1597 inuicem
1203 1556 1416 1598 obsidibus
1448 1556 1580 1606 datis,
1609 1556 1772 1611 deposi-

331 1614 466 1668 tisque
497 1614 814 1655 inimiciciarum
846 1614 1081 1667 exerciciis,
1118 1614 1179 1655 rei
1211 1614 1360 1655 melius
1399 1614 1595 1668 gelrende
1626 1614 1768 1668 gracia
1820 1626 1848 1651 p·
1868 1619 1883 1643 6

260 1678 297 1705 25
327 1685 476 1725 pacem
506 1685 581 1726 pro
617 1676 805 1726 tempore
837 1671 1044 1723 statuunt,
1076 1675 1402 1726 reuocatumque
1434 1685 1459 1712 a
1489 1672 1571 1713 suis
1601 1672 1770 1713 uisceri-

330 1729 407 1770 bus
438 1729 597 1771 ferrum
629 1730 682 1771 ad
709 1742 924 1770 sacrorum
946 1729 1176 1770 uindictam
1199 1733 1459 1771 conuertunt.
1506 1729 1770 1771 Discordiam

328 1787 471 1841 itaque
517 1801 542 1828 a
582 1788 703 1842 regni
745 1787 1006 1828 emulacione
1049 1787 1286 1842 profectam
1328 1788 1439 1828 socie
1485 1787 1771 1842 expedicionis

329 1844 472 1886 federe
513 1845 786 1899 castigantes,
828 1845 978 1886 iunctis
1019 1845 1179 1886 uiribus
1211 1844 1419 1886 Sclauiam
1451 1848 1623 1900 petunt,
1669 1845 1772 1886 Ger-

328 1902 462 1943 manis
494 1916 548 1944 ex
579 1903 767 1944 condicto
799 1902 1007 1943 diuersam
1029 1903 1119 1944 eius
1141 1902 1437 1944 inuadentibus
1458 1903 1642 1958 plagam.
1686 1902 1770 1944 Iuti

262 1967 298 1994 30
326 1959 498 2002 Kanuto
529 1960 647 2013 duce,
680 1960 933 2002 Hetbienses
965 1960 1178 2014 Suenone,
1211 1960 1408 2001 hostilem
1439 1964 1644 2015 occupant
1673 1974 1770 2015 por-

329 2020 430 2058 tum.
492 2017 805 2073 Superueniunt
843 2019 1024 2060 extremi
1066 2017 1359 2060 Sialandenses
1391 2032 1439 2059 ac
1469 2018 1615 2070 Scani,
1658 2018 1770 2072 prio-

329 2089 501 2130 remque
533 2077 731 2130 classem,
770 2080 897 2131 prout
936 2077 1085 2131 cuique
1116 2077 1231 2118 locus
1262 2075 1458 2131 patebat,
1490 2090 1566 2117 sua
1597 2076 1770 2117 circum-

329 2132 560 2174 includunt.
623 2133 856 2175 Occurrunt
887 2134 930 2174 in
960 2134 1104 2175 littore
1128 2133 1332 2186 Saxones,
1356 2138 1398 2175 et
1419 2134 1499 2188 ipsi
1519 2133 1769 2174 uindicande

328 2190 540 2244 religionis
581 2192 902 2246 cupientissimi,
943 2192 1097 2233 milicie
1136 2192 1238 2233 socii
1280 2190 1414 2232 Danis
1453 2190 1597 2233 futuri.
1664 2190 1769 2232 Mox

261 2259 296 2286 35
327 2246 552 2301 Dobinum,
570 2249 733 2304 insigne
754 2249 930 2304 piratica
951 2249 1166 2304 oppidum,
1193 2250 1246 2291 ab
1269 2252 1445 2303 utroque
1467 2248 1770 2290 circunsidetur

331 2306 538 2359 exercitu,
579 2308 691 2349 omni
721 2306 884 2348 Danica
923 2307 1213 2360 multitudine,
1255 2311 1397 2362 preter
1441 2320 1596 2361 paucos
1627 2306 1768 2347 classis

330 2363 543 2417 custodes,
584 2365 755 2419 nauigia
794 2365 1070 2419 relinquente.
1141 2364 1329 2413 Quorum
1371 2365 1544 2405 raritate
1585 2364 1766 2418 cognita,

329 2419 517 2474 Rugiam'
546 2423 726 2477 primam
758 2421 935 2465 obsessis
965 2436 1088 2477 opem
1118 2423 1284 2463 inimice
1316 2421 1457 2463 classis
1498 2421 1766 2476 oppressione

330 2478 544 2532 porrigere
575 2484 776 2523 statuunt.
836 2479 943 2522 Mox
974 2479 1152 2533 Soanos,
1191 2494 1296 2535 quos
1327 2479 1428 2521 ordo
1458 2479 1675 2534 proximos
1706 2478 1766 2520 of-

263 2546 298 2575 40
330 2535 511 2590 ferebat,
557 2538 717 2592 adorti,
763 2538 896 2583 ferme
941 2552 1084 2583 omnes
1129 2538 1352 2591 fuderunt,
1398 2536 1506 2581 Iutis
1544 2535 1767 2581 iocundam
