<?xml version="1.0" encoding="UTF-8"?>
<!DOCTYPE html PUBLIC "-//W3C//DTD XHTML 1.0 Transitional//EN"
    "http://www.w3.org/TR/xhtml1/DTD/xhtml1-transitional.dtd">
<html xmlns="http://www.w3.org/1999/xhtml" xml:lang="en" lang="en">
 <head>
  <title>
</title>
<meta http-equiv="Content-Type" content="text/html;charset=utf-8" />
  <meta name='ocr-system' content='tesseract 3.04.00' />
  <meta name='ocr-capabilities' content='ocr_page ocr_carea ocr_par ocr_line ocrx_word'/>
</head>
<body>
  <div class='ocr_page' id='page_1' title='image "./saxonisgrammatic00saxouoft_0346.png"; bbox 0 0 1884 3126; ppageno 0'>
   <div class='ocr_carea' id='block_1_1' title="bbox 208 956 238 980">
    <p class='ocr_par' dir='ltr' id='par_1_1' title="bbox 208 956 238 980">
     <span class='ocr_line' id='line_1_1' title="bbox 208 956 238 980; baseline 0 0"><span class='ocrx_word' id='word_1_1' title='bbox 208 956 238 980; x_wconf 80' lang='lat'>10</span> 
     </span>
    </p>
   </div>
   <div class='ocr_carea' id='block_1_2' title="bbox 202 1293 234 1318">
    <p class='ocr_par' dir='ltr' id='par_1_2' title="bbox 202 1293 234 1318">
     <span class='ocr_line' id='line_1_2' title="bbox 202 1293 234 1318; baseline 0 0"><span class='ocrx_word' id='word_1_2' title='bbox 202 1293 234 1318; x_wconf 82' lang='lat'>15</span> 
     </span>
    </p>
   </div>
   <div class='ocr_carea' id='block_1_3' title="bbox 202 1640 238 1664">
    <p class='ocr_par' dir='ltr' id='par_1_3' title="bbox 202 1640 238 1664">
     <span class='ocr_line' id='line_1_3' title="bbox 202 1640 238 1664; baseline -0.028 0"><span class='ocrx_word' id='word_1_3' title='bbox 202 1640 238 1664; x_wconf 71' lang='lat'>‘20</span> 
     </span>
    </p>
   </div>
   <div class='ocr_carea' id='block_1_4' title="bbox 202 1928 238 1954">
    <p class='ocr_par' dir='ltr' id='par_1_4' title="bbox 202 1928 238 1954">
     <span class='ocr_line' id='line_1_4' title="bbox 202 1928 238 1954; baseline 0.028 -1"><span class='ocrx_word' id='word_1_4' title='bbox 202 1928 238 1954; x_wconf 76' lang='lat'>25</span> 
     </span>
    </p>
   </div>
   <div class='ocr_carea' id='block_1_5' title="bbox 202 2220 239 2246">
    <p class='ocr_par' dir='ltr' id='par_1_5' title="bbox 202 2220 239 2246">
     <span class='ocr_line' id='line_1_5' title="bbox 202 2220 239 2246; baseline -0.027 0"><span class='ocrx_word' id='word_1_5' title='bbox 202 2220 239 2246; x_wconf 81' lang='lat'>30</span> 
     </span>
    </p>
   </div>
   <div class='ocr_carea' id='block_1_6' title="bbox 204 2507 239 2534">
    <p class='ocr_par' dir='ltr' id='par_1_6' title="bbox 204 2507 239 2534">
     <span class='ocr_line' id='line_1_6' title="bbox 204 2507 239 2534; baseline -0.029 0"><span class='ocrx_word' id='word_1_6' title='bbox 204 2507 239 2534; x_wconf 80' lang='lat'>35</span> 
     </span>
    </p>
   </div>
   <div class='ocr_carea' id='block_1_7' title="bbox 268 226 1152 268">
    <p class='ocr_par' dir='ltr' id='par_1_7' title="bbox 268 226 1152 268">
     <span class='ocr_line' id='line_1_7' title="bbox 268 226 1152 268; baseline 0.001 -1"><span class='ocrx_word' id='word_1_7' title='bbox 268 226 350 268; x_wconf 82' lang='lat'>252</span> <span class='ocrx_word' id='word_1_8' title='bbox 845 253 889 257; x_wconf 79' lang='lat'>--</span> <span class='ocrx_word' id='word_1_9' title='bbox 953 226 1043 268; x_wconf 87' lang='lat' dir='ltr'>VII</span> <span class='ocrx_word' id='word_1_10' title='bbox 1108 251 1152 254; x_wconf 42' lang='lat' dir='ltr'>a-</span> 
     </span>
    </p>
   </div>
   <div class='ocr_carea' id='block_1_8' title="bbox 471 353 1472 756">
    <p class='ocr_par' dir='ltr' id='par_1_8' title="bbox 475 353 1257 410">
     <span class='ocr_line' id='line_1_8' title="bbox 475 353 1257 410; baseline 0 -16"><span class='ocrx_word' id='word_1_11' title='bbox 475 353 609 395; x_wconf 88' lang='lat' dir='ltr'>Fame</span> <span class='ocrx_word' id='word_1_12' title='bbox 643 354 837 396; x_wconf 78' lang='lat' dir='ltr'>conciliet</span> <span class='ocrx_word' id='word_1_13' title='bbox 867 354 1027 410; x_wconf 89' lang='lat' dir='ltr'>premia</span> <span class='ocrx_word' id='word_1_14' title='bbox 1058 354 1257 410; x_wconf 87' lang='lat' dir='ltr'>perpetis.</span> 
     </span>
    </p>

    <p class='ocr_par' dir='ltr' id='par_1_9' title="bbox 477 411 1472 526">
     <span class='ocr_line' id='line_1_9' title="bbox 477 411 1472 468; baseline 0 -17"><span class='ocrx_word' id='word_1_15' title='bbox 477 411 622 452; x_wconf 86' lang='lat' dir='ltr'>Prima</span> <span class='ocrx_word' id='word_1_16' title='bbox 652 412 785 454; x_wconf 87' lang='lat' dir='ltr'>hostis</span> <span class='ocrx_word' id='word_1_17' title='bbox 816 413 1009 468; x_wconf 84' lang='lat' dir='ltr'>scapulas</span> <span class='ocrx_word' id='word_1_18' title='bbox 1042 413 1178 454; x_wconf 88' lang='lat' dir='ltr'>seccio</span> <span class='ocrx_word' id='word_1_19' title='bbox 1211 412 1472 467; x_wconf 82' lang='lat' dir='ltr'>comprimat,</span> 
     </span>
     <span class='ocr_line' id='line_1_10' title="bbox 478 468 1352 526; baseline 0 -16"><span class='ocrx_word' id='word_1_20' title='bbox 478 468 533 510; x_wconf 86' lang='lat' dir='ltr'>Et</span> <span class='ocrx_word' id='word_1_21' title='bbox 565 469 723 511; x_wconf 86' lang='lat' dir='ltr'>ferrum</span> <span class='ocrx_word' id='word_1_22' title='bbox 753 471 945 525; x_wconf 81' lang='lat' dir='ltr'>geminas</span> <span class='ocrx_word' id='word_1_23' title='bbox 978 471 1159 526; x_wconf 86' lang='lat' dir='ltr'>abripiat</span> <span class='ocrx_word' id='word_1_24' title='bbox 1190 484 1352 520; x_wconf 84' lang='lat' dir='ltr'>manus,</span> 
     </span>
    </p>

    <p class='ocr_par' dir='ltr' id='par_1_10' title="bbox 476 527 1405 641">
     <span class='ocr_line' id='line_1_11' title="bbox 476 527 1405 584; baseline 0.001 -17"><span class='ocrx_word' id='word_1_25' title='bbox 476 527 549 581; x_wconf 83' lang='lat' dir='ltr'>Vt,</span> <span class='ocrx_word' id='word_1_26' title='bbox 584 542 678 569; x_wconf 90' lang='lat' dir='ltr'>cum</span> <span class='ocrx_word' id='word_1_27' title='bbox 710 542 787 569; x_wconf 90' lang='lat' dir='ltr'>nos</span> <span class='ocrx_word' id='word_1_28' title='bbox 819 528 993 584; x_wconf 84' lang='lat' dir='ltr'>Stygius</span> <span class='ocrx_word' id='word_1_29' title='bbox 1025 529 1152 570; x_wconf 85' lang='lat' dir='ltr'>Pluto</span> <span class='ocrx_word' id='word_1_30' title='bbox 1185 527 1405 582; x_wconf 80' lang='lat' dir='ltr'>receperit,</span> 
     </span>
     <span class='ocr_line' id='line_1_12' title="bbox 476 585 1364 641; baseline 0 -15"><span class='ocrx_word' id='word_1_31' title='bbox 476 585 658 627; x_wconf 90' lang='lat' dir='ltr'>Olonem</span> <span class='ocrx_word' id='word_1_32' title='bbox 689 600 859 641; x_wconf 87' lang='lat' dir='ltr'>quoque</span> <span class='ocrx_word' id='word_1_33' title='bbox 890 600 966 641; x_wconf 89' lang='lat' dir='ltr'>par</span> <span class='ocrx_word' id='word_1_34' title='bbox 999 587 1139 627; x_wconf 79' lang='lat' dir='ltr'>exitus</span> <span class='ocrx_word' id='word_1_35' title='bbox 1174 589 1364 641; x_wconf 87' lang='lat' dir='ltr'>occupet,</span> 
     </span>
    </p>

    <p class='ocr_par' dir='ltr' id='par_1_11' title="bbox 471 642 1398 756">
     <span class='ocr_line' id='line_1_13' title="bbox 476 642 1367 696; baseline 0 -12"><span class='ocrx_word' id='word_1_36' title='bbox 476 642 531 683; x_wconf 84' lang='lat' dir='ltr'>Et</span> <span class='ocrx_word' id='word_1_37' title='bbox 561 658 786 685; x_wconf 90' lang='lat' dir='ltr'>commune</span> <span class='ocrx_word' id='word_1_38' title='bbox 818 644 952 686; x_wconf 89' lang='lat' dir='ltr'>tribus</span> <span class='ocrx_word' id='word_1_39' title='bbox 983 645 1109 686; x_wconf 85' lang='lat' dir='ltr'>funus</span> <span class='ocrx_word' id='word_1_40' title='bbox 1141 644 1367 696; x_wconf 87' lang='lat' dir='ltr'>inhorreat,</span> 
     </span>
     <span class='ocr_line' id='line_1_14' title="bbox 471 700 1398 756; baseline -0.003 -11"><span class='ocrx_word' id='word_1_41' title='bbox 471 700 574 745; x_wconf 23' lang='lat' dir='ltr'>,Vna</span> <span class='ocrx_word' id='word_1_42' title='bbox 606 702 734 742; x_wconf 89' lang='lat' dir='ltr'>trium</span> <span class='ocrx_word' id='word_1_43' title='bbox 767 703 930 744; x_wconf 90' lang='lat' dir='ltr'>cineres</span> <span class='ocrx_word' id='word_1_44' title='bbox 962 716 1153 756; x_wconf 82' lang='lat' dir='ltr'>urnaque</span> <span class='ocrx_word' id='word_1_45' title='bbox 1188 705 1398 756; x_wconf 85' lang='lat' dir='ltr'>contegat.</span> 
     </span>
    </p>
   </div>
   <div class='ocr_carea' id='block_1_9' title="bbox 268 816 1716 989">
    <p class='ocr_par' dir='ltr' id='par_1_12' title="bbox 268 816 1716 989">
     <span class='ocr_line' id='line_1_15' title="bbox 407 816 1716 872; baseline 0 -15"><span class='ocrx_word' id='word_1_46' title='bbox 407 816 629 858; x_wconf 77' lang='lat' dir='ltr'>Hactenus</span> <span class='ocrx_word' id='word_1_47' title='bbox 682 817 841 860; x_wconf 81' lang='lat' dir='ltr'>Grimo.</span> <span class='ocrx_word' id='word_1_48' title='bbox 924 818 1051 860; x_wconf 83' lang='lat' dir='ltr'>Cuius</span> <span class='ocrx_word' id='word_1_49' title='bbox 1098 818 1301 858; x_wconf 87' lang='lat' dir='ltr'>inuictum</span> <span class='ocrx_word' id='word_1_50' title='bbox 1354 820 1473 872; x_wconf 87' lang='lat' dir='ltr'>pater</span> <span class='ocrx_word' id='word_1_51' title='bbox 1524 817 1716 872; x_wconf 88' lang='lat' dir='ltr'>spiritum</span> 
     </span>
     <span class='ocr_line' id='line_1_16' title="bbox 268 874 1716 931; baseline 0.001 -17"><span class='ocrx_word' id='word_1_52' title='bbox 268 874 491 927; x_wconf 81' lang='lat' dir='ltr'>emulatus,</span> <span class='ocrx_word' id='word_1_53' title='bbox 534 881 579 916; x_wconf 93' lang='lat' dir='ltr'>ut</span> <span class='ocrx_word' id='word_1_54' title='bbox 620 876 892 916; x_wconf 76' lang='lat' dir='ltr'>fortissimam</span> <span class='ocrx_word' id='word_1_55' title='bbox 934 876 1008 917; x_wconf 91' lang='lat' dir='ltr'>filii</span> <span class='ocrx_word' id='word_1_56' title='bbox 1048 890 1197 918; x_wconf 90' lang='lat' dir='ltr'>uocem</span> <span class='ocrx_word' id='word_1_57' title='bbox 1230 881 1378 917; x_wconf 78' lang='lat' dir='ltr'>mutua</span> <span class='ocrx_word' id='word_1_58' title='bbox 1414 874 1716 931; x_wconf 85' lang='lat' dir='ltr'>adhortacione</span> 
     </span>
     <span class='ocr_line' id='line_1_17' title="bbox 268 934 873 989; baseline 0.005 -17"><span class='ocrx_word' id='word_1_59' title='bbox 268 939 615 987; x_wconf 76' lang='lat' dir='ltr'>prosequeretur,</span> <span class='ocrx_word' id='word_1_60' title='bbox 648 934 707 975; x_wconf 92' lang='lat' dir='ltr'>sic</span> <span class='ocrx_word' id='word_1_61' title='bbox 740 934 873 989; x_wconf 86' lang='lat' dir='ltr'>cepit:</span> 
     </span>
    </p>
   </div>
   <div class='ocr_carea' id='block_1_10' title="bbox 405 1048 1634 1510">
    <p class='ocr_par' dir='ltr' id='par_1_13' title="bbox 407 1048 1613 1163">
     <span class='ocr_line' id='line_1_18' title="bbox 407 1048 1613 1104; baseline 0.001 -16"><span class='ocrx_word' id='word_1_62' title='bbox 407 1048 675 1103; x_wconf 78' lang='lat' dir='ltr'>Quanquam,</span> <span class='ocrx_word' id='word_1_63' title='bbox 709 1049 883 1091; x_wconf 87' lang='lat' dir='ltr'>defectis</span> <span class='ocrx_word' id='word_1_64' title='bbox 915 1049 968 1091; x_wconf 90' lang='lat' dir='ltr'>ad</span> <span class='ocrx_word' id='word_1_65' title='bbox 1000 1063 1212 1091; x_wconf 88' lang='lat' dir='ltr'>summum</span> <span class='ocrx_word' id='word_1_66' title='bbox 1243 1050 1448 1104; x_wconf 83' lang='lat' dir='ltr'>sanguine</span> <span class='ocrx_word' id='word_1_67' title='bbox 1479 1049 1613 1101; x_wconf 83' lang='lat' dir='ltr'>uenis,</span> 
     </span>
     <span class='ocr_line' id='line_1_19' title="bbox 474 1106 1404 1163; baseline 0.001 -16"><span class='ocrx_word' id='word_1_68' title='bbox 474 1106 605 1148; x_wconf 79' lang='lat' dir='ltr'>Extet</span> <span class='ocrx_word' id='word_1_69' title='bbox 636 1108 678 1147; x_wconf 89' lang='lat' dir='ltr'>in</span> <span class='ocrx_word' id='word_1_70' title='bbox 712 1107 887 1148; x_wconf 89' lang='lat' dir='ltr'>occiduo</span> <span class='ocrx_word' id='word_1_71' title='bbox 922 1121 1096 1163; x_wconf 89' lang='lat' dir='ltr'>corpore</span> <span class='ocrx_word' id='word_1_72' title='bbox 1127 1108 1216 1148; x_wconf 88' lang='lat' dir='ltr'>uita</span> <span class='ocrx_word' id='word_1_73' title='bbox 1248 1107 1404 1161; x_wconf 83' lang='lat' dir='ltr'>breuis,</span> 
     </span>
    </p>

    <p class='ocr_par' dir='ltr' id='par_1_14' title="bbox 405 1164 1499 1265">
     <span class='ocr_line' id='line_1_20' title="bbox 405 1164 1403 1220; baseline 0.002 -16"><span class='ocrx_word' id='word_1_74' title='bbox 405 1164 566 1205; x_wconf 75' lang='lat' dir='ltr'>Taliter</span> <span class='ocrx_word' id='word_1_75' title='bbox 598 1170 788 1206; x_wconf 86' lang='lat' dir='ltr'>extreme</span> <span class='ocrx_word' id='word_1_76' title='bbox 821 1166 965 1219; x_wconf 87' lang='lat' dir='ltr'>uigeat</span> <span class='ocrx_word' id='word_1_77' title='bbox 996 1166 1214 1207; x_wconf 82' lang='lat' dir='ltr'>contencio</span> <span class='ocrx_word' id='word_1_78' title='bbox 1246 1179 1403 1220; x_wconf 84' lang='lat' dir='ltr'>pugne,</span> 
     </span>
     <span class='ocr_line' id='line_1_21' title="bbox 475 1221 1499 1265; baseline 0.002 -3"><span class='ocrx_word' id='word_1_79' title='bbox 475 1221 535 1262; x_wconf 88' lang='lat' dir='ltr'>Vt</span> <span class='ocrx_word' id='word_1_80' title='bbox 566 1222 735 1263; x_wconf 89' lang='lat' dir='ltr'>laudem</span> <span class='ocrx_word' id='word_1_81' title='bbox 765 1225 898 1264; x_wconf 84' lang='lat' dir='ltr'>nostri</span> <span class='ocrx_word' id='word_1_82' title='bbox 929 1237 1012 1264; x_wconf 92' lang='lat' dir='ltr'>non</span> <span class='ocrx_word' id='word_1_83' title='bbox 1046 1224 1154 1264; x_wconf 86' lang='lat' dir='ltr'>sinat</span> <span class='ocrx_word' id='word_1_84' title='bbox 1186 1238 1279 1265; x_wconf 90' lang='lat' dir='ltr'>esse</span> <span class='ocrx_word' id='word_1_85' title='bbox 1311 1223 1499 1265; x_wconf 87' lang='lat' dir='ltr'>breuem.</span> 
     </span>
    </p>

    <p class='ocr_par' dir='ltr' id='par_1_15' title="bbox 408 1279 1599 1394">
     <span class='ocr_line' id='line_1_22' title="bbox 408 1279 1599 1335; baseline 0 -15"><span class='ocrx_word' id='word_1_86' title='bbox 408 1279 522 1332; x_wconf 74' lang='lat' dir='ltr'>Ergo</span> <span class='ocrx_word' id='word_1_87' title='bbox 558 1280 754 1321; x_wconf 86' lang='lat' dir='ltr'>humeros</span> <span class='ocrx_word' id='word_1_88' title='bbox 786 1281 919 1322; x_wconf 88' lang='lat' dir='ltr'>hostis</span> <span class='ocrx_word' id='word_1_89' title='bbox 954 1285 993 1323; x_wconf 87' lang='lat' dir='ltr'>ot</span> <span class='ocrx_word' id='word_1_90' title='bbox 1026 1281 1197 1322; x_wconf 81' lang='lat' dir='ltr'>brachia</span> <span class='ocrx_word' id='word_1_91' title='bbox 1227 1281 1388 1323; x_wconf 86' lang='lat' dir='ltr'>framea</span> <span class='ocrx_word' id='word_1_92' title='bbox 1419 1281 1599 1335; x_wconf 86' lang='lat' dir='ltr'>primum</span> 
     </span>
     <span class='ocr_line' id='line_1_23' title="bbox 475 1338 1419 1394; baseline 0.001 -15"><span class='ocrx_word' id='word_1_93' title='bbox 475 1338 674 1392; x_wconf 88' lang='lat' dir='ltr'>Impetat,</span> <span class='ocrx_word' id='word_1_94' title='bbox 707 1343 753 1379; x_wconf 88' lang='lat' dir='ltr'>ut</span> <span class='ocrx_word' id='word_1_95' title='bbox 785 1353 987 1379; x_wconf 89' lang='lat' dir='ltr'>manuum</span> <span class='ocrx_word' id='word_1_96' title='bbox 1020 1339 1267 1380; x_wconf 86' lang='lat' dir='ltr'>debilitetur</span> <span class='ocrx_word' id='word_1_97' title='bbox 1300 1353 1419 1394; x_wconf 88' lang='lat' dir='ltr'>opus.</span> 
     </span>
    </p>

    <p class='ocr_par' dir='ltr' id='par_1_16' title="bbox 408 1396 1634 1510">
     <span class='ocr_line' id='line_1_24' title="bbox 408 1396 1634 1452; baseline 0 -15"><span class='ocrx_word' id='word_1_98' title='bbox 408 1396 476 1437; x_wconf 83' lang='lat' dir='ltr'>Sic</span> <span class='ocrx_word' id='word_1_99' title='bbox 507 1410 732 1437; x_wconf 90' lang='lat' dir='ltr'>commune</span> <span class='ocrx_word' id='word_1_100' title='bbox 765 1397 900 1438; x_wconf 90' lang='lat' dir='ltr'>tribus</span> <span class='ocrx_word' id='word_1_101' title='bbox 932 1397 1101 1438; x_wconf 84' lang='lat' dir='ltr'>dabitur</span> <span class='ocrx_word' id='word_1_102' title='bbox 1132 1401 1228 1452; x_wconf 89' lang='lat' dir='ltr'>post</span> <span class='ocrx_word' id='word_1_103' title='bbox 1260 1397 1348 1438; x_wconf 85' lang='lat' dir='ltr'>fata</span> <span class='ocrx_word' id='word_1_104' title='bbox 1380 1397 1634 1452; x_wconf 87' lang='lat' dir='ltr'>sepulcrum,</span> 
     </span>
     <span class='ocr_line' id='line_1_25' title="bbox 478 1453 1464 1510; baseline 0.004 -17"><span class='ocrx_word' id='word_1_105' title='bbox 478 1453 531 1495; x_wconf 82' lang='lat' dir='ltr'>Et</span> <span class='ocrx_word' id='word_1_106' title='bbox 562 1454 701 1496; x_wconf 89' lang='lat' dir='ltr'>socios</span> <span class='ocrx_word' id='word_1_107' title='bbox 733 1454 893 1496; x_wconf 78' lang='lat' dir='ltr'>cineres</span> <span class='ocrx_word' id='word_1_108' title='bbox 926 1469 1001 1510; x_wconf 86' lang='lat' dir='ltr'>par</span> <span class='ocrx_word' id='word_1_109' title='bbox 1032 1455 1166 1497; x_wconf 91' lang='lat' dir='ltr'>tribus</span> <span class='ocrx_word' id='word_1_110' title='bbox 1199 1469 1304 1496; x_wconf 92' lang='lat' dir='ltr'>urna</span> <span class='ocrx_word' id='word_1_111' title='bbox 1336 1459 1464 1510; x_wconf 87' lang='lat' dir='ltr'>teget.</span> 
     </span>
    </p>
   </div>
   <div class='ocr_carea' id='block_1_11' title="bbox 270 1569 1721 2671">
    <p class='ocr_par' dir='ltr' id='par_1_17' title="bbox 270 1569 1721 2307">
     <span class='ocr_line' id='line_1_26' title="bbox 411 1569 1717 1626; baseline 0 -16"><span class='ocrx_word' id='word_1_112' title='bbox 411 1569 489 1611; x_wconf 89' lang='lat' dir='ltr'>His</span> <span class='ocrx_word' id='word_1_113' title='bbox 522 1569 644 1611; x_wconf 90' lang='lat' dir='ltr'>dictis</span> <span class='ocrx_word' id='word_1_114' title='bbox 676 1571 802 1611; x_wconf 90' lang='lat' dir='ltr'>ambo</span> <span class='ocrx_word' id='word_1_115' title='bbox 835 1570 1013 1625; x_wconf 84' lang='lat' dir='ltr'>genibus</span> <span class='ocrx_word' id='word_1_116' title='bbox 1045 1571 1146 1623; x_wconf 85' lang='lat' dir='ltr'>nixi,</span> <span class='ocrx_word' id='word_1_117' title='bbox 1179 1569 1297 1624; x_wconf 80' lang='lat' dir='ltr'>(nam</span> <span class='ocrx_word' id='word_1_118' title='bbox 1328 1570 1403 1612; x_wconf 89' lang='lat' dir='ltr'>fati</span> <span class='ocrx_word' id='word_1_119' title='bbox 1425 1571 1717 1626; x_wconf 86' lang='lat' dir='ltr'>propinquitas</span> 
     </span>
     <span class='ocr_line' id='line_1_27' title="bbox 271 1627 1720 1683; baseline -0.002 -13"><span class='ocrx_word' id='word_1_120' title='bbox 271 1629 381 1670; x_wconf 86' lang='lat' dir='ltr'>uires</span> <span class='ocrx_word' id='word_1_121' title='bbox 405 1627 645 1677; x_wconf 57' lang='lat' dir='ltr'>hauserat]</span> <span class='ocrx_word' id='word_1_122' title='bbox 669 1629 903 1669; x_wconf 87' lang='lat' dir='ltr'>comminus</span> <span class='ocrx_word' id='word_1_123' title='bbox 927 1634 1021 1670; x_wconf 86' lang='lat' dir='ltr'>cum</span> <span class='ocrx_word' id='word_1_124' title='bbox 1042 1627 1179 1670; x_wconf 91' lang='lat' dir='ltr'>Olone</span> <span class='ocrx_word' id='word_1_125' title='bbox 1203 1629 1428 1683; x_wconf 85' lang='lat' dir='ltr'>confligere</span> <span class='ocrx_word' id='word_1_126' title='bbox 1450 1641 1720 1683; x_wconf 86' lang='lat' dir='ltr'>summopere</span> 
     </span>
     <span class='ocr_line' id='line_1_28' title="bbox 271 1686 1719 1741; baseline 0.001 -15"><span class='ocrx_word' id='word_1_127' title='bbox 271 1687 359 1738; x_wconf 89' lang='lat' dir='ltr'>niti,</span> <span class='ocrx_word' id='word_1_128' title='bbox 385 1691 430 1726; x_wconf 90' lang='lat' dir='ltr'>ut</span> <span class='ocrx_word' id='word_1_129' title='bbox 452 1686 626 1741; x_wconf 88' lang='lat' dir='ltr'>perituri</span> <span class='ocrx_word' id='word_1_130' title='bbox 648 1690 786 1727; x_wconf 87' lang='lat' dir='ltr'>morte</span> <span class='ocrx_word' id='word_1_131' title='bbox 807 1686 973 1728; x_wconf 87' lang='lat' dir='ltr'>hostem</span> <span class='ocrx_word' id='word_1_132' title='bbox 1005 1700 1160 1741; x_wconf 84' lang='lat' dir='ltr'>equare</span> <span class='ocrx_word' id='word_1_133' title='bbox 1183 1692 1375 1741; x_wconf 70' lang='lat' dir='ltr'>possent,</span> <span class='ocrx_word' id='word_1_134' title='bbox 1407 1686 1719 1741; x_wconf 88' lang='lat' dir='ltr'>floccipendere</span> 
     </span>
     <span class='ocr_line' id='line_1_29' title="bbox 271 1743 1719 1799; baseline 0 -14"><span class='ocrx_word' id='word_1_135' title='bbox 271 1744 419 1787; x_wconf 77' lang='lat' dir='ltr'>fatum,</span> <span class='ocrx_word' id='word_1_136' title='bbox 452 1744 550 1784; x_wconf 87' lang='lat' dir='ltr'>dum</span> <span class='ocrx_word' id='word_1_137' title='bbox 583 1743 710 1785; x_wconf 89' lang='lat' dir='ltr'>modo</span> <span class='ocrx_word' id='word_1_138' title='bbox 745 1758 854 1790; x_wconf 83' lang='lat' dir='ltr'>eum,</span> <span class='ocrx_word' id='word_1_139' title='bbox 888 1758 912 1784; x_wconf 89' lang='lat' dir='ltr'>a</span> <span class='ocrx_word' id='word_1_140' title='bbox 944 1758 1026 1799; x_wconf 91' lang='lat' dir='ltr'>quo</span> <span class='ocrx_word' id='word_1_141' title='bbox 1060 1744 1373 1796; x_wconf 80' lang='lat' dir='ltr'>occidebantur,</span> <span class='ocrx_word' id='word_1_142' title='bbox 1407 1745 1521 1785; x_wconf 90' lang='lat' dir='ltr'>socio</span> <span class='ocrx_word' id='word_1_143' title='bbox 1560 1744 1719 1799; x_wconf 83' lang='lat' dir='ltr'>ample-</span> 
     </span>
     <span class='ocr_line' id='line_1_30' title="bbox 272 1801 1720 1857; baseline -0.001 -15"><span class='ocrx_word' id='word_1_144' title='bbox 272 1806 488 1843; x_wconf 87' lang='lat' dir='ltr'>cterentur</span> <span class='ocrx_word' id='word_1_145' title='bbox 521 1816 685 1844; x_wconf 87' lang='lat' dir='ltr'>occasu.</span> <span class='ocrx_word' id='word_1_146' title='bbox 762 1802 798 1843; x_wconf 84' lang='lat' dir='ltr'>E</span> <span class='ocrx_word' id='word_1_147' title='bbox 837 1803 988 1857; x_wconf 87' lang='lat' dir='ltr'>quibus</span> <span class='ocrx_word' id='word_1_148' title='bbox 1021 1802 1099 1844; x_wconf 88' lang='lat' dir='ltr'>Olo</span> <span class='ocrx_word' id='word_1_149' title='bbox 1140 1802 1319 1843; x_wconf 89' lang='lat' dir='ltr'>alterum</span> <span class='ocrx_word' id='word_1_150' title='bbox 1362 1801 1495 1854; x_wconf 88' lang='lat' dir='ltr'>ferro,</span> <span class='ocrx_word' id='word_1_151' title='bbox 1540 1801 1720 1843; x_wconf 87' lang='lat' dir='ltr'>alterum</span> 
     </span>
     <span class='ocr_line' id='line_1_31' title="bbox 272 1859 1721 1915; baseline -0.001 -15"><span class='ocrx_word' id='word_1_152' title='bbox 272 1874 374 1901; x_wconf 88' lang='lat' dir='ltr'>cane</span> <span class='ocrx_word' id='word_1_153' title='bbox 406 1861 678 1914; x_wconf 84' lang='lat' dir='ltr'>consumpsit.</span> <span class='ocrx_word' id='word_1_154' title='bbox 752 1860 833 1901; x_wconf 84' lang='lat' dir='ltr'>Sed</span> <span class='ocrx_word' id='word_1_155' title='bbox 868 1874 920 1901; x_wconf 91' lang='lat' dir='ltr'>ne</span> <span class='ocrx_word' id='word_1_156' title='bbox 952 1861 1043 1915; x_wconf 87' lang='lat' dir='ltr'>ipse</span> <span class='ocrx_word' id='word_1_157' title='bbox 1076 1859 1246 1914; x_wconf 88' lang='lat' dir='ltr'>quidem</span> <span class='ocrx_word' id='word_1_158' title='bbox 1287 1860 1553 1901; x_wconf 75' lang='lat' dir='ltr'>incruentam</span> <span class='ocrx_word' id='word_1_159' title='bbox 1591 1859 1721 1914; x_wconf 87' lang='lat' dir='ltr'>gessit</span> 
     </span>
     <span class='ocr_line' id='line_1_32' title="bbox 270 1917 1718 1971; baseline -0.001 -12"><span class='ocrx_word' id='word_1_160' title='bbox 270 1917 517 1959; x_wconf 82' lang='lat' dir='ltr'>uictoriam.</span> <span class='ocrx_word' id='word_1_161' title='bbox 563 1932 680 1970; x_wconf 89' lang='lat' dir='ltr'>cum,</span> <span class='ocrx_word' id='word_1_162' title='bbox 723 1918 929 1959; x_wconf 81' lang='lat' dir='ltr'>hactenus</span> <span class='ocrx_word' id='word_1_163' title='bbox 961 1918 1149 1971; x_wconf 80' lang='lat' dir='ltr'>integer,</span> <span class='ocrx_word' id='word_1_164' title='bbox 1192 1922 1280 1958; x_wconf 91' lang='lat' dir='ltr'>tum</span> <span class='ocrx_word' id='word_1_165' title='bbox 1325 1917 1495 1958; x_wconf 89' lang='lat' dir='ltr'>demum</span> <span class='ocrx_word' id='word_1_166' title='bbox 1537 1917 1718 1958; x_wconf 86' lang='lat' dir='ltr'>aduerso</span> 
     </span>
     <span class='ocr_line' id='line_1_33' title="bbox 272 1973 1719 2030; baseline -0.001 -14"><span class='ocrx_word' id='word_1_167' title='bbox 272 1976 426 2016; x_wconf 90' lang='lat' dir='ltr'>uulnus</span> <span class='ocrx_word' id='word_1_168' title='bbox 460 1989 636 2030; x_wconf 83' lang='lat' dir='ltr'>corpore</span> <span class='ocrx_word' id='word_1_169' title='bbox 670 1977 937 2030; x_wconf 87' lang='lat' dir='ltr'>suscepisset.</span> <span class='ocrx_word' id='word_1_170' title='bbox 987 1975 1072 2023; x_wconf 75' lang='lat' dir='ltr'>Qui</span> <span class='ocrx_word' id='word_1_171' title='bbox 1091 1974 1238 2016; x_wconf 88' lang='lat' dir='ltr'>sedulo</span> <span class='ocrx_word' id='word_1_172' title='bbox 1263 1973 1330 2029; x_wconf 64' lang='lat' dir='ltr'>(a)</span> <span class='ocrx_word' id='word_1_173' title='bbox 1352 1989 1455 2017; x_wconf 87' lang='lat' dir='ltr'>cane</span> <span class='ocrx_word' id='word_1_174' title='bbox 1477 1975 1719 2030; x_wconf 79' lang='lat' dir='ltr'>perlinctus,</span> 
     </span>
     <span class='ocr_line' id='line_1_34' title="bbox 273 2032 1720 2088; baseline -0.002 -13"><span class='ocrx_word' id='word_1_175' title='bbox 273 2038 522 2088; x_wconf 84' lang='lat' dir='ltr'>recuperata</span> <span class='ocrx_word' id='word_1_176' title='bbox 554 2034 739 2088; x_wconf 86' lang='lat' dir='ltr'>corporis</span> <span class='ocrx_word' id='word_1_177' title='bbox 770 2034 986 2084; x_wconf 83' lang='lat' dir='ltr'>firmitate,</span> <span class='ocrx_word' id='word_1_178' title='bbox 1015 2047 1115 2073; x_wconf 82' lang='lat' dir='ltr'>mox</span> <span class='ocrx_word' id='word_1_179' title='bbox 1156 2032 1208 2073; x_wconf 86' lang='lat' dir='ltr'>ad</span> <span class='ocrx_word' id='word_1_180' title='bbox 1241 2033 1502 2087; x_wconf 85' lang='lat' dir='ltr'>uulgandam</span> <span class='ocrx_word' id='word_1_181' title='bbox 1544 2032 1720 2074; x_wconf 88' lang='lat' dir='ltr'>uicto&#39;rie</span> 
     </span>
     <span class='ocr_line' id='line_1_35' title="bbox 273 2091 1719 2146; baseline 0 -15"><span class='ocrx_word' id='word_1_182' title='bbox 273 2105 347 2133; x_wconf 87' lang='lat' dir='ltr'>sue</span> <span class='ocrx_word' id='word_1_183' title='bbox 378 2091 505 2132; x_wconf 89' lang='lat' dir='ltr'>fidem</span> <span class='ocrx_word' id='word_1_184' title='bbox 539 2092 632 2146; x_wconf 90' lang='lat' dir='ltr'>ipsa</span> <span class='ocrx_word' id='word_1_185' title='bbox 662 2092 878 2132; x_wconf 88' lang='lat' dir='ltr'>latronum</span> <span class='ocrx_word' id='word_1_186' title='bbox 911 2091 1124 2133; x_wconf 83' lang='lat' dir='ltr'>cadauera</span> <span class='ocrx_word' id='word_1_187' title='bbox 1158 2091 1359 2145; x_wconf 84' lang='lat' dir='ltr'>patibulis</span> <span class='ocrx_word' id='word_1_188' title='bbox 1391 2091 1557 2146; x_wconf 87' lang='lat' dir='ltr'>ingesta</span> <span class='ocrx_word' id='word_1_189' title='bbox 1587 2091 1719 2131; x_wconf 82' lang='lat' dir='ltr'>lacius</span> 
     </span>
     <span class='ocr_line' id='line_1_36' title="bbox 271 2147 1720 2205; baseline -0.002 -14"><span class='ocrx_word' id='word_1_190' title='bbox 271 2148 550 2205; x_wconf 86' lang='lat' dir='ltr'>inspectanda</span> <span class='ocrx_word' id='word_1_191' title='bbox 583 2149 813 2191; x_wconf 86' lang='lat' dir='ltr'>constituit.</span> <span class='ocrx_word' id='word_1_192' title='bbox 880 2148 1080 2191; x_wconf 85' lang='lat' dir='ltr'>Ceterum</span> <span class='ocrx_word' id='word_1_193' title='bbox 1124 2153 1261 2190; x_wconf 88' lang='lat' dir='ltr'>castro</span> <span class='ocrx_word' id='word_1_194' title='bbox 1294 2149 1478 2204; x_wconf 83' lang='lat' dir='ltr'>potitus,</span> <span class='ocrx_word' id='word_1_195' title='bbox 1522 2147 1720 2204; x_wconf 90' lang='lat' dir='ltr'>quicquid</span> 
     </span>
     <span class='ocr_line' id='line_1_37' title="bbox 270 2206 1719 2262; baseline -0.001 -14"><span class='ocrx_word' id='word_1_196' title='bbox 270 2208 371 2249; x_wconf 90' lang='lat' dir='ltr'>inibi</span> <span class='ocrx_word' id='word_1_197' title='bbox 403 2206 534 2261; x_wconf 84' lang='lat' dir='ltr'>prede</span> <span class='ocrx_word' id='word_1_198' title='bbox 565 2207 764 2262; x_wconf 87' lang='lat' dir='ltr'>repperit,</span> <span class='ocrx_word' id='word_1_199' title='bbox 797 2207 1058 2248; x_wconf 80' lang='lat' dir='ltr'>clandestine</span> <span class='ocrx_word' id='word_1_200' title='bbox 1101 2206 1289 2248; x_wconf 85' lang='lat' dir='ltr'>custodie</span> <span class='ocrx_word' id='word_1_201' title='bbox 1322 2207 1523 2248; x_wconf 88' lang='lat' dir='ltr'>traditum</span> <span class='ocrx_word' id='word_1_202' title='bbox 1566 2206 1719 2247; x_wconf 84' lang='lat' dir='ltr'>futuris</span> 
     </span>
     <span class='ocr_line' id='line_1_38' title="bbox 271 2265 699 2307; baseline -0.002 -1"><span class='ocrx_word' id='word_1_203' title='bbox 271 2265 420 2307; x_wconf 89' lang='lat' dir='ltr'>usibus</span> <span class='ocrx_word' id='word_1_204' title='bbox 451 2265 699 2307; x_wconf 86' lang='lat' dir='ltr'>asseruauit.</span> 
     </span>
    </p>

    <p class='ocr_par' dir='ltr' id='par_1_18' title="bbox 272 2321 1721 2671">
     <span class='ocr_line' id='line_1_39' title="bbox 410 2321 1720 2378; baseline 0 -16"><span class='ocrx_word' id='word_1_205' title='bbox 410 2321 474 2363; x_wconf 86' lang='lat' dir='ltr'>Ea</span> <span class='ocrx_word' id='word_1_206' title='bbox 506 2326 763 2378; x_wconf 87' lang='lat' dir='ltr'>tempestate</span> <span class='ocrx_word' id='word_1_207' title='bbox 794 2322 907 2364; x_wconf 82' lang='lat' dir='ltr'>Scati</span> <span class='ocrx_word' id='word_1_208' title='bbox 940 2326 980 2363; x_wconf 92' lang='lat' dir='ltr'>et</span> <span class='ocrx_word' id='word_1_209' title='bbox 1013 2321 1129 2363; x_wconf 88' lang='lat' dir='ltr'>Hiali</span> <span class='ocrx_word' id='word_1_210' title='bbox 1160 2322 1337 2363; x_wconf 87' lang='lat' dir='ltr'>fratrum</span> <span class='ocrx_word' id='word_1_211' title='bbox 1375 2321 1561 2363; x_wconf 88' lang='lat' dir='ltr'>insolens</span> <span class='ocrx_word' id='word_1_212' title='bbox 1594 2322 1720 2362; x_wconf 81' lang='lat' dir='ltr'>luxus</span> 
     </span>
     <span class='ocr_line' id='line_1_40' title="bbox 274 2379 1719 2436; baseline -0.001 -14"><span class='ocrx_word' id='word_1_213' title='bbox 274 2395 323 2423; x_wconf 90' lang='lat' dir='ltr'>eo</span> <span class='ocrx_word' id='word_1_214' title='bbox 374 2381 617 2436; x_wconf 89' lang='lat' dir='ltr'>petulancie</span> <span class='ocrx_word' id='word_1_215' title='bbox 667 2381 901 2435; x_wconf 71' lang='lat' dir='ltr'>prorepsit,</span> <span class='ocrx_word' id='word_1_216' title='bbox 956 2384 1003 2421; x_wconf 90' lang='lat' dir='ltr'>ut</span> <span class='ocrx_word' id='word_1_217' title='bbox 1055 2380 1299 2421; x_wconf 81' lang='lat' dir='ltr'>excellentis</span> <span class='ocrx_word' id='word_1_218' title='bbox 1349 2380 1483 2420; x_wconf 87' lang='lat' dir='ltr'>forme</span> <span class='ocrx_word' id='word_1_219' title='bbox 1534 2379 1719 2434; x_wconf 86' lang='lat' dir='ltr'>uirgines</span> 
     </span>
     <span class='ocr_line' id='line_1_41' title="bbox 272 2437 1721 2494; baseline -0.001 -15"><span class='ocrx_word' id='word_1_220' title='bbox 272 2438 521 2494; x_wconf 88' lang='lat' dir='ltr'>parentibus</span> <span class='ocrx_word' id='word_1_221' title='bbox 563 2442 731 2494; x_wconf 88' lang='lat' dir='ltr'>ereptas</span> <span class='ocrx_word' id='word_1_222' title='bbox 763 2438 987 2480; x_wconf 88' lang='lat' dir='ltr'>concubitu</span> <span class='ocrx_word' id='word_1_223' title='bbox 1028 2437 1281 2478; x_wconf 83' lang='lat' dir='ltr'>uiolarent.&#39;</span> <span class='ocrx_word' id='word_1_224' title='bbox 1333 2437 1427 2485; x_wconf 80' lang='lat' dir='ltr'>Quo</span> <span class='ocrx_word' id='word_1_225' title='bbox 1470 2438 1633 2490; x_wconf 89' lang='lat' dir='ltr'>euenit,</span> <span class='ocrx_word' id='word_1_226' title='bbox 1674 2441 1721 2477; x_wconf 91' lang='lat' dir='ltr'>ut</span> 
     </span>
     <span class='ocr_line' id='line_1_42' title="bbox 272 2494 1719 2551; baseline -0.001 -14"><span class='ocrx_word' id='word_1_227' title='bbox 272 2496 401 2537; x_wconf 88' lang='lat' dir='ltr'>Esam</span> <span class='ocrx_word' id='word_1_228' title='bbox 443 2510 636 2551; x_wconf 88' lang='lat' dir='ltr'>quoque,</span> <span class='ocrx_word' id='word_1_229' title='bbox 680 2496 827 2546; x_wconf 87' lang='lat' dir='ltr'>Olaui,</span> <span class='ocrx_word' id='word_1_230' title='bbox 868 2494 1139 2536; x_wconf 73' lang='lat' dir='ltr'>&#39;Wermorum</span> <span class='ocrx_word' id='word_1_231' title='bbox 1184 2495 1343 2549; x_wconf 84' lang='lat' dir='ltr'>reguli,</span> <span class='ocrx_word' id='word_1_232' title='bbox 1385 2495 1537 2546; x_wconf 88' lang='lat' dir='ltr'>filiam,</span> <span class='ocrx_word' id='word_1_233' title='bbox 1579 2495 1719 2549; x_wconf 88' lang='lat' dir='ltr'>raptui</span> 
     </span>
     <span class='ocr_line' id='line_1_43' title="bbox 274 2551 1721 2608; baseline -0.002 -13"><span class='ocrx_word' id='word_1_234' title='bbox 274 2554 533 2595; x_wconf 87' lang='lat' dir='ltr'>destinantes</span> <span class='ocrx_word' id='word_1_235' title='bbox 565 2554 675 2608; x_wconf 87' lang='lat' dir='ltr'>patri</span> <span class='ocrx_word' id='word_1_236' title='bbox 697 2552 960 2599; x_wconf 79' lang='lat' dir='ltr'>mandarent,</span> <span class='ocrx_word' id='word_1_237' title='bbox 992 2553 1025 2594; x_wconf 90' lang='lat' dir='ltr'>si</span> <span class='ocrx_word' id='word_1_238' title='bbox 1047 2553 1164 2594; x_wconf 86' lang='lat' dir='ltr'>illam</span> <span class='ocrx_word' id='word_1_239' title='bbox 1195 2557 1372 2594; x_wconf 86' lang='lat' dir='ltr'>externe</span> <span class='ocrx_word' id='word_1_240' title='bbox 1393 2551 1554 2593; x_wconf 92' lang='lat' dir='ltr'>libidini</span> <span class='ocrx_word' id='word_1_241' title='bbox 1585 2551 1721 2592; x_wconf 83' lang='lat' dir='ltr'>famu-</span> 
     </span>
     <span class='ocr_line' id='line_1_44' title="bbox 273 2609 1719 2671; baseline -0.002 -18"><span class='ocrx_word' id='word_1_242' title='bbox 273 2613 348 2656; x_wconf 86' lang='lat' dir='ltr'>lari</span> <span class='ocrx_word' id='word_1_243' title='bbox 382 2611 539 2669; x_wconf 82' lang='lat' dir='ltr'>nollet,</span> <span class='ocrx_word' id='word_1_244' title='bbox 584 2626 660 2671; x_wconf 89' lang='lat' dir='ltr'>per</span> <span class='ocrx_word' id='word_1_245' title='bbox 692 2626 737 2654; x_wconf 90' lang='lat' dir='ltr'>se</span> <span class='ocrx_word' id='word_1_246' title='bbox 777 2611 963 2653; x_wconf 89' lang='lat' dir='ltr'>aliumue</span> <span class='ocrx_word' id='word_1_247' title='bbox 995 2611 1238 2668; x_wconf 89' lang='lat' dir='ltr'>quempiam</span> <span class='ocrx_word' id='word_1_248' title='bbox 1278 2624 1355 2670; x_wconf 88' lang='lat' dir='ltr'>pro</span> <span class='ocrx_word' id='word_1_249' title='bbox 1402 2609 1561 2651; x_wconf 87' lang='lat' dir='ltr'>tuenda</span> <span class='ocrx_word' id='word_1_250' title='bbox 1598 2610 1719 2669; x_wconf 83' lang='lat' dir='ltr'>prole</span> 
     </span>
    </p>
   </div>
   <div class='ocr_carea' id='block_1_12' title="bbox 1780 1167 1862 1200">
    <p class='ocr_par' dir='ltr' id='par_1_19' title="bbox 1780 1167 1862 1200">
     <span class='ocr_line' id='line_1_45' title="bbox 1780 1167 1862 1200; baseline 0 -6"><span class='ocrx_word' id='word_1_251' title='bbox 1780 1167 1862 1200; x_wconf 68' lang='lat'><strong>(141)</strong></span> 
     </span>
    </p>
   </div>
  </div>
 </body>
</html>
