1884 3126
66 909 97 936 m

68 1197 99 1224 ὦ

59 1486 97 1513 20

60 1774 95 1802 25

58 2065 93 2091 30

57 2352 94 2380 35

56 2645 93 2675 40

702 276 751 283 —
812 253 900 295 XV
959 278 1012 284 -—
1495 258 1580 301 645

133 374 298 428 ingrata
329 374 628 418 Scaniensium'
652 391 767 432 gen8‚
800 393 880 435 que
912 381 1038 436 pleno
1061 381 1308 425 temeritatis
1338 381 1481 424 furore
1512 387 1577 425 tot

134 432 448 474 commodorum
482 438 652 476 tuorum
685 437 845 478 auctori
868 438 1060 480 iniuriam
1082 453 1158 494 pro
1181 438 1322 493 gracia
1343 439 1577 495 rependere

134 490 280 531 rubori
311 504 395 531 non
429 491 558 533 ducis.
619 493 809 536 Pastoris
841 497 1114 551 parentisque
1145 497 1207 538 tui
1237 497 1468 552 nauigium,
1499 499 1574 540 im-

135 548 392 602 probissimis
441 554 591 591 euecta
637 550 780 605 furiis,
821 553 970 595 finibus
1015 555 1096 596 tuis
1133 554 1357 611 prohibere
1398 556 1575 608 conaris,

136 605 252 647 cuius
301 606 507 649 beneficio
555 607 656 662 tibi,
702 610 922 664 piraticam
970 613 1101 653 tocies
1144 612 1342 654 seuiciam
1384 618 1573 669 experte,

133 667 223 705 tuta
263 663 349 706 late
389 665 611 720 nauigacio
648 671 780 721 patet.
842 667 907 708 Illi
949 675 1188 723 presentem
1228 670 1380 712 littoris
1412 671 1574 712 aditum

132 735 278 776 negaS,
309 722 427 764 cuius
459 723 609 766 bellica
639 725 788 778 uirtus,
821 739 873 766 ne
904 730 949 767 tu
982 726 1149 782 quidem
1183 728 1258 769 hac
1288 728 1442 770 littoris
1474 727 1575 771 sede

131 780 361 835 pellerere,
393 781 582 836 perfecit.
644 780 815 837 Dellsine
847 797 945 837 ergo
979 785 1148 839 optimis
1186 785 1427 840 amplissimi
1464 787 1569 829 inte-

131 837 389 893 gerrimi'que
421 839 499 879 uiri
532 840 690 881 meritis
724 841 845 896 quasi
876 843 1134 895 grauissimis
1166 843 1368 884 insultare
1398 843 1571 896 delictis,

132 909 404 950 erroremque
450 897 593 952 iniquo
641 899 880 940 animorum
928 899 1078 942 iudicio
1125 904 1388 942 contractum
1438 901 1574 943 ueloci

131 953 368 1009 penitencie
399 955 539 996 studio
581 955 755 997 redime.
815 956 907 998 Nec
938 958 1154 1011 pacienter
1199 972 1273 999 rex
1305 962 1388 999 tam
1423 966 1570 1001 contu-

133 1011 352 1053 meliosam
387 1026 535 1054 eorum
568 1013 789 1055 audaciam
820 1014 930 1056 ferre
962 1017 1114 1069 potuit.
1176 1015 1430 1057 Estuantem
1465 1030 1574 1068 eum,

131 1083 346 1124 equosque.
379 1075 420 1111 et
446 1074 451 1119 1
481 1084 596 1111 arma
627 1075 887 1127 poscentem,
915 1072 1183 1130 Arusyorum
1213 1073 1405 1129 pontifex
1429 1073 1570 1116 Sueno

132 1127 311 1168 medium
356 1129 626 1184 complexus,
667 1130 822 1184 nequid
865 1130 956 1171 duri
997 1131 1039 1171 in
1079 1131 1245 1186 plebem
1278 1132 1570 1185 committeret,

131 1185 397 1228 obsecrabat.
461 1186 605 1228 Pietas
647 1188 708 1228 illi
739 1190 963 1229 an'metus
1004 1189 1114 1230 hunc
1147 1203 1294 1230 ausum
1328 1190 1569 1244 prestiterit‚

128 1242 367 1284 incertum*
412 1250 488 1285 est.
551 1245 634 1286 Sed
677 1245 788 1301 apud
821 1246 932 1300 regis
965 1247 1172 1299 animum,
1206 1247 1404 1288 continua
1435 1247 1570 1289 Absa-

130 1301 235 1343 lonis
282 1302 457 1344 caritate
503 1303 683 1356 flagrare
732 1304 926 1356 solitum,
972 1305 1178 1346 uenientis
1220 1305 1343 1346 amici
1385 1304 1571 1359 pericula

130 1359 447 1413 complectentis
481 1361 676 1414 precibus
707 1361 1093 1416 preponderabant.
1156 1362 1250 1411 Quo
1275 1362 1569 1416 descendente,

129 1417 199 1472 qui
230 1417 443 1473 nauigium
477 1418 810 1467 infestauerant,
854 1432 1016 1461 summa
1049 1434 1141 1460 cum
1174 1420 1415 1462 innocencie
1446 1420 1571 1461 simu-

126 1474 302 1527 lacione,
334 1476 526 1530 repetitis
558 1477 867 1526 tabernaculis,
898 1478 1098 1519 Absaloni
1132 1478 1248 1519 littus
1281 1492 1457 1520 cessere.
1518 1473 1568 1519 In

129 1546 210 1588 quo
244 1539 339 1587 post
371 1533 540 1575 modum
574 1534 793 1575 diuiduum
828 1535 864 1576 ei
895 1536 1071 1590 regique
1103 1548 1197 1576 cum
1229 1535 1404 1576 Scanico
1437 1536 1569 1577 milite

130 1591 383 1644 colloquium
415 1591 509 1633 fuit.
572 1592 845 1644 ScanienseS,
879 1592 992 1647 apud
1025 1607 1130 1648 quos
1163 1607 1239 1634 rex
1271 1592 1474 1648 sopiende
1506 1606 1568 1634 se-

128 1648 303 1690 dicionis
336 1650 560 1691 consilium
591 1650 790 1705 agitabat,
825 1650 1082 1692 Absalonem
1114 1650 1386 1706 aduenasque
1419 1650 1568 1692 Scanie

127 1707 315 1761 porcioni
346 1708 586 1762 prepositos
627 1708 904 1749 remittendos
936 1709 1194 1762 monebant,
1228 1707 1432 1762 dicendo,
1464 1708 1566 1749 nihil

126 1764 177 1805 ad
220 1765 434 1820 publicam
480 1765 744 1807 demenciam
787 1766 1149 1822 comprimendam
1194 1780 1343 1807 eorum
1371 1766 1568 1807 absencia

127 1822 340 1864 efficacius
381 1822 496 1876 fore,
541 1837 621 1878 que
655 1838 740 1865 non
771 1824 995 1865 aduersum
1028 1838 1190 1877 regem,
1223 1822 1294 1865 sed
1327 1824 1370 1864 in
1401 1823 1566 1865 illorum

126 1881 270 1934 plenos
302 1881 575 1935 malignitatis
622 1887 739 1923 actus
781 1882 999 1923 exarserit.
1059 1881 1199 1923 Huius
1230 1881 1442 1922 sentencie
1479 1880 1567 1922 suf-

125 1937 358 1992 fragatores
380 1939 575 1980 Iutenses
599 1940 752 1980 milites
774 1938 904 1981 fuere.
951 1938 1186 1993 [Creditum
1208 1944 1284 1991 est,
1319 1952 1392 1980 eos
1414 1939 1567 1993 partim

127 1995 383 2038 decimarum
406 1997 520 2048 odio,
545 2012 722 2052 quarum
746 2011 881 2052 nuper
904 1997 1054 2039 Scanie
1076 1996 1372 2051 Sialandieque
1404 1996 1563 2038 solucio

124 2054 384 2108 inoleuerat,
431 2055 580 2109 partim
624 2059 739 2096 metu
774 2069 825 2096 ex
859 2055 1054 2096 Fotensis
1094 2068 1237 2110 pigne
1267 2053 1565 2102 recordacione

127 2117 344 2153 contracto
369 2112 598 2154 Absalonis
630 2113 851 2154 affectasse
882 2111 1144 2166 discessum].
1173 2117 1177 2162 Ι
1207 2112 1341 2160 Quam
1375 2110 1562 2152 eiusdem

128 2170 287 2224 equites
321 2170 563 2212 honestiore
603 2171 731 2212 animi
761 2170 915 2211 iudicio
948 2171 1154 2219 execrati,
1192 2173 1354 2211 tantum
1386 2168 1462 2210 sibi
1493 2182 1565 2209 ne-

126 2227 440 2277 cessitudinum,
473 2231 635 2269 tanturn
665 2229 831 2283 generis
864 2241 1155 2283 armorumque
1177 2227 1304 2268 robur
1332 2240 1423 2268 esse
1453 2225 1563 2267 dice-

125 2284 249 2335 bant,
294 2290 365 2334 ut,
412 2285 554 2327 inuitis
601 2286 847 2341 infestisque
895 2286 1189 2341 popularibus,
1235 2285 1382 2325 herum
1429 2297 1564 2333 suum,

124 2342 282 2398 absque
324 2344 535 2398 regiorum
576 2345 754 2385 militum
787 2343 1075 2391 amminiculo,
1107 2357 1183 2397 per
1216 2344 1383 2382 cunctas
1415 2340 1565 2382 Scanie

125 2401 266 2455 partes
288 2414 313 2442 a
337 2415 381 2442 se
402 2405 495 2443 tuto
519 2401 738 2457 libereque
770 2401 1153 2442 circunducendum
1174 2402 1405 2454 sperarent.
1451 2398 1565 2445 Quo-

126 2472 217 2498 rum
260 2459 460 2500 animosis
499 2458 872 2501 adhortacionibus
916 2472 1014 2511 rex,
1059 2458 1112 2500 ob
1145 2470 1291 2512 pacem
1323 2455 1435 2511 plebi
1465 2469 1564 2497 con-

126 2515 359 2569 ciliandam,
391 2516 569 2571 ignauos
602 2516 835 2557 Iutensium
879 2517 1061 2558 monitus
1094 2519 1377 2569 anteponens,
1409 2515 1562 2554 uocato

125 2573 342 2616 Absalone
364 2579 543 2623 secreto,
574 2578 790 2626 memorat,
822 2578 1019 2629 quantam
1043 2572 1222 2613 inuicem
1251 2571 1562 2613 sentenciarum

125 2631 392 2679 concordiam
413 2645 580 2692 semper
610 2631 831 2686 gesserint.
893 2630 1136 2691 Numquam
1167 2628 1248 2673 sibi
1277 2632 1363 2674 tam
1395 2627 1565 2674 diuersa

1623 794 1717 830 (367)

1625 1083 1725 1118 p.939

1591 1256 1707 1287 .CXCb

1616 2117 1712 2150 p.9ffl
