1884 3126
200 878 245 905 lof

200 1167 235 1193 15

201 1456 238 1484 20

202 1746 238 1773 25

202 2034 239 2062 30

202 2322 239 2350 35

203 2612 240 2640 40

275 217 356 261 100
832 242 886 249 -
944 214 1038 259 IIII
1102 240 1150 247 -

271 348 497 400 sceptrum,
537 342 632 398 Ego
664 343 871 387 seruitute
905 358 983 386 uos
1015 345 1127 397 exui,
1157 344 1275 386 indui
1306 343 1516 399 libertate,
1547 345 1713 388 restitui

271 403 463 453 culmen,
504 402 685 457 gloriam
715 403 930 457 reparaui,
970 406 1194 457 tyrannum
1217 402 1231 456 ΙΙ
1255 403 1430 454 sustuli,
1474 403 1712 445 carnificem
1766 399 1841 433 (56)

271 458 554 516 trilumphaui.
596 459 812 501 Premium
842 474 972 515 penes
1003 474 1079 502 uos
1113 464 1201 514 est3
1234 461 1313 516 ipsi
1340 461 1537 503 meritum
1559 461 1713 514 nostis;
1751 470 1849 503 11-154

270 533 295 560 a
325 523 469 560 uestra
500 531 659 559 merces
692 518 849 560 uirtute
881 518 1120 573 requiritur.

406 575 609 618 Flexerat
651 575 732 617 hac
764 576 961 617 oracione
1007 575 1252 618 adolescens
1295 577 1483 618 omnium
1525 577 1711 630 animos3

270 632 477 688 quosdam
509 633 563 675 ad
594 633 936 686 miseracionem,
968 634 1073 675 alios
1105 633 1158 675 ad
1188 634 1426 690 lachrymas
1456 648 1590 689 usque
1621 649 1714 690 per-

270 692 403 732 duxit.
463 691 523 732 At
555 691 627 732 ubi
659 692 818 746 quieuit
851 705 1002 742 meror,
1035 705 1110 732 rex
1143 691 1269 734 alacri
1301 696 1547 734 cunctorum
1580 692 1714 734 accla-

270 750 463 791 macione
485 752 689 790 censetur.
731 749 967 790 Plurimum
989 750 1144 804 quippe
1166 750 1255 805 spei
1273 751 1314 792 in
1333 750 1422 793 eius
1439 751 1645 792 industria
1658 750 1712 791 ab

269 808 477 849 uniuersis
510 806 808 862 reponebatur,
836 808 906 862 qui
938 807 1044 848 tanti
1075 807 1272 850 facinoris
1305 822 1512 850 summam
1543 808 1713 863 profun-

268 865 440 906 dissimo
486 869 581 906 astu
622 867 841 917 texuerat,
887 864 1122 906 incredibili
1166 865 1389 908 molicione
1437 867 1711 909 concluserat.

270 923 415 964 Mirari
445 923 564 963 illum
596 923 832 978 complures
863 922 1028 971 uideres
1060 927 1177 964 tanto
1215 924 1418 979 temporis
1450 927 1587 965 tractu
1617 923 1713 966 sub-

268 981 509 1022 tilissimum
541 981 698 1022 texisse
733 980 968 1022 consilium.

406 1038 486 1079 His
524 1037 637 1093 apud
668 1038 850 1079 Daniam
893 1038 1045 1092 gestis,
1086 1039 1215 1080 ternis
1256 1038 1435 1093 nauigiis
1478 1039 1712 1094 impensius

270 1095 499 1149 adornatis,
523 1110 717 1137 socerum
742 1096 909 1137 uisurus
931 1109 978 1137 ac
1003 1096 1224 1150 coniugem
1246 1096 1508 1138 Britanniam
1544 1097 1711 1152 repetit.

267 1154 317 1195 In
361 1154 602 1195 clientelam
648 1167 816 1209 quoque
860 1154 985 1194 armis
1040 1157 1297 1208 prestantem
1337 1155 1602 1196 iuuentutem
1642 1154 1713 1195 ad-

271 1213 451 1263 ciuerat,
493 1212 705 1266 exquisito
736 1211 899 1252 decoris
931 1224 1084 1265 genere
1118 1212 1285 1264 cultam,
1317 1217 1385 1266 ut,
1424 1213 1531 1253 sicut
1563 1216 1714 1253 cuncta

271 1269 518 1324 despicabili
558 1269 719 1310 dudum
751 1269 896 1310 habitu
928 1274 1127 1323 gesserat,
1164 1270 1222 1310 ita
1253 1283 1364 1310 nunc
1396 1269 1628 1324 magnificis
1661 1269 1713 1310 ad

272 1328 413 1368 omnia
434 1327 652 1382 paratibus
684 1330 885 1379 uteretur,
920 1331 973 1380 et,
1007 1327 1203 1382 quicquid
1238 1327 1338 1368 olim
1368 1328 1610 1382 paupertati
1641 1328 1713 1368 tri-

271 1385 432 1436 buerat,
465 1384 517 1425 ad
549 1385 717 1426 luxurie
738 1385 972 1439 impensam
996 1390 1276 1426 conuerteret.
1314 1385 1362 1426 In
1387 1391 1506 1427 scuto
1531 1399 1713 1440 quoque,

269 1441 424 1498 (quod)
455 1442 532 1483 sibi
555 1443 693 1498 parari
724 1443 914 1494 iusserat,
947 1456 1116 1484 omnem
1139 1456 1314 1498 operum
1345 1456 1519 1484 suorum
1542 1448 1713 1484 contex-

270 1505 386 1554 tum,
433 1500 485 1540 ab
530 1501 712 1542 ineuntis
755 1499 878 1542 etatis
921 1500 1161 1554 primordiis
1204 1501 1457 1555 auspicatus,
1492 1500 1712 1555 exquisitis

270 1558 432 1613 picture
456 1560 566 1600 notis
590 1557 930 1599 adumbrandum
952 1558 1128 1601 curauit.
1162 1558 1256 1607 Quo
1279 1560 1516 1612 gestamine
1539 1558 1713 1613 perinde

271 1630 318 1657 ac
350 1617 555 1657 uirtutum
586 1630 758 1657 suarum
789 1619 897 1657 teste
929 1630 1051 1669 usus,
1092 1616 1291 1657 claritatis
1325 1617 1586 1658 incrementa
1616 1630 1712 1657 con-

270 1674 410 1716 traxit.
457 1673 560 1715 Istio
583 1673 754 1729 depingi
776 1673 942 1715 uideres
967 1673 1250 1716 Horwendilli
1271 1674 1474 1728 iugulum,
1497 1673 1713 1728 Fengonis

270 1745 364 1773 cum
382 1733 543 1773 incestu
557 1731 840 1787 parricidium,
855 1732 1120 1785 flagiciosum
1133 1737 1343 1787 patruum,
1358 1730 1602 1773 fratruelem
1616 1731 1714 1772 ridi-

271 1790 423 1840 culum,
437 1789 620 1831 aduncas
635 1790 827 1844 stipitum
842 1788 1010 1840 formas,
1021 1791 1302 1845 suspicionem
1316 1790 1466 1842 uitrici,
1482 1789 1715 1830 dissimula-

270 1849 437 1889 cionem
456 1848 651 1903 priuigni,
674 1851 901 1902 procurata
918 1852 1276 1889 tentamentorum
1292 1861 1461 1902 genera,
1483 1847 1715 1888 adhibitam

270 1906 430 1947 insidiis
460 1905 675 1957 feminam,
709 1906 893 1946 hiantem
925 1905 1084 1960 lupum,
1116 1906 1335 1947 inuentum
1366 1905 1712 1959 gubernaculum,

270 1964 518 2018 preteritum
549 1963 752 2014 sabulum,
784 1963 933 2004 initum
967 1977 1127 2016 nemus,
1159 1964 1327 2005 insitam
1359 1967 1501 2004 oestro
1534 1963 1713 2018 paleam,

269 2023 521 2062 instructum
567 2021 732 2062 indiciis
783 2020 1120 2075 adolescentem,
1173 2021 1298 2062 elusis
1351 2021 1574 2062 comitibus
1624 2034 1710 2062 rem

271 2093 462 2121 seorsum
503 2093 598 2120 cum
625 2080 630 2131 1
657 2079 821 2133 uirgine
861 2079 1064 2119 habitam.
1136 2078 1341 2120 Cerneres
1382 2079 1524 2133 itaque
1567 2078 1712 2120 adum·
1731 2089 1828 2123 p.155

270 2137 383 2178 brari
400 2138 573 2192 regiam,
591 2137 740 2179 adesse
757 2150 852 2177 cum
871 2136 954 2177 filio
973 2137 1176 2190 reginam,
1196 2135 1393 2177 trucidari
1410 2135 1710 2184 insidiatorem,

270 2195 527 2236 trucidatum
559 2195 752 2250 decoqui,
785 2194 925 2235 cloace
958 2198 1123 2234 coctum
1153 2194 1329 2245 infundi,
1365 2193 1549 2235 infusum
1566 2195 1710 2235 suibus

274 2252 417 2306 obiici,
473 2266 575 2294 ceno
636 2258 750 2294 artus
804 2253 1006 2305 insterni,
1048 2252 1244 2294 instratos
1295 2251 1427 2293 beluis
1488 2252 1711 2293 absumen-

269 2310 346 2352 dos
405 2310 598 2365 relinqui.
679 2309 856 2352 Videres
909 2309 1062 2363 eciam,
1123 2313 1170 2350 ut
1218 2308 1444 2351 Amlethus
1502 2308 1711 2351 dormien-

273 2368 383 2410 cium
415 2369 613 2409 comitum
635 2371 842 2410 secretum
873 2365 1208 2423 deprehenderit,
1241 2372 1288 2409 ut
1322 2367 1552 2408 obliteratis
1584 2368 1710 2422 apici-

272 2426 364 2479 bus,
398 2426 481 2467 alia
510 2426 741 2481 figurarum
771 2425 980 2466 elementa
1012 2424 1289 2478 substituerit,
1332 2430 1378 2466 ut
1409 2424 1564 2490 dapem
1594 2423 1709 2466 fasti-

274 2483 397 2524 dierit
417 2485 736 2550 pocionemque
761 2483 1076 2540 contempseiit,
1106 2486 1153 2523 ut
1173 2483 1338 2523 uultum
1369 2483 1478 2536 regis
1509 2483 1708 2536 arguerit,

273 2545 320 2582 ut
336 2542 528 2599 reginam
558 2542 711 2583 sinistri
743 2541 867 2582 moris
887 2540 1110 2582 notauerit.
1154 2539 1378 2606 Aspiceres
1400 2553 1566 2595 quoque
1598 2539 1710 2594 lega-

272 2603 412 2641 torum
443 2595 728 2655 suspendium,
759 2598 1041 2641 adolescentis
1087 2599 1260 2654 nupcias
1306 2597 1490 2653 figurari,
1530 2597 1710 2638 Daniam
