1884 3126
62 919 98 946 10

62 1211 97 1237 15

61 1502 98 1529 20

61 2082 98 2109 30

61 2372 98 2398 35

63 2661 99 2688 40

673 274 725 283 „-
785 249 924 295 XIIII
988 275 1036 282 -
1496 254 1578 297 525

134 379 251 430 Quos
299 384 439 423 cetera
487 380 707 422 Danorum
762 379 905 422 classis
957 381 1150 422 certatim
1202 381 1366 436 magnis
1415 381 1580 436 remigii

130 439 293 482 nisibus
324 439 527 491 insecuta,
560 439 788 481 uelocitate
810 439 1102 494 nauigacionis
1135 453 1296 492 equare
1318 453 1402 481 non
1425 439 1578 494 potuit.

133 497 325 553 Cumque
368 496 596 540 releuande
642 496 901 538 lassitudinis
942 498 1085 551 gracia
1133 502 1272 539 estum
1320 498 1579 539 umbraculis

130 556 301 610 leniret,
332 556 624 598 Lundensium
666 555 882 611 pontifeX,
925 556 1075 597 ceteris
1107 560 1277 610 portum
1307 556 1578 608 tenentibus,

130 614 451 670 superueniens,
484 618 711 670 postquam
735 612 874 654 medio
908 612 1043 654 ferme
1067 613 1149 655 diei
1181 619 1374 669 tempore
1406 615 1579 669 nauigia

131 672 414 714 uelaminibus
455 672 639 714 obducta
682 670 925 726 conspexit,
970 673 1131 713 cunctis
1161 673 1392 727 segniciem
1427 687 1579 728 expro-

131 731 272 783 brans,
304 730 400 782 His,
434 731 582 786 inquit,
617 730 803 782 tumulis,
829 730 1150 783 commilitones,
1184 744 1278 771 curn
1301 731 1427 772 animi
1459 745 1580 773 exer·-

131 789 252 831 cendi
285 789 382 843 sint,
427 802 605 845 corpora
645 788 824 844 sepelire
867 788 1137 841 gaudemus?
1200 788 1294 837 Quo
1328 789 1440 831 dicto
1473 790 1579 831 mili-

131 848 244 889 tibus
283 847 433 888 diurne
479 847 630 903 quietis
673 846 874 887 ruborem
915 846 1103 900 ingessit,
1138 851 1180 887 et
1214 861 1384 902 regem,
1418 847 1580 889 desidia

131 906 364 958 obsessum,
397 909 615 960 torpentes
647 904 799 946 milicie
840 918 915 945 sue
958 905 1071 945 uires
1114 905 1301 947 excitare
1342 905 1578 960 perdocuit.

132 963 216 1012 Qui
269 965 401 1005 eciam
454 963 507 1004 ad
559 962 770 1019 pontificis
820 976 968 1003 uocem
1021 963 1216 1005 modesto
1268 964 1579 1019 indignacionis

130 1036 288 1078 genere
319 1026 552 1077 permotus,
585 1022 794 1076 simulque
826 1021 936 1062 iusta
959 1021 1118 1062 desidie
1141 1035 1217 1062 sue
1248 1023 1579 1077 reprehensione

132 1081 429 1134 commonitus,
463 1080 545 1121 cito
589 1080 664 1122 hos
705 1080 889 1121 tumulos
921 1079 1100 1134 relinqui
1131 1093 1257 1134 posse
1290 1080 1456 1134 aiebatg
1498 1085 1580 1121 sta-

130 1139 292 1194 timque
324 1138 524 1180 discussis
557 1137 841 1193 tegminibus,
882 1137 1038 1179 hostile
1080 1137 1216 1179 solum
1249 1143 1395 1193 petere
1426 1153 1579 1194 prope-

131 1198 255 1239 rauit.
316 1196 423 1238 Post
465 1196 542 1237 hec
586 1198 690 1237 circa
735 1196 968 1237 australem
999 1196 1134 1237 insule
1166 1196 1336 1251 plagam
1376 1197 1507 1252 prede
1539 1197 1579 1238 in

133 1255 305 1296 biduum
337 1258 452 1308 acte3
486 1254 582 1295 inde
615 1254 890 1308 VValungiam
922 1255 1185 1309 nauigatum.
1246 1255 1346 1307 Vbi,
1377 1256 1578 1297 nunciato

130 1313 423 1368 Rugianorum
459 1326 653 1366 occursu,
687 1327 781 1354 cum
815 1312 986 1367 quidam
1020 1326 1041 1353 e
1073 1312 1206 1353 Danis
1240 1313 1402 1354 hastam
1444 1327 1579 1369 suam,

131 1385 216 1426 quo
246 1370 506 1413 commodius
539 1384 590 1411 ea
622 1371 659 1411 in
696 1372 787 1412 acie
810 1375 1018 1424 uteretur,
1044 1371 1087 1412 in
1111 1375 1340 1426 conspectu
1373 1372 1579 1413 sociorum

131 1429 349 1484 aliquanta
379 1434 500 1484 parte
532 1434 756 1483 curtasset,
790 1429 919 1470 ceteri
952 1430 1082 1484 ipsius
1113 1429 1270 1470 factum
1303 1430 1450 1483 secuti,
1485 1444 1581 1471 con-

130 1488 259 1542 gestis
292 1488 332 1528 in
368 1502 497 1529 unum
529 1487 668 1528 locum
700 1487 1006 1542 putaminibus,
1040 1488 1255 1542 ingentem
1287 1488 1404 1529 breui
1437 1503 1581 1530 cumu-

130 1547 216 1587 lum
263 1550 560 1587 extruxerunt.
634 1545 717 1587 Sed
764 1546 933 1586 interim
974 1546 1087 1600 apud
1129 1546 1272 1588 hostes
1315 1547 1451 1601 pacis,
1495 1561 1581 1588 non

132 1604 231 1645 belli
275 1603 415 1645 studia
455 1604 742 1658 agitabantur.
813 1603 880 1644 De
925 1618 1007 1659 qua
1049 1609 1218 1646 acturus
1251 1604 1494 1645 Domborus
1525 1605 1579 1646 ad

130 1662 277 1703 Danos
321 1662 530 1716 dirigitur.
605 1660 804 1709 Quibus*g
845 1661 896 1702 ad
937 1676 1069 1703 naues
1102 1662 1330 1717 digressis,
1363 1663 1503 1717 ignem
1535 1664 1575 1704 in

130 1720 273 1761 littore
307 1720 524 1774 accendit,
558 1719 676 1761 cuius
708 1719 862 1761 indicio
908 1734 952 1761 se
983 1720 1247 1775 legacionem
1280 1721 1430 1763 afferre
1462 1735 1577 1763 mon-

84 1794 94 1808 Γ
132 1783 302 1819 straret.
364 1777 447 1820 Sed
480 1778 689 1832 Absalon,
722 1778 873 1833 nequis
908 1793 1003 1819 eum
1036 1793 1144 1820 naue
1170 1779 1397 1834 exciperet,
1431 1780 1579 1823 uetuit,

131 1851 182 1878 ne
216 1850 325 1892 pax,
361 1850 488 1891 quam
531 1842 675 1891 petere
704 1841 901 1890 uenerat,
942 1836 1120 1878 inuicem
1155 1851 1178 1877 a
1210 1837 1344 1878 Danis
1378 1835 1578 1891 affelfctari

130 1894 362 1937 uideretur.
424 1894 491 1935 Ita
520 1889 778 1948 Domborus,
812 1894 948 1935 aliena
980 1900 1070 1935 rate
1103 1909 1188 1936 non
1215 1895 1373 1946 habita,
1406 1897 1578 1951 propria

133 1953 307 1994 classem
340 1953 519 2008 petiuit3
551 1952 900 2008 Absalonemque
932 1967 1007 2007 per
1028 1950 1313 2009 interpreltem
1336 1967 1576 2008 aggressus,

133 2016 179 2052 ut
223 2024 266 2051 se
306 2011 415 2052 inter
457 2024 600 2064 regem
646 2015 686 2052 et
716 2010 936 2066 Rugianos
978 2011 1171 2052 faciende
1203 2013 1317 2067 pacis
1358 2016 1576 2053 auctorem

130 2069 381 2119 exhiberet,
430 2068 602 2120 orabat,
651 2069 900 2124 obsequium
950 2084 1044 2110 cum
1087 2069 1306 2110 obsidibus
1351 2069 1576 2125 spondens.

133 2127 295 2168 Contra
333 2126 550 2178 Absalon,
587 2126 764 2181 perinde
805 2141 853 2168 ac
887 2141 1060 2178 eorum,
1107 2142 1190 2183 que
1222 2129 1273 2169 ab
1308 2129 1399 2183 ipso
1431 2141 1578 2183 posce-

132 2185 313 2238 bantur,
344 2185 543 2239 ignarus,
584 2186 873 2240 responsionis
914 2185 1004 2227 loco
1038 2186 1230 2228 desertas
1264 2186 1483 2227 Danorum
1517 2187 1577 2227 in-

130 2243 244 2284 sulas
288 2242 565 2296 numerabat,
609 2257 752 2284 earum
795 2243 1064 2285 solitudinem
1102 2258 1237 2299 nuper
1280 2244 1358 2285 sibi
1399 2244 1574 2299 abipso

131 2300 432 2356 exprobratam
466 2301 550 2342 acri
581 2301 787 2342 memoria
818 2306 1079 2356 prosecutus.
1130 2301 1391 2350 Domborus,
1415 2302 1576 2344 oracio-

129 2373 227 2400 nem
261 2372 379 2399 suam
413 2372 563 2413 parum
596 2359 939 2413 competentibus
981 2360 1196 2415 responsis
1241 2360 1378 2414 excipi
1409 2374 1485 2415 per
1516 2360 1577 2401 in-

130 2420 362 2472 terpretem
394 2429 672 2470 cognoscens,
704 2417 907 2467 Racione,
939 2418 1089 2473 inquit,
1122 2404 1206 2458 nod
1238 2423 1378 2469 uacat,
1410 2417 1577 2472 pontifi-

131 2490 227 2516 cum
276 2475 458 2530 optime,
507 2474 619 2528 quod
666 2481 783 2516 tuam
830 2476 977 2516 ceteris
1022 2489 1149 2530 opem
1190 2476 1230 2516 in
1273 2475 1574 2517 aduocacionis

130 2533 341 2588 peticione
382 2531 645 2587 preferimus.
718 2532 934 2587 Siquidem
977 2547 1026 2574 eo
1070 2546 1181 2574 nunc
1226 2532 1376 2574 iustius
1422 2533 1475 2574 ad
1516 2534 1575 2575 tui

131 2590 311 2632 nominis
353 2590 596 2645 opinionem
639 2590 748 2631 uotis
790 2591 1080 2642 decurrimus,
1121 2590 1234 2646 quod
1276 2590 1488 2646 quondam
1522 2591 1576 2633 ad

129 2647 452 2705 promerendam
485 2647 704 2689 Danorum
737 2649 1006 2691 concordiam
1039 2649 1107 2690 aui
1153 2650 1213 2690 tui
1246 2648 1438 2703 presidiis
1470 2649 1575 2692 nite-

1633 1672 1733 1701 Cth

1635 1846 1730 1880 (296)

1633 1974 1657 1998 p.
1676 1965 1728 1992 765
