1884 3126
105 908 140 937 10

105 1199 138 1227 15

103 1489 140 1516 ‘20

103 1779 141 1807 25

106 2068 142 2095 30

107 2358 143 2385 35

771 233 1039 276 —V—
1543 238 1620 280 145

175 364 501 404 conuersantem
549 361 698 416 capitis
745 362 810 403 sui
862 361 1160 404 insidiatricem
1210 362 1399 405 haberet.
1473 364 1622 407 Ericus

172 418 393 461 consilium
416 419 583 475 probat,
605 434 724 461 suam
746 419 962 475 imperatis
989 434 1162 476 operam
1186 421 1403 476 pollicens,
1426 427 1622 478 excepto,

174 476 288 534 quod
319 477 721 533 reginamrepudio
765 483 900 520 actam
935 479 1108 520 Rollero
1152 480 1300 521 melius
1343 481 1622 522 maritandam

171 540 400 588 astrueret,
452 551 477 578 a
525 549 607 591 quo
655 537 772 578 nulla
818 537 1029 579 maiestati
1061 537 1241 593 suspicio
1286 539 1407 580 foret.
1485 537 1620 586 Quam

172 594 431 637 sentenciam
474 595 635 636 Frotho
677 595 855 651 perinde
897 610 946 637 ac
977 595 1178 637 diuinitus
1211 596 1357 638 datum
1398 596 1623 640 documen-

172 656 263 694 tum
300 652 626 695 uenerabundus
659 654 842 709 excepit.
901 653 1068 709 Regina
1100 667 1288 710 quoque,
1331 668 1383 695 ne
1413 655 1622 698 uiolencia

171 711 349 766 astringi
380 711 619 766 uideretur,
650 712 914 754 muliebriter
952 714 1280 767 obtemperauit,
1323 713 1555 765 affirmans,
1598 729 1623 756 a

171 774 325 811 natura
366 770 538 812 dolendi
584 770 879 812 necessitatem
913 785 996 812 non
1039 785 1155 824 esse,
1197 785 1446 826 omnemque
1496 773 1621 814 animi

172 827 452 884 egritudinem
483 828 537 869 ab
580 829 777 884 opinione
819 829 1024 883 proficisci
1055 830 1206 871 solere.
1269 829 1465 871 Ceterum
1505 831 1622 886 plan-

169 886 351 941 gendam
382 901 466 928 non
501 901 593 928 esse
624 901 791 942 penam,
824 901 906 942 que
938 888 1096 928 meritis
1127 887 1359 929 accidisset.
1423 889 1489 930 Ita
1522 903 1620 943 ergo

170 944 323 986 fratres
353 945 599 987 coniunctas
622 959 749 1000 egere
772 945 960 1001 nupcias,
982 946 1114 987 altero
1133 959 1322 988 sororem
1343 947 1467 1001 regis,
1490 947 1622 989 altero

171 1002 442 1059 repudiatam
472 1004 665 1058 reginam
698 1004 891 1046 ducente.

309 1061 505 1112 Deinde,
538 1063 718 1117 sumptis
749 1076 892 1104 secum
925 1062 1195 1116 coniugibus,
1227 1063 1550 1116 nauigacionem
1581 1063 1621 1104 in

173 1119 434 1174 Noruagiam
466 1119 671 1163 referunt.
734 1120 886 1176 Neque
919 1121 1030 1162 enim
1069 1121 1162 1162 illas
1194 1135 1218 1162 a
1259 1121 1446 1161 uirorum
1490 1121 1621 1163 latere

170 1182 244 1220 aut
286 1179 354 1220 uie
397 1178 687 1234 longinquitas
741 1183 814 1220 aut
853 1179 986 1220 futuri
1025 1179 1198 1234 periculi
1239 1183 1377 1220 metus
1421 1179 1622 1220 diuellere

171 1241 365 1292 poterat,
398 1236 686 1292 affirmantes,
729 1242 774 1278 ut
808 1237 995 1292 plumam
1027 1237 1156 1290 hirto,
1198 1238 1256 1279 sic
1289 1252 1334 1278 se
1368 1236 1526 1278 maritis
1559 1252 1623 1279 co-

172 1297 348 1337 hesuras
381 1295 485 1336 fore.
547 1295 717 1341 Etiam
751 1294 951 1349 Cracam,
994 1295 1216 1338 demortuo
1250 1296 1471 1350 Regnero,
1513 1295 1623 1336 Brac

173 1353 343 1405 cuidam
363 1354 557 1409 nupsisse
574 1353 853 1409 comperiunt.
896 1353 1064 1395 Deinde
1086 1358 1261 1409 paterne
1280 1367 1383 1409 gaze
1400 1367 1621 1406 memores,

173 1417 366 1466 egestam
416 1411 547 1453 humo
591 1412 817 1468 pecuniam
863 1412 1033 1454 tollunt.
1114 1413 1173 1453 At
1223 1410 1408 1453 Gotarus
1455 1426 1623 1453 omnem

170 1469 284 1511 Erici
315 1470 544 1523 fortunam,
578 1471 691 1512 fama
713 1470 852 1511 uirum
874 1475 1094 1526 preeunte,
1126 1469 1342 1512 didicerat.
1389 1470 1449 1511 Vt
1481 1475 1623 1511 autem

170 1528 310 1583 ipsum
341 1528 568 1571 aduenisse
602 1529 824 1585 cognouit,
859 1528 1034 1581 ueritus,
1068 1528 1212 1569 ultima
1245 1541 1411 1583 queque
1443 1529 1482 1568 in
1514 1528 1622 1568 Nor-

172 1587 398 1641 uagienses
444 1587 611 1629 eximia>
640 1587 702 1628 sui
744 1587 899 1629 fiducia
948 1586 1216 1640 moliturum,
1274 1600 1408 1627 uxore
1456 1585 1623 1640 priuare

173 1659 379 1700 suamque
410 1645 467 1686 illi
498 1646 628 1687 filiam
659 1646 857 1701 adempte
890 1645 1083 1698 coniugis
1116 1645 1210 1686 loco
1244 1644 1442 1700 copulare
1475 1644 1621 1686 stude-

173 1702 259 1746 bat.
317 1703 486 1758 Regina
517 1718 700 1760 namque
722 1719 858 1760 nuper
891 1703 1122 1747 demortua.
1154 1703 1290 1744 nullas
1329 1702 1462 1756 magis
1495 1716 1621 1757 quam

171 1775 371 1816 germane
394 1761 626 1805 Frothonis
659 1763 836 1818 nupcias
869 1762 1107 1803 affectabat.
1157 1761 1285 1802 Cuius
1307 1759 1455 1801 Ericus
1487 1760 1620 1801 inten-

174 1821 294 1862 cione
343 1825 580 1875 comperta,
626 1822 869 1864 conuocatis
911 1820 1035 1861 sociis
1078 1819 1231 1870 refert,
1277 1833 1396 1860 suam
1442 1818 1620 1859 necdum

174 1879 368 1920 cautibus
401 1878 615 1921 abstitisse
648 1879 878 1921 fortunam.
928 1878 1127 1920 Ceterum
1155 1881 1346 1932 spectare
1378 1891 1434 1929 se,
1467 1877 1618 1917 fascem

172 1936 342 1979 labilem
374 1951 488 1989 esse,
532 1939 602 1994 qui
637 1938 806 1980 uinculo
839 1951 922 1979 non
964 1935 1175 1990 firmestur,
1210 1935 1465 1990 perindeque
1498 1948 1620 1977 omne

173 2008 282 2049 pene
326 1996 493 2050 pondus
525 2002 704 2052 repente
751 1996 967 2050 decidere,
1014 1995 1126 2050 quod
1174 1994 1295 2049 culpe
1342 1997 1491 2035 catena
1536 2007 1620 2034 non

172 2053 324 2095 fixerit.
402 2054 452 2095 Id
501 2069 573 2096 eos
617 2054 731 2110 apud
780 2053 1042 2095 Frotlionem
1087 2067 1222 2108 nuper
1269 2056 1467 2106 expertos
1513 2065 1618 2101 esse,

175 2115 412 2163 cernentes,
459 2112 750 2154 innocenciam
798 2127 916 2153 suam
966 2112 1073 2152 inter
1115 2110 1343 2165 egerrimos
1377 2123 1499 2151 casus
1543 2109 1620 2149 diis

176 2169 481 2225 opitulantibus
502 2168 633 2214 fuisse
655 2170 887 2224 defensam,
906 2170 1138 2224 eademque
1160 2169 1336 2210 ulterius
1359 2172 1619 2219 conseruata,

176 2227 437 2269 consimilem
449 2228 488 2269 in
503 2229 692 2271 aduersis
708 2243 832 2285 opem
845 2241 1014 2283 sperare
1029 2227 1197 2269 debere.
1215 2225 1379 2267 Deinde
1391 2225 1535 2279 fugam
1549 2238 1619 2265 eos

175 2286 390 2341 paulisper
431 2286 592 2341 fingere
632 2294 851 2342 oportere,
900 2287 932 2328 si
965 2286 1146 2342 primum
1189 2299 1213 2325 a
1244 2283 1403 2326 Gotaro
1436 2281 1619 2323 lacessiti

173 2344 326 2397 forent,
358 2344 575 2386 iustiorem
608 2345 705 2388 belli
740 2346 907 2387 titulum
931 2343 1162 2385 habituros.
1210 2341 1383 2383 Manum
1415 2340 1617 2395 siquidem

176 2402 322 2458 capitis
353 2402 541 2457 periculo
584 2403 729 2457 obiici,
774 2404 884 2445 omni
917 2403 1008 2443 iure
1048 2401 1299 2456 permissum
1341 2412 1444 2441 esse.
1506 2397 1618 2438 Raro

175 2465 318 2501 autem
350 2474 586 2515 quenquam
610 2462 877 2503 commissam
900 2474 992 2502 cum
1025 2459 1209 2509 innoxiis
1230 2471 1415 2512 pugnam
1445 2455 1619 2497 feliciter

178 2518 333 2574 exequi
364 2533 502 2574 posse.
563 2519 687 2561 Prius
719 2533 821 2574 ergo
854 2519 1019 2560 hostem
1052 2517 1277 2558 aduersum
1310 2528 1353 2556 se
1385 2528 1621 2569 prouocan-

177 2575 279 2618 dum
311 2591 418 2630 esse,
451 2591 535 2632 quo
566 2577 716 2619 iustior
749 2577 929 2620 eundem
950 2574 1179 2631 impetendi
1211 2586 1336 2614 causa
1365 2571 1621 2613 succederet.

107 2645 145 2674 40
178 2633 267 2676 Nec
317 2636 438 2691 plura
498 2636 710 2688 elocutus,
772 2635 945 2676 domum
997 2634 1176 2675 Bracum
1237 2631 1421 2672 inuisere
1471 2630 1622 2685 pergit.

245 2708 325 2734 Saxo
344 2708 579 2737 Grammaticus.
1442 2698 1484 2733 10

1674 1953 1702 1978 p.
1721 1945 1771 1971 213
