1884 3126
56 915 92 943 10

666 281 715 286 -
779 251 888 297 XVI
948 278 1001 286 ——
1470 255 1553 299 659

122 379 215 421 dem
240 379 399 435 impetu
420 381 618 422 maiorem
643 382 758 423 uenti
782 383 921 437 (quem
944 383 1052 425 forte
1074 384 1299 426 aduersum
1322 384 1552 437 habebant)

121 452 245 493 quam
290 440 497 491 hostium,
541 452 648 493 quos
688 440 973 494 impetebant,
1018 443 1214 483 seuiciam
1247 443 1411 498 experti
1442 447 1553 485 sunt.

122 496 202 537 llle
235 496 346 537 enim
376 496 667 551 magnitudine
708 511 785 537 sua
816 498 987 552 clypeos
1027 500 1323 541 cursitantibus
1355 499 1555 552 decussit,

121 553 163 594 hi
196 567 250 594 ne
282 558 455 608 pectora
488 553 655 608 quidem
690 555 1020 610 irrumpentibus
1052 557 1274 599 obuertere
1305 558 1393 599 ausi
1422 558 1554 599 fuere.

121 611 189 652 Ita
222 611 489 666 popularium
523 612 646 664 acies,
679 625 854 653 numero
887 613 1100 654 hominum
1127 628 1253 669 quam
1284 615 1432 656 animis
1462 629 1556 670 pre-

124 670 320 721 stancior,
351 670 617 710 incruentam
650 669 701 710 de
733 683 777 711 se
816 671 1035 712 uictoriam
1078 671 1235 723 dando,
1277 673 1371 727 plus
1412 672 1555 728 pericli

124 741 174 768 an
208 727 439 781 ignominie
470 728 670 778 senserit,
702 727 907 769 dubietati
939 729 1129 770 subiecit.
1189 729 1440 784 Enimuero,
1472 744 1554 785 quo

125 785 372 840 expedicius
403 784 561 840 fugam,
594 798 676 839 qua
706 799 888 840 pugnam
922 787 1207 840 precurrebat,
1238 788 1486 840 intenderet,
1511 801 1555 828 se

123 843 256 897 ipsam
280 842 405 883 scutis
429 856 587 884 exuere
608 857 692 883 non
716 843 896 896 erubuit,
929 857 1140 885 armorum
1172 858 1278 886 onus
1309 844 1556 897 abjiciendo,

124 914 302 955 quorum
336 914 438 941 usus
461 901 645 955 experiri
668 900 826 942 confisa
848 914 930 941 non
953 900 1102 943 fuerat.
1143 903 1238 944 Hac
1258 903 1386 957 igitur
1410 902 1556 958 partim

126 971 234 1011 cesa,
266 958 416 1013 partim
450 963 585 1013 capta,
618 958 833 999 Haraldus
866 971 959 998 cum
991 959 1168 1009 Akone,
1209 974 1330 1015 quem
1373 960 1556 1001 affectati

123 1017 243 1070 regni
287 1021 505 1058 auctorem
547 1016 775 1068 habuerat,
817 1015 1003 1057 Suetiam
1042 1017 1214 1072 refugus
1253 1019 1437 1072 petebat.
1498 1017 1558 1058 At

79 1102 82 1107 -
125 1073 388 1126 Lundenses,
421 1074 633 1129 suspensis
665 1073 716 1114 ad
752 1073 847 1114 belli
875 1079 1073 1115 euentum
1105 1075 1263 1127 animis,
1295 1076 1335 1116 in
1368 1079 1556 1116 neutram

58 1205 94 1232 15

55 1493 92 1521 20

56 1782 94 1810 25

58 2073 95 2101 30

59 2362 96 2389 35

62 2650 98 2678 40

124 1137 289 1187 partem
313 1131 472 1173 auxilia
494 1131 836 1185 commodabant,
860 1130 1053 1172 fauorem
1075 1133 1305 1173 uictoribus
1327 1133 1556 1188 erogaturi,

126 1189 221 1241 Qui,
252 1190 312 1231 rei
344 1203 544 1231 successu
576 1193 817 1244 conspecto,
849 1189 1024 1244 perinde
1054 1203 1102 1230 ac
1133 1191 1313 1232 uictores
1346 1191 1468 1232 uictis
1498 1191 1558 1231 in-

126 1248 287 1290 sultare
334 1252 560 1302 ceperunt,
611 1247 840 1302 cupiditate
885 1247 1022 1288 laudis
1069 1253 1111 1288 et
1156 1247 1283 1302 prede
1330 1249 1475 1289 alienis
1514 1261 1558 1289 se

125 1306 355 1347 uirtutibus
406 1306 652 1347 inserentes.
731 1303 821 1345 Nec
873 1305 1057 1346 contenti
1106 1305 1372 1360 popularium
1418 1305 1557 1359 specie

124 1362 347 1417 <faccionis
379 1361 529 1417 duces>
572 1363 635 1404 bis
681 1362 836 1404 bellum
867 1362 1111 1416 potentibus
1143 1363 1352 1415 intulisse,
1385 1363 1559 1404 collecta

126 1421 327 1462 concione
368 1421 545 1463 tercium
588 1420 812 1462 aduersum
859 1419 1027 1462 eosdem
1058 1420 1239 1462 indicere
1271 1421 1435 1475 grauati
1473 1433 1556 1461 non

123 1483 234 1533 sunt,
266 1480 448 1534 suscepti
480 1479 668 1520 uulneris
699 1477 890 1519 dolorem
921 1479 1274 1520 consternacionis
1304 1477 1435 1519 furori
1465 1491 1557 1532 per-

124 1538 306 1578 mixtum
339 1537 552 1578 communi
577 1539 582 1587 1
612 1536 844 1578 nobilitatis
879 1536 1011 1577 exicio
1043 1536 1282 1590 pensaturi,
1314 1540 1558 1590 tantamque

125 1594 383 1650 prouocandi
415 1592 819 1650 perseueiiranciam,
852 1593 941 1634 siue
972 1594 1135 1647 pudore
1167 1593 1294 1634 cladis
1326 1594 1413 1634 siue
1446 1594 1558 1647 cupi-

128 1653 224 1694 dine
255 1653 448 1703 ulcionis,
481 1652 628 1693 animis
660 1652 823 1692 insitam
857 1656 1084 1706 gestantes.
1145 1650 1293 1706 Neque
1325 1651 1432 1692 enim
1464 1651 1558 1691 illos

127 1715 201 1752 aut
242 1710 466 1752 illustrium
511 1711 697 1752 uirorum
741 1713 958 1763 respectus
1005 1713 1077 1749 aut
1123 1708 1346 1750 uulnerum
1388 1721 1560 1749 suorum

123 1768 340 1821 memoria,
372 1783 457 1824 quo
490 1769 626 1822 minus
658 1767 882 1808 sedicionis
916 1766 1054 1807 studia
1079 1770 1355 1820 sectarentur,
1388 1765 1558 1807 domare

125 1827 276 1881 potuit.
353 1825 477 1874 Quod
520 1825 775 1881 periculum,
822 1828 1064 1865 cunctorum
1116 1823 1264 1864 Scanie
1314 1828 1557 1877 magnatum

126 1884 334 1939 capitibus
378 1884 648 1939 contiguum,
681 1895 964 1938 preproperus
1006 1881 1233 1923 Absalonis
1277 1894 1368 1922 curn
1400 1880 1557 1921 Sialan-

128 1942 329 1984 densibus
362 1941 569 1983 aduentus
601 1940 786 1996 dispulit.
839 1939 1055 1994 Siquidem
1086 1939 1259 1979 sublatis
1290 1939 1455 1979 uexillis
1487 1937 1557 1979 de-

126 2004 324 2055 putatum
355 2001 546 2042 concioni
577 1999 715 2040 locum
749 1999 976 2052 ingressus,
1008 2010 1091 2037 non
1123 1997 1258 2038 solum
1289 1995 1558 2037 turbulentis-

125 2059 228 2099 simo
269 2057 405 2113 plebis
445 2058 666 2113 proposito
709 2055 893 2110 obstitit,
938 2055 1009 2096 sed
1043 2055 1173 2095 eciam
1204 2054 1341 2108 leges,
1375 2068 1454 2109 que
1485 2053 1558 2094 ini-

128 2116 336 2171 quissimis
388 2115 573 2158 eiusdem
624 2113 833 2169 suffragiis
885 2113 1086 2154 conuulse
1134 2110 1323 2165 fuerant,
1373 2111 1557 2166 piissimo

127 2173 270 2215 iudicii
310 2173 480 2215 decreto
521 2173 574 2214 ad
614 2172 790 2227 pristine
833 2170 1094 2214 auctoritatis
1141 2169 1331 2210 habitum
1377 2168 1571 2210 reduxit.-

129 2231 213 2272 Sed
242 2244 379 2286 neque
397 2230 649 2282 Haraldum,
682 2242 763 2284 quo
786 2229 923 2269 minus
945 2242 968 2268 a
989 2226 1254 2282 magnatibus
1277 2226 1559 2277 damnaretur,

128 2290 324 2330 absencie
355 2289 635 2344 patrocinium
668 2292 893 2342 protegere
923 2285 1072 2341 potuit.
1134 2283 1259 2324 Hunc
1299 2289 1410 2325 certe
1441 2283 1503 2324 bis
1535 2296 1559 2323 a

128 2346 425 2389 Scaniensibus
457 2343 931 2398 mulctatum·dixerim‚
963 2341 1091 2384 semel
1120 2342 1256 2393 armis,
1286 2341 1435 2382 iterum
1468 2354 1559 2382 sen-

129 2405 290 2447 tenciis.
350 2404 414 2445 De
447 2418 530 2459 quo
562 2402 730 2459 quidem
763 2401 1000 2442 discernere
1031 2398 1207 2440 arduum
1242 2402 1324 2451 est,
1363 2397 1474 2439 ferro
1506 2411 1560 2439 an

128 2462 338 2517 suffragiis
369 2462 562 2517 punicior
593 2460 733 2502 fuerit.
784 2458 912 2500 Plebs
943 2470 1111 2513 quoque
1144 2456 1243 2496 nihil
1275 2455 1424 2496 hostile
1445 2468 1558 2508 ausa,

128 2521 255 2561 armis
287 2533 448 2561 summa
479 2533 573 2561 cum
604 2517 808 2573 propositi
849 2514 1186 2557 dissimulacione
1218 2513 1440 2568 depositis,
1472 2511 1560 2553 Ab·

130 2578 285 2619 salonis
317 2591 362 2619 se
404 2577 552 2619 turmis
592 2574 817 2630 tranquillo
850 2571 1123 2615 concionandi
1162 2584 1277 2612 more
1315 2570 1560 2624 iungebant,

129 2635 304 2691 singulis
336 2635 584 2677 iudiciorum
628 2633 837 2686 suffragiis
874 2630 1051 2672 alacrius
1083 2642 1206 2687 quam
1235 2627 1437 2669 libencius
1469 2640 1560 2669 suc-

1357 2694 1424 2732 42*

1613 1547 1711 1580 p.964

1612 1603 1706 1639 (375)
