1884 3126
217 215 299 259 288
777 242 821 249 -
884 214 998 261 VIII
1058 243 1111 253 —-

214 343 349 397 ignoti
379 343 539 398 pudere
580 345 799 386 sermonis.
860 345 967 386 Tum
999 343 1300 386 Guthmundus
1331 344 1519 400 hospicio
1550 343 1655 387 inui-

214 406 327 443 tatos
359 402 575 443 curriculis
607 403 775 456 excipit.
836 402 1174 446 Procedentibus
1202 403 1335 444 amnis
1366 416 1493 444 aureo
1525 408 1655 458 ponte

214 459 483 514 permeabilis
516 460 710 502 cernitur.
757 460 887 501 Cuius
920 460 1161 503 transeundi
1194 460 1371 515 cupidos
1393 476 1417 501 a
1437 461 1652 516 proposito

214 517 456 566 reuocauit,
499 517 677 569 docens,
718 533 767 559 eo
800 518 922 560 alueo
970 519 1152 559 humana
1183 533 1206 558 a
1238 519 1484 560 monstrosis
1516 533 1654 560 rerum

166 594 183 620 5
213 575 439 616 secreuisse
473 579 676 627 naturam,
708 590 785 617 nec
806 577 1052 618 mortalibus
1083 577 1195 618 ultra
1225 576 1289 617 fas
1322 591 1417 618 esse
1446 577 1652 631 uestigiis.

215 632 403 674 Subinde
433 632 486 673 ad
517 634 609 687 ipsa
639 633 824 675 ductoris
855 634 1087 689 penetralia
1108 634 1369 689 peruenitur.
1409 633 1502 675 Illic
1522 633 1654 675 Thor-

215 690 356 742 killus,
388 690 574 732 seductis
596 692 732 744 sociis,
764 692 926 734 hortari
946 692 1069 747 cepit,
1102 697 1149 733 ut
1169 692 1278 733 inter
1301 697 1654 734 tentamentorum

213 761 391 802 genera,
438 762 519 802 que
563 749 705 790 uarius
755 749 974 791 obtulisset
1020 755 1223 796 euentus,
1269 749 1494 792 industrios
1540 750 1653 791 uiros

214 811 391 860 agerent
447 811 606 862 atque,
662 821 686 848 a
730 808 962 862 peregrinis
1009 807 1086 849 sibi
1128 807 1306 862 dapibus
1354 811 1654 863 temperantes,

143 883 180 909 10
210 863 386 918 propriis
420 878 595 919 corpora
626 864 903 906 sustentanda
935 870 1152 917 curarent,
1192 865 1479 920 discretasque
1510 865 1564 906 ab
1594 865 1654 906 in-

214 921 374 975 digenis
406 922 527 963 sedes
560 926 779 977 peterent,
822 937 971 964 eorum
1011 923 1219 964 neminem
1252 923 1464 965 discubitu
1495 923 1653 965 contin-

213 978 365 1033 gendo.
428 979 533 1022 Fore
566 980 675 1021 enim
707 980 817 1021 illius
852 995 947 1023 esce
987 981 1257 1036 participibus
1299 982 1410 1023 inter
1449 978 1653 1036 horlridos
1707 996 1807 1030 μω

212 1041 495 1078 monstrorum
528 1051 703 1092 greges,
748 1038 899 1079 amissa
939 1043 1187 1079 cunctorum
1217 1040 1440 1090 memoria,
1483 1038 1653 1080 sordida

212 1108 378 1150 semper
399 1096 694 1137 communione
718 1095 973 1149 degendum.
1017 1096 1107 1137 Nec
1130 1096 1263 1137 minus
1284 1097 1483 1138 ministris
1506 1110 1652 1138 eorum

142 1171 178 1198 15
210 1167 258 1194 ac
283 1152 444 1208 poculis
476 1154 774 1194 abstinendum
806 1154 988 1196 edocuit.
1031 1154 1269 1196 Duodecim
1291 1154 1364 1194 filii
1385 1153 1652 1195 Guthmundi

212 1211 383 1265 egregia
414 1210 554 1252 indole
586 1211 847 1266 totidemque
870 1212 952 1252 filie
975 1212 1135 1266 preclui
1156 1211 1289 1252 forma
1312 1212 1652 1253 circumsteterant

212 1282 391 1310 mensas.
453 1268 533 1316 Qui
576 1283 669 1310 cum
711 1283 855 1324 regem
887 1284 912 1310 a
943 1271 1028 1310 suis
1060 1269 1269 1311 duntaxat
1309 1269 1426 1311 illata
1465 1269 1650 1311 delibare

212 1327 496 1381 conspiceret,
529 1326 719 1368 beneficii
752 1328 964 1382 repulsam
995 1327 1192 1368 obiiciens
1222 1327 1469 1369 iniuriosum
1501 1327 1652 1382 hospiti

212 1385 478 1439 querebatur.
520 1384 611 1425 Nec
631 1384 850 1426 Thorkillo
875 1390 1117 1439 competens
1138 1385 1237 1427 facti
1259 1385 1481 1427 excusacio
1505 1384 1650 1427 defuit.

141 1460 177 1487 20
211 1443 378 1497 Quippe
411 1442 579 1484 insolito
613 1443 703 1484 cibo
728 1448 894 1484 utentes
917 1444 1151 1497 plarunque
1175 1443 1360 1497 grauiter
1381 1442 1490 1484 affici
1514 1443 1651 1484 solere

211 1504 531 1549 commemorat,
572 1514 801 1555 regemque
834 1514 918 1541 non
947 1504 1032 1541 tam
1065 1500 1188 1542 alieni
1221 1501 1410 1555 obsequii
1438 1501 1651 1554 ingratum

210 1572 334 1613 quam
374 1558 542 1613 proprie
582 1558 794 1613 sospitatis
836 1558 1071 1600 studiosum
1113 1564 1318 1600 consueto
1351 1572 1469 1600 more
1501 1572 1650 1613 corpus

210 1620 428 1657 curantem
473 1615 711 1657 domesticis
760 1630 906 1657 cenam
953 1617 1136 1671 opsoniis
1186 1617 1450 1658 instruxisse.
1512 1616 1650 1670 Igitur

209 1673 537 1729 haudquaquam
570 1675 829 1729 contemptui
860 1675 1059 1729 imputari
1090 1674 1271 1727 debere,
1304 1674 1417 1730 quod
1450 1673 1651 1729 fugiende

138 1749 175 1777 25
206 1732 337 1787 pestis
359 1732 532 1772 salutari
553 1738 775 1786 gereretur
795 1731 963 1774 affectu.
999 1731 1159 1773 Videns
1181 1737 1322 1774 autem
1347 1731 1648 1774 Guthmundus

208 1793 436 1845 apparatus
467 1790 531 1831 sui
560 1789 750 1831 fraudem
782 1790 993 1844 hospitum
1025 1789 1267 1844 frugalitate
1299 1790 1508 1842 delusam,
1555 1804 1648 1831 cum

209 1847 512 1889 abstinenciam
543 1848 745 1890 hebetare
770 1848 784 1901 Η
807 1862 892 1889 non
923 1853 1079 1903 posset,
1114 1847 1364 1903 pudiciciam
1395 1848 1649 1890 labefactare
1704 1857 1797 1893 (162)

209 1905 448 1959 constituit,
490 1906 684 1947 omnibus
726 1906 883 1959 ingenii
913 1907 1051 1947 neruis
1083 1907 1135 1946 ad
1168 1905 1471 1947 debilitandam
1504 1919 1650 1947 eorum

208 1964 532 2018 temperanciam
554 1964 730 2005 inhians.
752 1964 861 2019 Regi
882 1965 993 2005 enim
1014 1964 1098 2004 filie
1121 1964 1430 2005 matrimonium
1454 1963 1649 2017 offerens,

139 2038 177 2065 30
208 2022 380 2072 ceteris,
421 2035 695 2076 quascunque
728 2036 750 2063 e
781 2022 992 2063 famulicio
1034 2026 1254 2076 peterent,
1296 2022 1523 2076 pociendas
1555 2035 1647 2063 esse

208 2080 428 2134 promittit.
490 2079 709 2134 Plerisque
752 2094 841 2121 rem
872 2079 1228 2135 approbantibus,
1261 2078 1506 2120 Thorkillus
1539 2078 1649 2119 hunc

209 2151 377 2192 quoque
427 2137 719 2178 illecebrarum
778 2137 971 2193 lapsum,
1026 2137 1132 2178 sicut
1173 2141 1214 2178 et
1256 2141 1445 2190 ceteros,
1492 2136 1650 2178 salubri

209 2196 372 2237 monitu
403 2195 631 2249 precurrit,
669 2194 917 2236 industriam
949 2209 1068 2236 suam
1100 2195 1210 2235 inter
1240 2199 1411 2236 cautum
1443 2194 1649 2249 hospitem

209 2267 257 2294 ac
278 2253 410 2294 letum
433 2253 657 2294 conuiuam
691 2253 861 2308 egregia
892 2252 1185 2294 moderacione
1216 2253 1411 2307 partitus.
1455 2252 1649 2300 Quatuor

138 2327 175 2354 35
207 2325 228 2352 e
262 2311 417 2361 Danis,
457 2310 648 2351 oblatum
695 2310 900 2366 amplexi,
945 2310 1068 2352 saluti
1115 2310 1328 2351 libidinem
1372 2310 1648 2365 pretulerunt.

211 2368 335 2416 Quod
389 2369 632 2422 contagium
691 2368 932 2423 lymphatos
992 2368 1223 2422 inopesque
1273 2369 1425 2409 mentis
1477 2367 1649 2409 effectos

207 2426 385 2482 pristina
415 2439 553 2467 rerum
584 2426 782 2467 memoria
813 2426 1025 2481 spoliauit.
1068 2426 1232 2480 Quippe
1263 2430 1360 2480 post
1390 2422 1458 2466 id*
1489 2424 1643 2466 factum
1664 2444 1816 2473 Lxxxv

208 2498 357 2538 parum
379 2484 518 2525 animo
542 2483 777 2525 constitisse
799 2484 1034 2525 traduntur.
1077 2484 1159 2531 Qui
1189 2484 1220 2523 si
1254 2497 1390 2525 mores
1420 2497 1518 2525 suos
1538 2482 1648 2524 intra

209 2542 374 2583 debitos
390 2541 673 2596 temperancie
691 2541 796 2583 fines
815 2542 1132 2583 continuissent.
1170 2541 1405 2582 Herculeos
1421 2545 1646 2595 equassent

139 2613 176 2642 40
206 2601 366 2652 titulos,
398 2596 637 2655 giganteam
669 2599 807 2645 animo
839 2599 1127 2641 fortitudinem
1160 2602 1454 2655 superassent,
1497 2611 1646 2653 peren-
