1884 3126
237 595 253 622 5

218 884 252 912 10

220 1180 250 1207 15

215 1469 255 1497 20

217 2051 254 2078 30

215 2344 252 2373 35

217 2637 255 2667 40

302 224 380 264 118
857 247 910 253 -—
970 223 1063 266 IIII
1124 247 1176 253 -—

290 352 432 400 Quem
451 350 615 393 Frotho
639 353 756 392 tanta
777 364 802 392 a
822 351 985 407 superis
1009 351 1205 394 firmitate
1229 352 1436 395 donatum
1453 356 1733 411 comperiens,

288 409 423 451 duelli
454 409 748 464 postulacione
781 409 991 461 sollicitat,
1023 410 1202 452 deorum
1224 410 1538 466 indulgenciam
1570 414 1737 455 fallacia

284 471 543 510 tentaturus.
604 467 793 509 Primum
840 468 969 521 igitur
999 468 1213 523 impericie
1256 469 1528 512 simulacione
1568 471 1735 514 dimica-

285 526 416 569 cionis
449 525 501 566 ab
533 526 624 581 ipso
658 525 957 568 documentum
1000 525 1231 582 efflagitat,
1265 528 1381 569 cuius
1414 543 1512 570 eum
1545 544 1622 571 usu
1663 544 1734 571 ex-

285 585 585 640 perienciaque
617 584 773 627 callere
797 585 914 626 sciat.
961 584 1039 625 Ille
1070 585 1235 626 hostem
1258 586 1514 641 professioni
1544 602 1619 629 sue
1651 602 1735 630 non

283 643 422 684 solum
453 642 627 693 cedere,
659 642 732 684 sed
777 643 909 685 eciam
949 643 1190 698 supplicare
1221 644 1408 698 gauisus,
1451 659 1600 700 sapere
1639 660 1734 687 eum

285 700 488 755 asseruit,
535 700 656 742 senili
703 700 908 747 industrie
954 701 1185 743 iuuenilem
1231 702 1416 744 animum
1459 703 1732 758 subjiciendo,

286 758 398 825 quod
434 759 473 801 ei
505 758 634 801 facies
667 758 933 801 cicatricibus
955 772 1092 800 uacua
1129 759 1335 826 fronsque
1367 760 1490 803 nullis
1522 738 1734 804 armoruni

284 817 475 872 uestigiis
509 814 699 872 exalrata
730 821 902 859 tenuem
934 816 1056 858 huius
1079 818 1140 859 rei
1172 818 1370 859 noticiam
1403 823 1573 862 exstare
1604 824 1731 862 teste·
1788 837 1814 862 r·
1839 829 1884 855 ¹17

285 881 364 918 tur
427 873 493 916 Ita
527 889 549 917 e
589 875 756 918 diuerso
796 875 895 916 bina
939 875 1142 930 quadrate
1186 875 1320 917 forme
1358 877 1499 932 spacia
1541 877 1733 920 cubitali-

283 934 363 976 bus
396 934 579 999 figurata
609 933 813 975 lateribus
846 933 960 974 humi
994 933 1182 987 denotat,
1214 949 1237 975 a
1269 935 1457 977 locorum
1497 950 1576 977 usu
1609 936 1733 978 docu-

283 991 438 1034 menti'
430 991 597 1033 micium
616 991 817 1034 editurus
851 991 1014 1040 Quibus
1033 991 1255 1047 descriptis
1278 993 1538 1048 assignatam
1555 997 1733 1050 uterque

283 1051 363 1094 sibi
406 1054 568 1106 partem
611 1050 915 1105 complectitur
987 1049 1096 1091 Tum
1135 1049 1371 1105 Frogerum
1411 1052 1601 1094 F··10tho
1618 1066 1734 1094 arma

283 1123 424 1151 seeum
471 1122 520 1150 ac
550 1108 690 1150 locum
734 1110 976 1163 permutare
1007 1108 1134 1149 iubet.
1195 1108 1285 1150 Nec
1317 1109 1496 1151 difficilis
1534 1110 1731 1153 admissio

281 1168 374 1209 fuit.
399 1166 636 1221 Frogerum
655 1165 859 1221 siquidem
878 1166 1095 1208 hostilium
1113 1166 1227 1208 nitor
1248 1168 1488 1210 concitabat
1506 1182 1731 1222 armorum,

283 1224 396 1281 quod
422 1224 581 1267 Frotho
604 1225 817 1280 preditum
841 1239 943 1267 auro
967 1224 1161 1280 capulum
1194 1225 1450 1281 loricamque
1473 1227 1565 1282 pari
1588 1227 1730 1282 specie

284 1283 546 1333 radiantem,
594 1282 670 1325 sed
711 1287 754 1324 et
794 1281 1000 1324 cassidem
1046 1283 1087 1324 in
1130 1283 1310 1325 eundem
1358 1285 1530 1326 modum
1576 1285 1732 1327 eximio
1821 1313 1836 1329 ι

285 1345 496 1396 comptam
529 1341 694 1396 fulgore
716 1344 917 1396 gestaret.
965 1340 1102 1395 Igitur
1132 1340 1307 1394 F1·,otho
1339 1342 1435 1395 loci,
1469 1356 1551 1398 quo
1575 1343 1734 1398 Froge-

283 1416 356 1442 rus
391 1404 648 1452 excesserat,
682 1399 856 1455 puluere
889 1403 1099 1454 correptO,
1128 1413 1251 1442 omen
1270 1375 1349 1442 sibi
1380 1401 1558 1443 uictorie
1589 1400 1734 1443 datum

287 1457 560 1501 existimauit.
609 1457 700 1500 Nec
731 1457 910 1510 augurio
944 1457 1099 1508 elusus,
1132 1459 1332 1500 continuo
1358 1459 1594 1514 Frogerum
1626 1460 1735 1501 occi-

287 1517 361 1569 dit,
392 1520 477 1558 tam
510 1515 688 1571 paruulo
721 1515 986 1558 uaframento
1011 1516 1236 1558 maximam
1270 1516 1526 1560 fortitudinis
1557 1517 1734 1572 gloriam

285 1579 517 1617 assecutus.
562 1574 732 1630 Quippe
765 1573 878 1629 quod
897 1573 1052 1628 nullius
1086 1578 1184 1615 ante
1215 1574 1376 1617 uiribus
1408 1576 1539 1631 licuit,
1571 1575 1733 1618 astucia

284 1633 480 1688 prestitit.

422 1691 530 1732 Post
572 1690 686 1732 hunc
717 1690 811 1731 Dan
855 1703 1032 1745 regnum
1066 1691 1258 1745 capessit.
1321 1690 1403 1739 Qui
1440 1705 1535 1733 cum
1577 1690 1735 1733 duode-

214 1763 230 1788 1
287 1751 442 1792 0111111111
465 1749 590 1790 etatis
614 1763 767 1790 annum
786 1752 945 1803 ageret,
969 1748 1237 1803 legacionum
1259 1750 1502 1804 petulancia
1519 1749 1735 1805 fatigatur,

289 1806 531 1850 Saxonibus
564 1807 721 1849 bellum
752 1812 825 1848 aut
856 1805 1061 1848 tributum
1093 1806 1242 1848 afferre
1273 1808 1423 1850 iussus.
1488 1807 1574 1850 Sed
1605 1808 1736 1850 rubor

286 1879 475 1922 pugnam
507 1865 700 1920 pensioni
736 1865 1000 1918 anteposuit,
1047 1865 1195 1919 pocius
1227 1865 1280 1906 ad
1313 1869 1513 1908 strennue
1557 1866 1737 1908 morien-

287 1924 411 1978 dum,
466 1937 589 1978 quam
623 1922 769 1964 timide
815 1922 1046 1963 uiuendum
1090 1922 1324 1977 impellens.
1385 1923 1535 1978 Itaque
1573 1924 1737 1979 prelata

285 1982 506 2038 pugnandi
537 1985 670 2035 sorte,
703 1981 923 2022 Danoium
955 1980 1153 2022 iuuentus
1184 1980 1368 2036 Albyam
1407 1981 1582 2023 fluuium
1621 1985 1738 2023 tanta

284 2041 552 2095 nauigiorum
585 2038 828 2094 frequencia
872 2038 1120 2094 compleuit,
1153 2042 1199 2079 ut
1241 2037 1363 2080 facile
1396 2038 1484 2081 eius
1515 2040 1737 2081 transitum

283 2098 458 2155 perinde
509 2112 558 2140 ac
590 2097 786 2139 continuo
819 2100 949 2152 ponte
994 2096 1136 2138 iuncta
1165 2097 1369 2152 puppium
1410 2097 1600 2139 tabulata
1641 2112 1736 2153 pre-

285 2159 459 2200 starent.
505 2155 598 2205 Quo
632 2156 785 2207 euenit,
818 2158 864 2196 ut
897 2153 1085 2196 Saxonie
1107 2168 1186 2197 rex
1218 2154 1369 2207 eidem,
1402 2169 1527 2211 quam
1557 2170 1582 2197 a
1603 2155 1735 2198 Danis

288 2213 502 2270 exigebat,
536 2213 775 2256 condicioni
806 2211 1066 2267 adigeretur.

424 2272 531 2314 Post
548 2272 642 2314 Dan
661 2270 887 2313 Fridleuus
903 2274 1188 2326 cognomento
1203 2270 1358 2313 Celer
1348 2272 1571 2327 lmperium
1593 2272 1730 2313 sumit.
1786 2292 1813 2316 1)
1837 2283 1884 2309 ¹7³

284 2332 377 2380 Quo
418 2333 624 2385 regnante
665 2329 952 2385 Huyrwillus,
995 2328 1208 2371 Holandie
1247 2330 1465 2385 princeps,
1508 2329 1589 2371 icto
1631 2343 1726 2371 cum
1744 2326 1884 2358 XXXV¹

284 2388 419 2433 Danis
450 2388 598 2430 federe
629 2387 893 2453 Noruagiam
928 2386 1179 2428 incessebat.
1226 2386 1355 2428 Cuius
1388 2387 1586 2454 operibus
1620 2387 1733 2428 haud

284 2460 422 2505 parua
454 2446 650 2487 claritatis
681 2445 864 2487 accessio
898 2443 989 2498 fuit,
1024 2444 1139 2500 quod
1169 2444 1362 2487 Rusilam
1393 2446 1597 2500 uirginem
1630 2445 1735 2486 mili-

286 2507 366 2549 tari
398 2509 500 2546 uoto
532 2517 599 2545 res
632 2503 800 2546 bellicas
828 2477 1057 2544 emulat'am
1079 2503 1204 2545 armis
1237 2503 1458 2558 oppressit,
1489 2503 1736 2570 uirilemque

286 2563 483 2620 gloriam
499 2577 553 2605 ex
588 2560 779 2604 muliebri
811 2560 936 2603 hoste
969 2561 1182 2616 corripuit.
1242 2560 1326 2602 Sed
1360 2565 1401 2603 et
1433 2561 1615 2617 quinque
1646 2561 1736 2603 eius

286 2598 525 2681 complices,
557 2619 864 2677 Broddonem,
894 2617 1087 2672 Bildum,
1118 2618 1365 2678 Bugonem,
1396 2619 1661 2675 Fanningum
1696 2622 1737 2661 et
