1884 3126
101 619 118 646 C!

80 911 118 938 10

80 1202 117 1229 15

81 2072 118 2100 30

82 2361 119 2389 35

733 266 786 272 --
847 241 912 285 VI
973 267 1026 274 ——
1518 247 1596 288 175

154 383 451 426 suspensoque
493 370 676 426 uestigio
717 371 838 427 petit.
901 371 1030 415 Cuius
1071 374 1273 415 conclaue
1309 377 1479 428 nactus,
1520 374 1598 416 sub

151 428 399 471 imminente
430 428 592 471 foribus
623 429 836 472 testudine
871 430 1144 473 consistebat.
1187 431 1372 474 quenes
1393 432 1598 487 siquidem

151 501 176 528 a
208 487 461 528 munimenti
492 487 693 529 firmitate
723 488 917 543 profecta
948 490 1151 532 securitas
1183 490 1236 531 ad
1269 491 1482 546 crapulam
1503 504 1599 545 pro-

152 545 352 599 uocabat,
385 546 661 598 arbitrantes,
694 547 975 588 incitatissimi
1013 548 1156 603 lapsus
1198 548 1375 589 fluuium
1415 549 1598 590 inacces-

151 617 245 645 sum
277 602 429 645 fecisse
460 603 719 659 presidium,
752 606 822 660 qui
853 619 930 647 nec
961 606 1101 647 nando
1148 606 1281 648 traiici
1331 621 1407 648 nec
1438 607 1598 648 ratibus

152 663 342 716 superari
386 676 512 717 posse
561 662 790 705 uideretur.
867 663 1016 719 Neque
1048 664 1157 705 enim
1203 664 1286 706 ulla
1325 665 1455 706 amnis
1504 678 1597 720 pars

151 720 342 774 peruiam
373 719 472 761 uadi
518 721 678 776 copiam
719 721 860 763 dabat.
923 722 1031 763 Tum
1063 721 1244 776 Biorno,
1287 723 1497 764 conuiuali
1540 722 1598 762 hi-

150 778 316 819 laritate
348 777 553 831 suffusus,
597 793 810 835 egressam
852 779 974 821 undis
1006 780 1172 822 beluam
1204 795 1279 835 per
1312 781 1491 836 quietem
1523 780 1599 822 sibi

152 841 425 892 conspectam
459 837 656 887 affirmat,
691 834 772 893 que
796 839 939 880 tristes
973 853 1044 880 ore
1067 839 1256 880 flammas
1279 852 1469 893 egerens,
1501 852 1598 879 con-

149 895 300 936 tinenti
332 898 482 936 cuncta
512 895 706 938 inccndio
731 896 863 938 daret.
910 896 1197 945 Quamobrem
1228 896 1509 952 indagandam
1541 897 1600 937 in-

149 953 241 994 sule
255 953 462 995 latebram
478 967 583 1007 esse,
598 952 717 1009 (nec)
732 954 838 997 adeo
853 953 991 1009 [uec]*
1005 956 1193 997 locorum
1209 954 1371 996 habitui
1388 954 1598 996 confiden-

150 1010 272 1064 dum,
319 1016 366 1052 ut
397 1011 525 1053 nimia
556 1013 794 1054 securitatis
826 1015 1151 1068 presumpcione
1194 1018 1386 1056 extrema
1421 1013 1598 1054 incautis

149 1070 357 1124 pernicies
404 1069 619 1112 afferatur.
696 1070 809 1112 Nihil
857 1072 965 1113 enim
1006 1072 1065 1113 ita
1111 1072 1194 1113 situ
1241 1072 1445 1112 munitum
1492 1086 1597 1123 esse,

151 1127 229 1180 cui,
260 1128 295 1169 si
326 1127 514 1170 humana
547 1128 654 1170 desit
686 1143 831 1184 opera,
862 1130 1043 1185 simplex
1066 1134 1215 1171 nature
1247 1129 1379 1171 tutela
1406 1129 1598 1170 sufficiat.

148 1184 353 1228 Preterea
388 1200 657 1242 summopere
689 1187 950 1241 cauendum,
992 1202 1044 1229 ne
1090 1188 1226 1233 somni
1269 1188 1333 1229 sui
1373 1187 1598 1235 denuncia-

152 1244 315 1286 cionem
361 1245 519 1286 tristior
573 1246 702 1287 cladis
754 1250 932 1288 euentus
984 1247 1182 1302 excipiat.
1263 1246 1399 1301 Igitur
1456 1259 1599 1287 omnes

152 1303 424 1344 munimentis
480 1304 638 1358 egressi
694 1305 916 1360 tociusque
962 1304 1099 1346 insule
1146 1303 1348 1345 ambitum
1396 1304 1600 1345 curiosius

152 1360 374 1415 speculati,
412 1364 582 1416 reperto
615 1362 793 1414 caballo,
825 1362 1071 1404 Fridleuum
1103 1362 1343 1403 fluuialibus
1376 1363 1496 1417 aquis
1528 1362 1599 1403 ob-

151 1423 295 1459 rutum
348 1419 657 1463 coniectabant.
732 1420 901 1477 Equum
952 1435 1078 1472 uero,
1131 1420 1382 1475 precipitato
1436 1433 1601 1461 sessore

150 1479 344 1518 tranasse
376 1477 468 1530 rati,
502 1478 676 1533 perinde
708 1493 758 1521 ac
788 1479 904 1534 regie
936 1479 1083 1520 mortis
1115 1478 1311 1520 nuncium
1345 1479 1474 1533 portis
1505 1492 1600 1531 gra-

150 1535 337 1576 tulanter
355 1536 585 1591 excipiunt.
620 1538 678 1591 At
698 1536 868 1590 Biorno,
892 1542 1191 1579 nocturnarum
1212 1536 1350 1577 adhuc
1371 1536 1599 1590 imaginum

150 1591 545 1647 memoriaterrituS,
563 1595 751 1637 excubiis
764 1596 965 1637 utendum
980 1595 1184 1648 hortatur,
1200 1594 1311 1649 quod
1334 1594 1505 1648 periculi
1532 1608 1599 1634 su-

149 1651 378 1706 spicionem
410 1652 599 1693 nondum
622 1656 714 1695 tuto
739 1653 968 1709 deposituri
1001 1653 1260 1695 uiderentur.
1317 1652 1414 1707 Ipse
1447 1652 1599 1693 deinde

151 1709 353 1764 capiende
371 1710 521 1765 quietis
539 1712 682 1766 gracia
699 1712 938 1754 cubiculum
956 1712 1074 1767 petit,
1089 1712 1293 1752 uisionem
1308 1714 1449 1751 mente
1468 1709 1599 1750 alcius

103 1783 115 1790 ⁹
150 1768 379 1823 repositam
422 1768 597 1810 habens.
659 1769 778 1811 Inter
819 1770 898 1812 hec
941 1784 1100 1826 equus,
1133 1783 1255 1824 quem
1289 1767 1511 1809 Fridleuus
1546 1768 1599 1808 ob

150 1826 409 1880 uulgandam
440 1827 638 1869 interitus
672 1829 739 1869 sui
791 1829 916 1870 fidem
962 1828 1179 1869 intercutis
1232 1830 1394 1868 tantum
1440 1825 1598 1866 cruoris

150 1883 358 1926 effusione
380 1890 655 1940 resperserat,
690 1887 870 1928 militum
893 1887 983 1929 eius
1017 1891 1152 1928 castra
1175 1885 1412 1926 maculosus
1434 1883 1595 1938 irrupit.

152 1941 236 1990 Qui
256 1942 366 1984 illico
389 1957 556 1984 amnem
594 1948 800 1999 petentes,
832 1950 1048 2000 repertum
1081 1944 1188 1985 serui
1221 1943 1403 1984 cadauer
1434 1943 1594 1995 regium

150 2000 449 2043 existimauere
494 2016 668 2058 coerS,
714 2003 827 2058 quod
867 2003 1000 2045 nitida
1046 2007 1165 2043 ueste
1206 2002 1365 2043 cultum
1397 2000 1595 2041 stridulus

149 2058 238 2114 ripe
279 2064 435 2100 uertex
477 2059 692 2115 adegerat.
755 2061 950 2109 Quorum
987 2061 1170 2102 maxime
1205 2073 1389 2101 errorem
1422 2072 1596 2099 conuer-

150 2116 287 2158 berati
330 2118 524 2173 corporis
558 2122 706 2174 turgor
747 2119 931 2170 adiuuit,
976 2133 1071 2160 cum
1102 2119 1287 2159 lacerata
1336 2121 1598 2171 contusaque

151 2173 338 2215 silicibus
371 2175 477 2216 cutis
508 2176 711 2219 informes
745 2178 827 2219 oris
858 2182 981 2220 notas
1014 2175 1198 2230 exangui
1229 2174 1390 2231 pallore
1423 2173 1599 2215 confun-

152 2232 281 2274 deret.
325 2231 479 2288 Hulius
501 2234 561 2275 rei
583 2235 881 2290 indignacione
905 2236 1084 2291 permoti
1106 2234 1285 2290 pugiles,
1309 2233 1378 2288 qui
1401 2231 1597 2274 Fridleuo

152 2303 290 2345 nuper
312 2290 591 2333 delendorum
621 2293 859 2348 predonum
891 2308 1031 2335 euram
1064 2291 1394 2347 spoponderant,
1426 2304 1599 2345 prerup-

151 2352 240 2390 tum
274 2363 387 2404 aque
417 2350 651 2404 periculum
693 2351 977 2404 accedebant,
1017 2365 1071 2392 ne
1102 2349 1390 2406 promissionis
1421 2349 1597 2402 gloriam

153 2406 362 2448 timidiore
392 2409 483 2449 uoti
514 2408 785 2464 negligencia
816 2423 1063 2466 respergere
1094 2408 1352 2450 uiderentur.
1409 2406 1598 2454 Quorum

152 2465 285 2506 ceteri
311 2464 508 2507 fiduciam
540 2467 713 2520 imitati,
756 2468 848 2523 pari
889 2467 1085 2523 cupidine
1128 2465 1303 2507 fluuium
1345 2468 1517 2519 petunt,
1556 2464 1598 2504 ni

151 2535 293 2577 regem
326 2523 641 2578 ulciscerentur,
674 2530 865 2567 extrema
895 2526 1073 2580 passuri.
1137 2523 1301 2571 Quibus
1334 2521 1446 2574 uisis,
1479 2522 1598 2563 Frid-

151 2580 273 2622 leuus
308 2585 486 2636 pontem
509 2583 744 2626 continenti
768 2584 1029 2625 committere
1052 2581 1308 2638 properauit,
1331 2583 1596 2638 receptisque

84 2652 121 2679 40
152 2638 387 2694 pugilibus,
436 2639 570 2695 prima
614 2640 768 2697 uigiles
806 2642 1045 2697 irrupeione
1087 2638 1324 2695 prosternit.
1383 2637 1594 2683 Residuos

1654 393 1682 417 p.
1703 384 1753 412 262

1652 976 1748 1004 Lilia

1652 2262 1677 2287 p.
1698 2252 1748 2280 263
