1884 3126
63 888 98 914 10

62 1465 98 1491 (Συ

61 2042 97 2069 30

62 2330 98 2357 35

66 2619 98 2646 10

667 244 717 251 —
781 218 918 261 XIIII
980 243 1034 250 —-
1491 219 1572 260 497

132 346 318 387 modicas
353 346 536 387 hostium
565 346 676 387 uires
721 346 920 400 edoctum
960 347 1226 402 fatigandam
1258 351 1357 388 ante
1390 346 1575 387 multitu-

132 404 287 457 dinem,
331 419 457 459 quam
488 403 779 445 sustinendam
812 419 923 458 esse;
955 405 1046 447 fore
1078 406 1204 457 enim,
1234 409 1281 446 ut
1312 404 1489 446 multum
1521 418 1575 445 ex

132 462 218 503 eius
250 476 424 504 numero
455 461 669 517 copiisque
702 461 790 503 dies
821 462 1076 504 detraheret.
1126 462 1255 505 Cuius
1277 462 1438 505 consilii
1468 462 1576 503 salu-

136 520 350 573 britatem,
395 520 580 562 Suenoni
623 519 676 560 ad
707 520 881 561 modum
910 525 1099 576 gratam,
1139 521 1328 562 Achonis
1359 519 1575 562 cuiusdam

132 577 394 619 Christiarno
426 578 630 633 precreati
662 578 878 619 temeritas
907 578 1104 633 reppulit.
1151 578 1367 634 Siquidem
1397 582 1470 619 aut
1500 592 1575 633 pu·
1636 587 1641 594 “

132 640 358 701 gnaturum
387 649 533 690 regem
563 640 634 676 aut
665 650 690 676 a
721 635 919 678 militibus
953 635 1233 678 deserendum
1265 651 1357 678 esse
1390 636 1575 682 dicebat;

135 695 289 759 quippe
329 694 397 748 qui
439 695 497 735 ita
539 693 615 734 sibi
655 693 875 735 consulele
921 695 1074 747 nolint
1117 698 1163 735 ut
1205 709 1293 735 rem
1325 694 1576 735 familiarem

134 753 305 817 proprio
337 751 486 806 spiritu
516 752 720 793 cariorem
740 751 883 792 hosti
875 766 1043 808 impune
1065 752 1316 807 pociendam
1336 753 1575 818 relinquere

134 809 327 864 cupiant
390 809 458 850 Ad
490 809 568 851 hec
604 823 836 851 memorem
879 824 972 852 esse
1014 810 1151 862 iubet,
1205 810 1374 876 quocies
1422 811 1576 864 exigua

129 881 275 909 manus
305 867 455 921 ingens
497 868 670 909 uictorie
713 867 839 909 decus
870 868 1092 923 acceperit.
1152 868 1301 923 Itaque
1341 869 1373 909 si
1415 868 1575 910 animos

131 939 314 975 suorum,
347 939 432 966 non
463 939 684 967 numerum
716 926 855 967 metiri
885 926 1010 978 uelit,
1036 926 1128 981 plus
1162 925 1312 967 fiducie
1345 940 1398 967 ex
1431 940 1575 968 eorum

131 984 342 1038 paucitate
372 997 500 1038 quam
521 987 657 1024 metus
681 997 735 1024 ex
760 983 943 1025 hostium
964 984 1231 1025 multitudine
1254 984 1576 1038 concipiendum

132 1040 273 1082 fuisse.
334 1040 538 1082 Preterea
578 1042 714 1083 aciem
756 1042 968 1083 contemni
1008 1043 1154 1097 pocius
1187 1056 1314 1096 quam
1345 1042 1475 1083 metui
1506 1041 1576 1082 de-

135 1100 245 1151 bere,
286 1113 412 1154 quam
452 1112 535 1139 non
578 1099 759 1140 militum
796 1100 945 1153 robur,
987 1099 1058 1142 sed
1104 1100 1255 1154 uulgus
1288 1100 1445 1141 inerme
1479 1113 1575 1140 con-

81 1177 97 1201 5
129 1159 343 1199 struxerit.
406 1156 500 1198 Hac
543 1157 844 1198 exhortacione
887 1171 1057 1212 regem,
1091 1158 1265 1199 salutari
1298 1158 1470 1198 consilio
1505 1156 1575 1198 de-

130 1216 320 1270 pulsum,
362 1215 597 1269 pernicioso
637 1229 788 1270 parere
829 1216 979 1269 coegit.
1041 1214 1109 1256 Ex
1148 1220 1270 1270 parte
1314 1214 1575 1256 Waldemari.

131 1275 325 1314 iuuentus
358 1272 608 1327 ferrugineis
652 1273 860 1314 succincta
900 1275 1048 1315 tunicis
1090 1273 1289 1314 dextrum
1331 1273 1436 1319 aciei
1466 1273 1574 1313 latus

132 1331 383 1372 confecerat.
418 1330 555 1378 Quam
578 1331 801 1372 Suenonici
827 1333 880 1372 ob
904 1331 1103 1372 eximiam
1129 1331 1227 1372 ferri
1259 1330 1575 1372 similitudinem

131 1389 250 1430 uario
292 1388 517 1429 loricarum
555 1403 712 1443 genere
753 1389 967 1430 excultam
1007 1390 1112 1443 rati,
1155 1390 1196 1430 in
1228 1403 1324 1430 eam
1355 1388 1576 1430 cohortem

132 1446 340 1488 exercitus
371 1447 436 1487 sui
457 1460 636 1488 cuneum
659 1446 984 1488 destrinxerunt,
1026 1447 1085 1489 At
1115 1447 1188 1488 ubi
1209 1448 1348 1501 specie
1371 1446 1574 1500 deceptos

132 1518 176 1545 se
198 1504 356 1549 uident,
379 1504 432 1545 ab
456 1505 518 1546 his
541 1505 592 1546 ad
617 1506 781 1559 regiam
801 1506 1058 1560 phalangem
1079 1506 1279 1546 insultum
1301 1505 1573 1546 transferunt.

133 1562 240 1604 Illud
281 1576 445 1617 quoque
488 1567 728 1604 memoratu
768 1563 963 1619 dignum,
1003 1563 1115 1619 quod
1147 1563 1412 1604 Waldemari
1457 1576 1575 1604 exer-

132 1620 259 1662 citum
295 1627 383 1661 tam
414 1621 801 1676 crebrivcoruorum
831 1635 984 1676 greges
1015 1621 1293 1663 interuolasse
1324 1621 1573 1677 produntur,

132 1683 178 1719 ut
210 1676 445 1733 complures
478 1693 521 1720 se
556 1679 706 1720 erectis
738 1679 919 1720 militum
942 1680 1071 1721 hastis
1094 1679 1306 1720 feriendos
1331 1679 1572 1720 obiicerent.

82 1755 97 1779 r>
130 1736 295 1777 Medius
329 1737 440 1777 acies
471 1736 802 1792 interequitabat
835 1742 1002 1790 cantor,
1047 1738 1116 1792 qui
1147 1737 1441 1792 parricidalem
1473 1736 1574 1777 Sue-

130 1794 251 1835 nonis
283 1794 502 1849 perfidiam
542 1794 704 1837 famoso
738 1796 921 1837 carmine
968 1795 1267 1851 prosequendo
1311 1793 1575 1835 waldemari

131 1852 286 1894 milites
316 1866 393 1907 per
423 1866 631 1893 summam
661 1853 845 1894 uindicte
867 1853 1215 1895 exhortacionem
1245 1854 1287 1894 in
1318 1853 1477 1894 bellum
1510 1865 1574 1892 ac-

131 1910 342 1952 cenderet.
406 1909 704 1964 Congressuris
746 1925 867 1966 sepes
910 1911 1081 1966 frugum
1121 1911 1319 1952 ambitrix
1364 1910 1571 1962 obstabat,

131 1982 256 2023 quam
286 1973 436 2009 neutro
470 1969 661 2023 equitatu
691 1975 867 2024 propter
899 1969 1092 2024 palorum
1129 1969 1361 2011 eminencia
1383 1968 1574 2009 acumina

128 2026 426 2067 transcendere
458 2033 749 2081 presumente,
783 2026 1045 2068 Waldemari
1077 2027 1240 2082 pedites
1273 2026 1462 2068 disiicere
1500 2039 1572 2080 ag-

129 2085 277 2150 gressi,
307 2098 449 2139 pugne
493 2085 744 2139 principium
783 2084 1015 2126 ediderunt.
1088 2085 1180 2133 Qua
1227 2084 1451 2127 Suenonici
1491 2083 1573 2124 leui

129 2142 306 2195 negocio
338 2143 450 2192 uicti,
483 2155 582 2196 egre
614 2142 758 2195 fugam
789 2143 1086 2185 moliebantur.
1149 2143 1316 2198 Quippe
1348 2142 1465 2196 equi,
1497 2155 1572 2182 110-

131 2204 277 2241 ctuino
310 2199 447 2241 adbuc
467 2199 623 2259 pabulo
646 2201 797 2250 onusti,
818 2205 1142 2255 perseueranter
1164 2215 1330 2242 cursum
1352 2198 1571 2241 intendere

131 2271 215 2298 non
247 2258 462 2309 ualebant,
495 2257 606 2312 quod
631 2259 863 2300 saturitatis
885 2259 1018 2300 moles
1041 2259 1168 2299 citam
1192 2259 1249 2300 eis
1281 2257 1571 2300 lassitudinem

129 2315 361 2370 ingerebant
424 2315 663 2380 Primipilus
696 2316 797 2371 ipse,
830 2321 873 2357 et
904 2330 1013 2372 equo
1058 2317 1099 2356 in
1133 2317 1297 2358 hostem
1343 2329 1570 2357 conuersus

131 2387 383 2428 sparsosque
415 2373 517 2427 fuga
547 2373 683 2414 socios
715 2373 769 2414 ad
801 2388 988 2429 pugnam
1029 2374 1334 2429 capessendam
1365 2374 1572 2416 hortatus.

131 2430 324 2482 tandem,
365 2431 658 2485 circumspectis
698 2445 903 2486 nusquam
934 2431 1121 2483 auxiliis,
1154 2432 1320 2486 signum
1354 2431 1467 2471 humi
1498 2429 1571 2472 de-

130 2488 262 2530 fixum
292 2490 458 2530 sinistra
501 2489 772 2542 complexus,
818 2488 970 2530 dextra
1001 2490 1173 2545 propius
1213 2489 1463 2530 accedentes
1496 2487 1569 2528 ob-

131 2552 306 2589 truncat.
367 2546 433 2587 Ad
465 2547 672 2598 ultimum,
703 2546 966 2588 memorabili
998 2561 1139 2602 pugna
1171 2547 1307 2596 edita,
1340 2545 1570 2587 circunfuse

1631 828 1657 852 p.
1678 818 1726 845 733

130 2604 418 2662 mulititudinis
449 2605 604 2646 uiribus
635 2604 851 2646 lacessitus
873 2605 1076 2647 obruitur.
1130 2605 1270 2646 Sueno
1293 2619 1387 2645 cum
1420 2604 1561 2659 paucis
1616 2614 1712 2648 p·734

200 2678 279 2705 Saxo
298 2678 530 2705 Grammaticus.
1388 2671 1433 2708 32
