<?xml version="1.0" encoding="UTF-8"?>
<!DOCTYPE html PUBLIC "-//W3C//DTD XHTML 1.0 Transitional//EN"
    "http://www.w3.org/TR/xhtml1/DTD/xhtml1-transitional.dtd">
<html xmlns="http://www.w3.org/1999/xhtml" xml:lang="en" lang="en">
 <head>
  <title>
</title>
<meta http-equiv="Content-Type" content="text/html;charset=utf-8" />
  <meta name='ocr-system' content='tesseract 3.04.00' />
  <meta name='ocr-capabilities' content='ocr_page ocr_carea ocr_par ocr_line ocrx_word'/>
</head>
<body>
  <div class='ocr_page' id='page_1' title='image "./saxonisgrammatic00saxouoft_0628.png"; bbox 0 0 1884 3126; ppageno 0'>
   <div class='ocr_carea' id='block_1_1' title="bbox 218 846 253 873">
    <p class='ocr_par' dir='ltr' id='par_1_1' title="bbox 218 846 253 873">
     <span class='ocr_line' id='line_1_1' title="bbox 218 846 253 873; baseline -0.029 0"><span class='ocrx_word' id='word_1_1' title='bbox 218 846 253 873; x_wconf 91' lang='lat'>10</span> 
     </span>
    </p>
   </div>
   <div class='ocr_carea' id='block_1_2' title="bbox 217 1134 252 1161">
    <p class='ocr_par' dir='ltr' id='par_1_2' title="bbox 217 1134 252 1161">
     <span class='ocr_line' id='line_1_2' title="bbox 217 1134 252 1161; baseline 0.029 -1"><span class='ocrx_word' id='word_1_2' title='bbox 217 1134 252 1161; x_wconf 88' lang='lat'>15</span> 
     </span>
    </p>
   </div>
   <div class='ocr_carea' id='block_1_3' title="bbox 215 1422 252 1449">
    <p class='ocr_par' dir='ltr' id='par_1_3' title="bbox 215 1422 252 1449">
     <span class='ocr_line' id='line_1_3' title="bbox 215 1422 252 1449; baseline 0 0"><span class='ocrx_word' id='word_1_3' title='bbox 215 1422 252 1449; x_wconf 82' lang='lat'>20</span> 
     </span>
    </p>
   </div>
   <div class='ocr_carea' id='block_1_4' title="bbox 213 1712 250 1739">
    <p class='ocr_par' dir='ltr' id='par_1_4' title="bbox 213 1712 250 1739">
     <span class='ocr_line' id='line_1_4' title="bbox 213 1712 250 1739; baseline 0 0"><span class='ocrx_word' id='word_1_4' title='bbox 213 1712 250 1739; x_wconf 85' lang='lat'>25</span> 
     </span>
    </p>
   </div>
   <div class='ocr_carea' id='block_1_5' title="bbox 214 2001 251 2028">
    <p class='ocr_par' dir='ltr' id='par_1_5' title="bbox 214 2001 251 2028">
     <span class='ocr_line' id='line_1_5' title="bbox 214 2001 251 2028; baseline 0.027 -1"><span class='ocrx_word' id='word_1_5' title='bbox 214 2001 251 2028; x_wconf 79' lang='lat'>30</span> 
     </span>
    </p>
   </div>
   <div class='ocr_carea' id='block_1_6' title="bbox 213 2288 251 2316">
    <p class='ocr_par' dir='ltr' id='par_1_6' title="bbox 213 2288 251 2316">
     <span class='ocr_line' id='line_1_6' title="bbox 213 2288 251 2316; baseline 0.026 -1"><span class='ocrx_word' id='word_1_6' title='bbox 213 2288 251 2316; x_wconf 84' lang='lat'>35</span> 
     </span>
    </p>
   </div>
   <div class='ocr_carea' id='block_1_7' title="bbox 217 2577 252 2602">
    <p class='ocr_par' dir='ltr' id='par_1_7' title="bbox 217 2577 252 2602">
     <span class='ocr_line' id='line_1_7' title="bbox 217 2577 252 2602; baseline 0 0"><span class='ocrx_word' id='word_1_7' title='bbox 217 2577 252 2602; x_wconf 75' lang='lat'>40</span> 
     </span>
    </p>
   </div>
   <div class='ocr_carea' id='block_1_8' title="bbox 294 181 1189 233">
    <p class='ocr_par' dir='ltr' id='par_1_8' title="bbox 294 181 1189 233">
     <span class='ocr_line' id='line_1_8' title="bbox 294 181 1189 233; baseline -0.015 0"><span class='ocrx_word' id='word_1_8' title='bbox 294 192 376 233; x_wconf 86' lang='lat'>534</span> <span class='ocrx_word' id='word_1_9' title='bbox 827 207 878 212; x_wconf 89' lang='lat'>—</span> <span class='ocrx_word' id='word_1_10' title='bbox 939 181 1077 223; x_wconf 90' lang='lat' dir='ltr'>XIIII</span> <span class='ocrx_word' id='word_1_11' title='bbox 1139 206 1189 212; x_wconf 90' lang='lat'><em>—</em></span> 
     </span>
    </p>
   </div>
   <div class='ocr_carea' id='block_1_9' title="bbox 283 309 1733 1754">
    <p class='ocr_par' dir='ltr' id='par_1_9' title="bbox 283 309 1733 1696">
     <span class='ocr_line' id='line_1_9' title="bbox 295 309 1730 365; baseline -0.007 -5"><span class='ocrx_word' id='word_1_12' title='bbox 295 316 549 362; x_wconf 77' lang='lat' dir='ltr'>consciencia</span> <span class='ocrx_word' id='word_1_13' title='bbox 582 317 779 363; x_wconf 83' lang='lat' dir='ltr'>retusum,</span> <span class='ocrx_word' id='word_1_14' title='bbox 797 324 879 351; x_wconf 90' lang='lat' dir='ltr'>non</span> <span class='ocrx_word' id='word_1_15' title='bbox 913 309 1049 351; x_wconf 90' lang='lat' dir='ltr'>solum</span> <span class='ocrx_word' id='word_1_16' title='bbox 1083 310 1391 350; x_wconf 77' lang='lat' dir='ltr'>contumaciter</span> <span class='ocrx_word' id='word_1_17' title='bbox 1425 309 1730 365; x_wconf 76' lang='lat' dir='ltr'>supersedisse,</span> 
     </span>
     <span class='ocr_line' id='line_1_10' title="bbox 293 367 1731 422; baseline -0.006 -5"><span class='ocrx_word' id='word_1_18' title='bbox 293 375 364 418; x_wconf 85' lang='lat' dir='ltr'>sed</span> <span class='ocrx_word' id='word_1_19' title='bbox 398 374 530 415; x_wconf 90' lang='lat' dir='ltr'>eciam</span> <span class='ocrx_word' id='word_1_20' title='bbox 561 370 737 419; x_wconf 80' lang='lat' dir='ltr'>dixisse,</span> <span class='ocrx_word' id='word_1_21' title='bbox 780 368 983 409; x_wconf 89' lang='lat' dir='ltr'>maiorem</span> <span class='ocrx_word' id='word_1_22' title='bbox 1023 381 1066 407; x_wconf 90' lang='lat' dir='ltr'>se</span> <span class='ocrx_word' id='word_1_23' title='bbox 1099 381 1216 419; x_wconf 89' lang='lat' dir='ltr'>esse,</span> <span class='ocrx_word' id='word_1_24' title='bbox 1257 381 1381 422; x_wconf 89' lang='lat' dir='ltr'>quam</span> <span class='ocrx_word' id='word_1_25' title='bbox 1415 372 1460 408; x_wconf 90' lang='lat' dir='ltr'>ut</span> <span class='ocrx_word' id='word_1_26' title='bbox 1494 367 1731 422; x_wconf 87' lang='lat' dir='ltr'>cuiuspiam</span> 
     </span>
     <span class='ocr_line' id='line_1_11' title="bbox 293 423 1729 483; baseline -0.004 -11"><span class='ocrx_word' id='word_1_27' title='bbox 293 445 465 475; x_wconf 82' lang='lat' dir='ltr'>censure</span> <span class='ocrx_word' id='word_1_28' title='bbox 498 440 643 483; x_wconf 86' lang='lat' dir='ltr'>parere</span> <span class='ocrx_word' id='word_1_29' title='bbox 676 426 842 467; x_wconf 87' lang='lat' dir='ltr'>debeat.</span> <span class='ocrx_word' id='word_1_30' title='bbox 905 423 1035 466; x_wconf 81' lang='lat' dir='ltr'>Cuius</span> <span class='ocrx_word' id='word_1_31' title='bbox 1059 425 1347 466; x_wconf 89' lang='lat' dir='ltr'>controuersie</span> <span class='ocrx_word' id='word_1_32' title='bbox 1379 425 1563 467; x_wconf 86' lang='lat' dir='ltr'>finiende</span> <span class='ocrx_word' id='word_1_33' title='bbox 1586 425 1729 480; x_wconf 82' lang='lat' dir='ltr'>gracia</span> 
     </span>
     <span class='ocr_line' id='line_1_12' title="bbox 292 483 1729 538; baseline -0.005 -7"><span class='ocrx_word' id='word_1_34' title='bbox 292 495 493 532; x_wconf 83' lang='lat' dir='ltr'>terrarum</span> <span class='ocrx_word' id='word_1_35' title='bbox 526 498 647 538; x_wconf 87' lang='lat' dir='ltr'>reges</span> <span class='ocrx_word' id='word_1_36' title='bbox 689 497 830 525; x_wconf 87' lang='lat' dir='ltr'>secum</span> <span class='ocrx_word' id='word_1_37' title='bbox 862 484 1013 524; x_wconf 82' lang='lat' dir='ltr'>adesse</span> <span class='ocrx_word' id='word_1_38' title='bbox 1047 488 1271 537; x_wconf 76' lang='lat' dir='ltr'>oportere,</span> <span class='ocrx_word' id='word_1_39' title='bbox 1310 483 1481 536; x_wconf 90' lang='lat' dir='ltr'>publice</span> <span class='ocrx_word' id='word_1_40' title='bbox 1515 483 1729 537; x_wconf 84' lang='lat' dir='ltr'>religionis</span> 
     </span>
     <span class='ocr_line' id='line_1_13' title="bbox 287 539 1728 599; baseline -0.005 -11"><span class='ocrx_word' id='word_1_41' title='bbox 287 545 505 599; x_wconf 81' lang='lat' dir='ltr'>negocium</span> <span class='ocrx_word' id='word_1_42' title='bbox 538 542 830 582; x_wconf 89' lang='lat' dir='ltr'>communibus</span> <span class='ocrx_word' id='word_1_43' title='bbox 863 540 1012 582; x_wconf 85' lang='lat' dir='ltr'>studiis</span> <span class='ocrx_word' id='word_1_44' title='bbox 1044 539 1346 596; x_wconf 65' lang='lat' dir='ltr'>inspecturos*</span> <span class='ocrx_word' id='word_1_45' title='bbox 1389 541 1425 582; x_wconf 83' lang='lat' dir='ltr'>E</span> <span class='ocrx_word' id='word_1_46' title='bbox 1448 542 1597 597; x_wconf 91' lang='lat' dir='ltr'>quibus</span> <span class='ocrx_word' id='word_1_47' title='bbox 1620 554 1728 596; x_wconf 88' lang='lat' dir='ltr'>pene</span> 
     </span>
     <span class='ocr_line' id='line_1_14' title="bbox 289 598 1727 652; baseline -0.003 -8"><span class='ocrx_word' id='word_1_48' title='bbox 289 616 433 644; x_wconf 91' lang='lat' dir='ltr'>omnes</span> <span class='ocrx_word' id='word_1_49' title='bbox 464 602 504 641; x_wconf 94' lang='lat' dir='ltr'>in</span> <span class='ocrx_word' id='word_1_50' title='bbox 546 598 727 640; x_wconf 86' lang='lat' dir='ltr'>aduerse</span> <span class='ocrx_word' id='word_1_51' title='bbox 769 598 899 652; x_wconf 84' lang='lat' dir='ltr'>partis</span> <span class='ocrx_word' id='word_1_52' title='bbox 933 598 1163 652; x_wconf 81' lang='lat' dir='ltr'>presidium</span> <span class='ocrx_word' id='word_1_53' title='bbox 1196 599 1471 650; x_wconf 82' lang='lat' dir='ltr'>concessisse,</span> <span class='ocrx_word' id='word_1_54' title='bbox 1516 599 1595 641; x_wconf 86' lang='lat' dir='ltr'>sibi</span> <span class='ocrx_word' id='word_1_55' title='bbox 1627 613 1727 640; x_wconf 89' lang='lat' dir='ltr'>uero</span> 
     </span>
     <span class='ocr_line' id='line_1_15' title="bbox 286 656 1728 711; baseline -0.003 -10"><span class='ocrx_word' id='word_1_56' title='bbox 286 659 496 701; x_wconf 89' lang='lat' dir='ltr'>neminem</span> <span class='ocrx_word' id='word_1_57' title='bbox 528 672 581 697; x_wconf 75' lang='lat' dir='ltr'>ex</span> <span class='ocrx_word' id='word_1_58' title='bbox 617 657 677 697; x_wconf 90' lang='lat' dir='ltr'>his</span> <span class='ocrx_word' id='word_1_59' title='bbox 709 656 1004 710; x_wconf 84' lang='lat' dir='ltr'>suffragiorum</span> <span class='ocrx_word' id='word_1_60' title='bbox 1039 656 1287 697; x_wconf 87' lang='lat' dir='ltr'>societatem</span> <span class='ocrx_word' id='word_1_61' title='bbox 1327 658 1518 711; x_wconf 88' lang='lat' dir='ltr'>prebere.</span> <span class='ocrx_word' id='word_1_62' title='bbox 1592 656 1728 705; x_wconf 83' lang='lat' dir='ltr'>Quam</span> 
     </span>
     <span class='ocr_line' id='line_1_16' title="bbox 288 712 1732 770; baseline -0.001 -12"><span class='ocrx_word' id='word_1_63' title='bbox 288 719 339 758; x_wconf 89' lang='lat' dir='ltr'>ob</span> <span class='ocrx_word' id='word_1_64' title='bbox 375 731 461 757; x_wconf 85' lang='lat' dir='ltr'>rem</span> <span class='ocrx_word' id='word_1_65' title='bbox 493 729 536 756; x_wconf 86' lang='lat' dir='ltr'>se</span> <span class='ocrx_word' id='word_1_66' title='bbox 580 727 838 769; x_wconf 81' lang='lat' dir='ltr'>magnopere</span> <span class='ocrx_word' id='word_1_67' title='bbox 871 714 1187 768; x_wconf 78' lang='lat' dir='ltr'>prudentissimi</span> <span class='ocrx_word' id='word_1_68' title='bbox 1219 714 1443 756; x_wconf 90' lang='lat' dir='ltr'>Danorum</span> <span class='ocrx_word' id='word_1_69' title='bbox 1473 715 1582 770; x_wconf 82' lang='lat' dir='ltr'>regis</span> <span class='ocrx_word' id='word_1_70' title='bbox 1614 712 1732 770; x_wconf 83' lang='grc' dir='ltr'>611οΗ-</span> 
     </span>
     <span class='ocr_line' id='line_1_17' title="bbox 287 772 1730 830; baseline -0.001 -15"><span class='ocrx_word' id='word_1_71' title='bbox 287 775 429 830; x_wconf 83' lang='lat' dir='ltr'>quium</span> <span class='ocrx_word' id='word_1_72' title='bbox 461 773 672 822; x_wconf 84' lang='lat' dir='ltr'>affectare,</span> <span class='ocrx_word' id='word_1_73' title='bbox 705 772 891 826; x_wconf 87' lang='lat' dir='ltr'>parcium</span> <span class='ocrx_word' id='word_1_74' title='bbox 924 785 1094 813; x_wconf 89' lang='lat' dir='ltr'>suarum</span> <span class='ocrx_word' id='word_1_75' title='bbox 1116 772 1458 815; x_wconf 83' lang='lat' dir='ltr'>moderacionem</span> <span class='ocrx_word' id='word_1_76' title='bbox 1481 773 1568 815; x_wconf 87' lang='lat' dir='ltr'>eius</span> <span class='ocrx_word' id='word_1_77' title='bbox 1600 773 1730 828; x_wconf 91' lang='lat' dir='ltr'>potis-</span> 
     </span>
     <span class='ocr_line' id='line_1_18' title="bbox 284 829 1732 885; baseline -0.001 -12"><span class='ocrx_word' id='word_1_78' title='bbox 284 833 434 873; x_wconf 90' lang='lat' dir='ltr'>simum</span> <span class='ocrx_word' id='word_1_79' title='bbox 467 830 681 871; x_wconf 75' lang='lat' dir='ltr'>sentencie</span> <span class='ocrx_word' id='word_1_80' title='bbox 713 829 984 880; x_wconf 88' lang='lat' dir='ltr'>crediturum,</span> <span class='ocrx_word' id='word_1_81' title='bbox 1018 831 1174 885; x_wconf 90' lang='lat' dir='ltr'>quippe</span> <span class='ocrx_word' id='word_1_82' title='bbox 1205 844 1332 885; x_wconf 90' lang='lat' dir='ltr'>quem</span> <span class='ocrx_word' id='word_1_83' title='bbox 1364 831 1489 872; x_wconf 88' lang='lat' dir='ltr'>animi</span> <span class='ocrx_word' id='word_1_84' title='bbox 1522 831 1656 872; x_wconf 89' lang='lat' dir='ltr'>uirtus</span> <span class='ocrx_word' id='word_1_85' title='bbox 1689 835 1732 871; x_wconf 87' lang='lat' dir='ltr'>et</span> 
     </span>
     <span class='ocr_line' id='line_1_19' title="bbox 286 887 1733 944; baseline 0.001 -15"><span class='ocrx_word' id='word_1_86' title='bbox 286 890 449 943; x_wconf 82' lang='lat' dir='ltr'>generis</span> <span class='ocrx_word' id='word_1_87' title='bbox 490 888 690 929; x_wconf 80' lang='lat' dir='ltr'>sanctitas</span> <span class='ocrx_word' id='word_1_88' title='bbox 730 892 848 929; x_wconf 84' lang='lat' dir='ltr'>tante</span> <span class='ocrx_word' id='word_1_89' title='bbox 887 887 948 928; x_wconf 85' lang='lat' dir='ltr'>rei</span> <span class='ocrx_word' id='word_1_90' title='bbox 985 887 1166 930; x_wconf 90' lang='lat' dir='ltr'>iudicem</span> <span class='ocrx_word' id='word_1_91' title='bbox 1210 889 1455 944; x_wconf 86' lang='lat' dir='ltr'>deposcant.</span> <span class='ocrx_word' id='word_1_92' title='bbox 1528 890 1733 930; x_wconf 89' lang='lat' dir='ltr'>Preterea</span> 
     </span>
     <span class='ocr_line' id='line_1_20' title="bbox 286 946 1732 1001; baseline -0.001 -13"><span class='ocrx_word' id='word_1_93' title='bbox 286 946 592 988; x_wconf 87' lang='lat' dir='ltr'>attendendum</span> <span class='ocrx_word' id='word_1_94' title='bbox 634 960 749 997; x_wconf 87' lang='lat' dir='ltr'>esse,</span> <span class='ocrx_word' id='word_1_95' title='bbox 794 950 995 1000; x_wconf 89' lang='lat' dir='ltr'>quantum</span> <span class='ocrx_word' id='word_1_96' title='bbox 1038 946 1208 1000; x_wconf 88' lang='lat' dir='ltr'>pietatis</span> <span class='ocrx_word' id='word_1_97' title='bbox 1253 960 1358 1001; x_wconf 92' lang='lat' dir='ltr'>opus</span> <span class='ocrx_word' id='word_1_98' title='bbox 1393 947 1561 997; x_wconf 79' lang='lat' dir='ltr'>ederet,</span> <span class='ocrx_word' id='word_1_99' title='bbox 1603 947 1638 988; x_wconf 91' lang='lat' dir='ltr'>si</span> <span class='ocrx_word' id='word_1_100' title='bbox 1668 950 1732 988; x_wconf 92' lang='lat' dir='ltr'>tot</span> 
     </span>
     <span class='ocr_line' id='line_1_21' title="bbox 285 1003 1732 1059; baseline 0 -14"><span class='ocrx_word' id='word_1_101' title='bbox 285 1004 520 1046; x_wconf 89' lang='lat' dir='ltr'>animarum</span> <span class='ocrx_word' id='word_1_102' title='bbox 552 1003 755 1057; x_wconf 88' lang='lat' dir='ltr'>salutem,</span> <span class='ocrx_word' id='word_1_103' title='bbox 789 1004 961 1059; x_wconf 87' lang='lat' dir='ltr'>ancipiti</span> <span class='ocrx_word' id='word_1_104' title='bbox 991 1003 1145 1045; x_wconf 91' lang='lat' dir='ltr'>iudicio</span> <span class='ocrx_word' id='word_1_105' title='bbox 1178 1005 1479 1056; x_wconf 89' lang='lat' dir='ltr'>fluctuantem,</span> <span class='ocrx_word' id='word_1_106' title='bbox 1517 1004 1732 1047; x_wconf 89' lang='lat' dir='ltr'>sentencie</span> 
     </span>
     <span class='ocr_line' id='line_1_22' title="bbox 285 1061 1733 1117; baseline 0 -15"><span class='ocrx_word' id='word_1_107' title='bbox 285 1075 360 1103; x_wconf 90' lang='lat' dir='ltr'>sue</span> <span class='ocrx_word' id='word_1_108' title='bbox 393 1062 625 1116; x_wconf 84' lang='lat' dir='ltr'>sagacitate</span> <span class='ocrx_word' id='word_1_109' title='bbox 648 1065 850 1103; x_wconf 84' lang='lat' dir='ltr'>seruaret.</span> <span class='ocrx_word' id='word_1_110' title='bbox 912 1061 1052 1117; x_wconf 83' lang='lat' dir='ltr'>Super</span> <span class='ocrx_word' id='word_1_111' title='bbox 1083 1062 1162 1103; x_wconf 88' lang='lat' dir='ltr'>hec</span> <span class='ocrx_word' id='word_1_112' title='bbox 1185 1062 1339 1112; x_wconf 86' lang='lat' dir='ltr'>omnia,</span> <span class='ocrx_word' id='word_1_113' title='bbox 1371 1063 1405 1104; x_wconf 91' lang='lat' dir='ltr'>si</span> <span class='ocrx_word' id='word_1_114' title='bbox 1427 1066 1512 1103; x_wconf 88' lang='lat' dir='ltr'>tam</span> <span class='ocrx_word' id='word_1_115' title='bbox 1545 1062 1733 1117; x_wconf 83' lang='lat' dir='ltr'>religiosi</span> 
     </span>
     <span class='ocr_line' id='line_1_23' title="bbox 283 1119 1732 1175; baseline 0.001 -15"><span class='ocrx_word' id='word_1_116' title='bbox 283 1120 445 1161; x_wconf 89' lang='lat' dir='ltr'>itineris</span> <span class='ocrx_word' id='word_1_117' title='bbox 477 1119 671 1160; x_wconf 89' lang='lat' dir='ltr'>laborem</span> <span class='ocrx_word' id='word_1_118' title='bbox 713 1120 939 1173; x_wconf 90' lang='lat' dir='ltr'>suscipiat,</span> <span class='ocrx_word' id='word_1_119' title='bbox 984 1134 1029 1161; x_wconf 87' lang='lat' dir='ltr'>se</span> <span class='ocrx_word' id='word_1_120' title='bbox 1071 1120 1108 1160; x_wconf 90' lang='lat' dir='ltr'>ei</span> <span class='ocrx_word' id='word_1_121' title='bbox 1139 1120 1181 1160; x_wconf 93' lang='lat' dir='ltr'>in</span> <span class='ocrx_word' id='word_1_122' title='bbox 1213 1121 1422 1175; x_wconf 86' lang='lat' dir='ltr'>premium</span> <span class='ocrx_word' id='word_1_123' title='bbox 1463 1121 1732 1174; x_wconf 82' lang='lat' dir='ltr'>fatigacionis</span> 
     </span>
     <span class='ocr_line' id='line_1_24' title="bbox 284 1177 1731 1234; baseline 0.001 -16"><span class='ocrx_word' id='word_1_124' title='bbox 284 1191 411 1218; x_wconf 88' lang='lat' dir='ltr'>unam</span> <span class='ocrx_word' id='word_1_125' title='bbox 446 1192 495 1218; x_wconf 79' lang='lat' dir='ltr'>ex</span> <span class='ocrx_word' id='word_1_126' title='bbox 531 1177 655 1217; x_wconf 83' lang='lat' dir='ltr'>Italic</span> <span class='ocrx_word' id='word_1_127' title='bbox 697 1177 925 1232; x_wconf 88' lang='lat' dir='ltr'>prouinciis</span> <span class='ocrx_word' id='word_1_128' title='bbox 967 1192 1061 1219; x_wconf 89' lang='lat' dir='ltr'>cum</span> <span class='ocrx_word' id='word_1_129' title='bbox 1103 1179 1239 1219; x_wconf 89' lang='lat' dir='ltr'>tocius</span> <span class='ocrx_word' id='word_1_130' title='bbox 1285 1178 1454 1220; x_wconf 83' lang='lat' dir='ltr'>Sclauie</span> <span class='ocrx_word' id='word_1_131' title='bbox 1493 1178 1731 1234; x_wconf 84' lang='lat' dir='ltr'>prefectura</span> 
     </span>
     <span class='ocr_line' id='line_1_25' title="bbox 285 1234 1732 1291; baseline 0.001 -15"><span class='ocrx_word' id='word_1_132' title='bbox 285 1235 497 1277; x_wconf 85' lang='lat' dir='ltr'>daturum.</span> <span class='ocrx_word' id='word_1_133' title='bbox 546 1234 720 1276; x_wconf 87' lang='lat' dir='ltr'>Talibus</span> <span class='ocrx_word' id='word_1_134' title='bbox 753 1235 985 1276; x_wconf 85' lang='lat' dir='ltr'>Radulfum</span> <span class='ocrx_word' id='word_1_135' title='bbox 1019 1235 1150 1277; x_wconf 85' lang='lat' dir='ltr'>Cesar</span> <span class='ocrx_word' id='word_1_136' title='bbox 1182 1237 1457 1278; x_wconf 82' lang='lat' dir='ltr'>hortamentis</span> <span class='ocrx_word' id='word_1_137' title='bbox 1490 1250 1732 1291; x_wconf 54' lang='lat' dir='ltr'>aggressuri,</span> 
     </span>
     <span class='ocr_line' id='line_1_26' title="bbox 284 1293 1731 1348; baseline 0 -14"><span class='ocrx_word' id='word_1_138' title='bbox 284 1307 368 1334; x_wconf 90' lang='lat' dir='ltr'>non</span> <span class='ocrx_word' id='word_1_139' title='bbox 402 1293 605 1347; x_wconf 87' lang='lat' dir='ltr'>pauciora</span> <span class='ocrx_word' id='word_1_140' title='bbox 635 1293 793 1346; x_wconf 89' lang='lat' dir='ltr'>literis,</span> <span class='ocrx_word' id='word_1_141' title='bbox 826 1307 929 1348; x_wconf 89' lang='lat' dir='ltr'>quas</span> <span class='ocrx_word' id='word_1_142' title='bbox 961 1308 1036 1348; x_wconf 84' lang='lat' dir='ltr'>per</span> <span class='ocrx_word' id='word_1_143' title='bbox 1071 1308 1168 1336; x_wconf 90' lang='lat' dir='ltr'>eum</span> <span class='ocrx_word' id='word_1_144' title='bbox 1199 1294 1240 1335; x_wconf 91' lang='lat' dir='ltr'>in</span> <span class='ocrx_word' id='word_1_145' title='bbox 1274 1294 1456 1335; x_wconf 87' lang='lat' dir='ltr'>Daniam</span> <span class='ocrx_word' id='word_1_146' title='bbox 1488 1295 1731 1348; x_wconf 81' lang='lat' dir='ltr'>destinarat,</span> 
     </span>
     <span class='ocr_line' id='line_1_27' title="bbox 286 1350 1731 1406; baseline 0.001 -15"><span class='ocrx_word' id='word_1_147' title='bbox 286 1351 533 1405; x_wconf 81' lang='lat' dir='ltr'>complexus</span> <span class='ocrx_word' id='word_1_148' title='bbox 568 1355 644 1392; x_wconf 90' lang='lat' dir='ltr'>est.</span> <span class='ocrx_word' id='word_1_149' title='bbox 706 1350 942 1406; x_wconf 84' lang='lat' dir='ltr'>Regressus</span> <span class='ocrx_word' id='word_1_150' title='bbox 974 1352 1071 1393; x_wconf 90' lang='lat' dir='ltr'>inde</span> <span class='ocrx_word' id='word_1_151' title='bbox 1093 1351 1319 1405; x_wconf 87' lang='lat' dir='ltr'>Radulfus,</span> <span class='ocrx_word' id='word_1_152' title='bbox 1344 1352 1508 1394; x_wconf 86' lang='lat' dir='ltr'>Cesaris</span> <span class='ocrx_word' id='word_1_153' title='bbox 1533 1352 1731 1394; x_wconf 87' lang='lat' dir='ltr'>Octauia-</span> 
     </span>
     <span class='ocr_line' id='line_1_28' title="bbox 283 1408 1731 1465; baseline 0.001 -16"><span class='ocrx_word' id='word_1_154' title='bbox 283 1409 408 1463; x_wconf 89' lang='lat' dir='ltr'>nique</span> <span class='ocrx_word' id='word_1_155' title='bbox 450 1409 672 1450; x_wconf 88' lang='lat' dir='ltr'>caritatem</span> <span class='ocrx_word' id='word_1_156' title='bbox 714 1408 753 1449; x_wconf 92' lang='lat' dir='ltr'>in</span> <span class='ocrx_word' id='word_1_157' title='bbox 796 1423 939 1464; x_wconf 87' lang='lat' dir='ltr'>regem</span> <span class='ocrx_word' id='word_1_158' title='bbox 992 1410 1246 1451; x_wconf 86' lang='lat' dir='ltr'>uberrimam</span> <span class='ocrx_word' id='word_1_159' title='bbox 1289 1410 1548 1465; x_wconf 90' lang='lat' dir='ltr'>predicabat.</span> <span class='ocrx_word' id='word_1_160' title='bbox 1620 1410 1731 1463; x_wconf 87' lang='lat' dir='ltr'>Rex,</span> 
     </span>
     <span class='ocr_line' id='line_1_29' title="bbox 284 1466 1728 1522; baseline 0.001 -15"><span class='ocrx_word' id='word_1_161' title='bbox 284 1466 526 1521; x_wconf 88' lang='lat' dir='ltr'>prompcius</span> <span class='ocrx_word' id='word_1_162' title='bbox 558 1481 683 1521; x_wconf 88' lang='lat' dir='ltr'>quam</span> <span class='ocrx_word' id='word_1_163' title='bbox 714 1467 971 1521; x_wconf 86' lang='lat' dir='ltr'>prudencius</span> <span class='ocrx_word' id='word_1_164' title='bbox 1003 1467 1219 1509; x_wconf 87' lang='lat' dir='ltr'>familiaris</span> <span class='ocrx_word' id='word_1_165' title='bbox 1243 1469 1484 1511; x_wconf 88' lang='lat' dir='ltr'>assercione</span> <span class='ocrx_word' id='word_1_166' title='bbox 1517 1471 1728 1522; x_wconf 87' lang='lat' dir='ltr'>suscepta,</span> 
     </span>
     <span class='ocr_line' id='line_1_30' title="bbox 283 1525 1731 1581; baseline 0.001 -16"><span class='ocrx_word' id='word_1_167' title='bbox 283 1539 362 1566; x_wconf 90' lang='lat' dir='ltr'>nec</span> <span class='ocrx_word' id='word_1_168' title='bbox 407 1529 493 1565; x_wconf 90' lang='lat' dir='ltr'>tam</span> <span class='ocrx_word' id='word_1_169' title='bbox 540 1525 733 1579; x_wconf 87' lang='lat' dir='ltr'>religioni</span> <span class='ocrx_word' id='word_1_170' title='bbox 781 1526 1004 1566; x_wconf 88' lang='lat' dir='ltr'>consulere</span> <span class='ocrx_word' id='word_1_171' title='bbox 1062 1539 1189 1581; x_wconf 89' lang='lat' dir='ltr'>quam</span> <span class='ocrx_word' id='word_1_172' title='bbox 1236 1531 1477 1567; x_wconf 82' lang='lat' dir='ltr'>exterarum</span> <span class='ocrx_word' id='word_1_173' title='bbox 1534 1526 1731 1581; x_wconf 88' lang='lat' dir='ltr'>gencium</span> 
     </span>
     <span class='ocr_line' id='line_1_31' title="bbox 285 1583 1730 1640; baseline 0.001 -17"><span class='ocrx_word' id='word_1_174' title='bbox 285 1596 424 1624; x_wconf 90' lang='lat' dir='ltr'>mores</span> <span class='ocrx_word' id='word_1_175' title='bbox 457 1596 709 1637; x_wconf 87' lang='lat' dir='ltr'>cognoscere</span> <span class='ocrx_word' id='word_1_176' title='bbox 742 1583 916 1637; x_wconf 86' lang='lat' dir='ltr'>auidus,</span> <span class='ocrx_word' id='word_1_177' title='bbox 949 1584 1124 1640; x_wconf 82' lang='lat' dir='ltr'>petendi</span> <span class='ocrx_word' id='word_1_178' title='bbox 1159 1583 1326 1626; x_wconf 84' lang='lat' dir='ltr'>Cesaris</span> <span class='ocrx_word' id='word_1_179' title='bbox 1359 1584 1602 1640; x_wconf 89' lang='lat' dir='ltr'>cupidinem</span> <span class='ocrx_word' id='word_1_180' title='bbox 1634 1598 1730 1625; x_wconf 92' lang='lat' dir='ltr'>con-</span> 
     </span>
     <span class='ocr_line' id='line_1_32' title="bbox 286 1640 404 1696; baseline 0.008 -15"><span class='ocrx_word' id='word_1_181' title='bbox 286 1640 404 1696; x_wconf 79' lang='lat' dir='ltr'>cepit.</span> 
     </span>
    </p>

    <p class='ocr_par' dir='ltr' id='par_1_10' title="bbox 418 1696 1731 1754">
     <span class='ocr_line' id='line_1_33' title="bbox 418 1696 1731 1754; baseline 0.002 -16"><span class='ocrx_word' id='word_1_182' title='bbox 418 1696 482 1739; x_wconf 81' lang='lat' dir='ltr'>Ea</span> <span class='ocrx_word' id='word_1_183' title='bbox 513 1701 767 1753; x_wconf 86' lang='lat' dir='ltr'>tempestate</span> <span class='ocrx_word' id='word_1_184' title='bbox 797 1698 1043 1741; x_wconf 85' lang='lat' dir='ltr'>Bernardus</span> <span class='ocrx_word' id='word_1_185' title='bbox 1083 1698 1275 1754; x_wconf 86' lang='lat' dir='ltr'>quidam,</span> <span class='ocrx_word' id='word_1_186' title='bbox 1320 1700 1370 1740; x_wconf 89' lang='lat' dir='ltr'>ab</span> <span class='ocrx_word' id='word_1_187' title='bbox 1405 1700 1642 1742; x_wconf 88' lang='lat' dir='ltr'>Octauiano</span> <span class='ocrx_word' id='word_1_188' title='bbox 1672 1700 1731 1740; x_wconf 89' lang='lat' dir='ltr'>le-</span> 
     </span>
    </p>
   </div>
   <div class='ocr_carea' id='block_1_10' title="bbox 282 1755 1751 1813">
    <p class='ocr_par' dir='ltr' id='par_1_11' title="bbox 282 1755 1751 1813">
     <span class='ocr_line' id='line_1_34' title="bbox 282 1755 1751 1813; baseline -0.001 -15"><span class='ocrx_word' id='word_1_189' title='bbox 282 1762 407 1810; x_wconf 80' lang='lat' dir='ltr'>gatus</span> <span class='ocrx_word' id='word_1_190' title='bbox 438 1756 480 1797; x_wconf 91' lang='lat' dir='ltr'>in</span> <span class='ocrx_word' id='word_1_191' title='bbox 512 1755 694 1797; x_wconf 87' lang='lat' dir='ltr'>Daniam</span> <span class='ocrx_word' id='word_1_192' title='bbox 726 1757 956 1812; x_wconf 89' lang='lat' dir='ltr'>profectus,</span> <span class='ocrx_word' id='word_1_193' title='bbox 988 1757 1236 1812; x_wconf 86' lang='lat' dir='ltr'>pontificum</span> <span class='ocrx_word' id='word_1_194' title='bbox 1277 1757 1487 1813; x_wconf 84' lang='lat' dir='ltr'>suffragiis</span> <span class='ocrx_word' id='word_1_195' title='bbox 1528 1757 1751 1799; x_wconf 81' lang='lat' dir='ltr'>inhiabat..</span> 
     </span>
    </p>
   </div>
   <div class='ocr_carea' id='block_1_11' title="bbox 281 1813 1732 2623">
    <p class='ocr_par' dir='ltr' id='par_1_12' title="bbox 281 1813 1732 2623">
     <span class='ocr_line' id='line_1_35' title="bbox 281 1813 1731 1869; baseline 0.001 -15"><span class='ocrx_word' id='word_1_196' title='bbox 281 1813 442 1856; x_wconf 89' lang='lat' dir='ltr'>Verum</span> <span class='ocrx_word' id='word_1_197' title='bbox 473 1827 707 1868; x_wconf 89' lang='lat' dir='ltr'>paucorum</span> <span class='ocrx_word' id='word_1_198' title='bbox 740 1815 889 1857; x_wconf 89' lang='lat' dir='ltr'>fauore</span> <span class='ocrx_word' id='word_1_199' title='bbox 922 1820 1142 1869; x_wconf 83' lang='lat' dir='ltr'>exceptus,</span> <span class='ocrx_word' id='word_1_200' title='bbox 1175 1820 1220 1856; x_wconf 90' lang='lat' dir='ltr'>ut</span> <span class='ocrx_word' id='word_1_201' title='bbox 1241 1816 1465 1857; x_wconf 88' lang='lat' dir='ltr'>uniuersos</span> <span class='ocrx_word' id='word_1_202' title='bbox 1493 1817 1731 1867; x_wconf 84' lang='lat' dir='ltr'>ascisceret,</span> 
     </span>
     <span class='ocr_line' id='line_1_36' title="bbox 283 1871 1732 1928; baseline 0 -15"><span class='ocrx_word' id='word_1_203' title='bbox 283 1871 391 1913; x_wconf 79' lang='lat' dir='ltr'>datis</span> <span class='ocrx_word' id='word_1_204' title='bbox 424 1886 501 1926; x_wconf 89' lang='lat' dir='ltr'>per</span> <span class='ocrx_word' id='word_1_205' title='bbox 544 1872 807 1926; x_wconf 87' lang='lat' dir='ltr'>prouinciam</span> <span class='ocrx_word' id='word_1_206' title='bbox 849 1873 1061 1928; x_wconf 87' lang='lat' dir='ltr'>epistolis,</span> <span class='ocrx_word' id='word_1_207' title='bbox 1096 1873 1319 1914; x_wconf 88' lang='lat' dir='ltr'>concilium</span> <span class='ocrx_word' id='word_1_208' title='bbox 1361 1873 1543 1915; x_wconf 89' lang='lat' dir='ltr'>simulat.</span> <span class='ocrx_word' id='word_1_209' title='bbox 1607 1873 1732 1921; x_wconf 82' lang='lat' dir='ltr'>Quod</span> 
     </span>
     <span class='ocr_line' id='line_1_37' title="bbox 283 1929 1731 1986; baseline 0 -15"><span class='ocrx_word' id='word_1_210' title='bbox 283 1929 401 1971; x_wconf 90' lang='lat' dir='ltr'>tenui</span> <span class='ocrx_word' id='word_1_211' title='bbox 439 1930 684 1984; x_wconf 82' lang='lat' dir='ltr'>frequencia</span> <span class='ocrx_word' id='word_1_212' title='bbox 725 1930 938 1981; x_wconf 85' lang='lat' dir='ltr'>habitum,</span> <span class='ocrx_word' id='word_1_213' title='bbox 984 1931 1145 1973; x_wconf 89' lang='lat' dir='ltr'>maiore</span> <span class='ocrx_word' id='word_1_214' title='bbox 1191 1930 1376 1972; x_wconf 90' lang='lat' dir='ltr'>ludibrio</span> <span class='ocrx_word' id='word_1_215' title='bbox 1424 1945 1551 1986; x_wconf 85' lang='lat' dir='ltr'>quam</span> <span class='ocrx_word' id='word_1_216' title='bbox 1596 1931 1731 1985; x_wconf 87' lang='lat' dir='ltr'>gloria</span> 
     </span>
     <span class='ocr_line' id='line_1_38' title="bbox 284 1987 1729 2044; baseline 0 -15"><span class='ocrx_word' id='word_1_217' title='bbox 284 1987 531 2029; x_wconf 87' lang='lat' dir='ltr'>celebrauit.</span> <span class='ocrx_word' id='word_1_218' title='bbox 608 1987 670 2029; x_wconf 86' lang='lat' dir='ltr'>Eo</span> <span class='ocrx_word' id='word_1_219' title='bbox 718 2003 793 2030; x_wconf 84' lang='lat' dir='ltr'>rex</span> <span class='ocrx_word' id='word_1_220' title='bbox 846 1988 991 2044; x_wconf 64' lang='lat' dir='ltr'>apud}</span> <span class='ocrx_word' id='word_1_221' title='bbox 1029 1988 1264 2031; x_wconf 81' lang='lat' dir='ltr'>Slesuicum</span> <span class='ocrx_word' id='word_1_222' title='bbox 1313 1989 1513 2042; x_wconf 88' lang='lat' dir='ltr'>dimisso,</span> <span class='ocrx_word' id='word_1_223' title='bbox 1565 1989 1729 2030; x_wconf 82' lang='lat' dir='ltr'>eximiis</span> 
     </span>
     <span class='ocr_line' id='line_1_39' title="bbox 285 2045 1729 2102; baseline 0.001 -16"><span class='ocrx_word' id='word_1_224' title='bbox 285 2045 451 2088; x_wconf 84' lang='lat' dir='ltr'>Cesaris</span> <span class='ocrx_word' id='word_1_225' title='bbox 483 2045 772 2087; x_wconf 87' lang='lat' dir='ltr'>illeccionibns</span> <span class='ocrx_word' id='word_1_226' title='bbox 806 2052 967 2102; x_wconf 85' lang='lat' dir='ltr'>captus,</span> <span class='ocrx_word' id='word_1_227' title='bbox 993 2046 1214 2098; x_wconf 87' lang='lat' dir='ltr'>Absaloni,</span> <span class='ocrx_word' id='word_1_228' title='bbox 1244 2046 1287 2087; x_wconf 90' lang='lat' dir='ltr'>in</span> <span class='ocrx_word' id='word_1_229' title='bbox 1319 2047 1466 2089; x_wconf 86' lang='lat' dir='ltr'>insulis</span> <span class='ocrx_word' id='word_1_230' title='bbox 1489 2047 1729 2100; x_wconf 84' lang='lat' dir='ltr'>excubanti,</span> 
     </span>
     <span class='ocr_line' id='line_1_40' title="bbox 282 2103 1729 2160; baseline 0.001 -17"><span class='ocrx_word' id='word_1_231' title='bbox 282 2104 550 2158; x_wconf 90' lang='lat' dir='ltr'>propositum</span> <span class='ocrx_word' id='word_1_232' title='bbox 581 2104 735 2159; x_wconf 88' lang='lat' dir='ltr'>aperit,</span> <span class='ocrx_word' id='word_1_233' title='bbox 770 2119 952 2160; x_wconf 89' lang='lat' dir='ltr'>eumque</span> <span class='ocrx_word' id='word_1_234' title='bbox 991 2105 1059 2146; x_wconf 91' lang='lat' dir='ltr'>uie</span> <span class='ocrx_word' id='word_1_235' title='bbox 1100 2105 1296 2146; x_wconf 90' lang='lat' dir='ltr'>comitem</span> <span class='ocrx_word' id='word_1_236' title='bbox 1340 2104 1543 2160; x_wconf 89' lang='lat' dir='ltr'>deposcit.</span> <span class='ocrx_word' id='word_1_237' title='bbox 1610 2103 1729 2145; x_wconf 87' lang='lat' dir='ltr'>Tunc</span> 
     </span>
     <span class='ocr_line' id='line_1_41' title="bbox 282 2161 1728 2218; baseline 0.001 -16"><span class='ocrx_word' id='word_1_238' title='bbox 282 2161 500 2212; x_wconf 86' lang='lat' dir='ltr'>Absalon,</span> <span class='ocrx_word' id='word_1_239' title='bbox 540 2161 666 2202; x_wconf 90' lang='lat' dir='ltr'>fidem</span> <span class='ocrx_word' id='word_1_240' title='bbox 711 2161 877 2204; x_wconf 82' lang='lat' dir='ltr'>Cesaris</span> <span class='ocrx_word' id='word_1_241' title='bbox 920 2164 1210 2218; x_wconf 86' lang='lat' dir='ltr'>astuciamque</span> <span class='ocrx_word' id='word_1_242' title='bbox 1242 2162 1510 2216; x_wconf 85' lang='lat' dir='ltr'>damnando,</span> <span class='ocrx_word' id='word_1_243' title='bbox 1554 2162 1728 2203; x_wconf 86' lang='lat' dir='ltr'>fallaces</span> 
     </span>
     <span class='ocr_line' id='line_1_42' title="bbox 285 2219 1728 2276; baseline 0 -16"><span class='ocrx_word' id='word_1_244' title='bbox 285 2219 372 2260; x_wconf 88' lang='lat' dir='ltr'>eius</span> <span class='ocrx_word' id='word_1_245' title='bbox 413 2219 712 2274; x_wconf 86' lang='lat' dir='ltr'>promissiones</span> <span class='ocrx_word' id='word_1_246' title='bbox 755 2220 868 2261; x_wconf 87' lang='lat' dir='ltr'>fideli</span> <span class='ocrx_word' id='word_1_247' title='bbox 911 2235 985 2276; x_wconf 88' lang='lat' dir='ltr'>spe</span> <span class='ocrx_word' id='word_1_248' title='bbox 1028 2220 1299 2275; x_wconf 85' lang='lat' dir='ltr'>excipiendas</span> <span class='ocrx_word' id='word_1_249' title='bbox 1342 2221 1542 2275; x_wconf 85' lang='lat' dir='ltr'>negabat.</span> <span class='ocrx_word' id='word_1_250' title='bbox 1618 2219 1728 2267; x_wconf 83' lang='lat' dir='ltr'>Quin</span> 
     </span>
     <span class='ocr_line' id='line_1_43' title="bbox 283 2276 1729 2330; baseline 0 -13"><span class='ocrx_word' id='word_1_251' title='bbox 283 2277 414 2317; x_wconf 83' lang='lat' dir='ltr'>eciam</span> <span class='ocrx_word' id='word_1_252' title='bbox 447 2276 536 2318; x_wconf 91' lang='lat' dir='ltr'>sine</span> <span class='ocrx_word' id='word_1_253' title='bbox 567 2277 780 2330; x_wconf 84' lang='lat' dir='ltr'>religionis</span> <span class='ocrx_word' id='word_1_254' title='bbox 806 2278 968 2319; x_wconf 86' lang='lat' dir='ltr'>uiolatu</span> <span class='ocrx_word' id='word_1_255' title='bbox 989 2278 1284 2320; x_wconf 84' lang='lat' dir='ltr'>familiaritatis</span> <span class='ocrx_word' id='word_1_256' title='bbox 1317 2279 1406 2319; x_wconf 92' lang='lat' dir='ltr'>eius</span> <span class='ocrx_word' id='word_1_257' title='bbox 1429 2292 1552 2319; x_wconf 92' lang='lat' dir='ltr'>usum</span> <span class='ocrx_word' id='word_1_258' title='bbox 1583 2277 1729 2319; x_wconf 85' lang='lat' dir='ltr'>haberi</span> 
     </span>
     <span class='ocr_line' id='line_1_44' title="bbox 283 2335 1730 2390; baseline 0 -15"><span class='ocrx_word' id='word_1_259' title='bbox 283 2349 368 2375; x_wconf 91' lang='lat' dir='ltr'>non</span> <span class='ocrx_word' id='word_1_260' title='bbox 403 2348 550 2389; x_wconf 88' lang='lat' dir='ltr'>posse,</span> <span class='ocrx_word' id='word_1_261' title='bbox 583 2335 698 2390; x_wconf 92' lang='lat' dir='ltr'>quod</span> <span class='ocrx_word' id='word_1_262' title='bbox 734 2335 972 2378; x_wconf 86' lang='lat' dir='ltr'>scismatice</span> <span class='ocrx_word' id='word_1_263' title='bbox 1005 2335 1205 2378; x_wconf 87' lang='lat' dir='ltr'>faccionis</span> <span class='ocrx_word' id='word_1_264' title='bbox 1245 2336 1382 2377; x_wconf 90' lang='lat' dir='ltr'>acrior</span> <span class='ocrx_word' id='word_1_265' title='bbox 1422 2349 1546 2390; x_wconf 85' lang='lat' dir='ltr'>quam</span> <span class='ocrx_word' id='word_1_266' title='bbox 1578 2335 1730 2376; x_wconf 89' lang='lat' dir='ltr'>iustior</span> 
     </span>
     <span class='ocr_line' id='line_1_45' title="bbox 284 2392 1727 2448; baseline 0.001 -16"><span class='ocrx_word' id='word_1_267' title='bbox 284 2392 479 2433; x_wconf 88' lang='lat' dir='ltr'>defensor</span> <span class='ocrx_word' id='word_1_268' title='bbox 522 2393 737 2435; x_wconf 87' lang='lat' dir='ltr'>existeret.</span> <span class='ocrx_word' id='word_1_269' title='bbox 812 2393 866 2435; x_wconf 83' lang='lat' dir='ltr'>Se</span> <span class='ocrx_word' id='word_1_270' title='bbox 907 2407 1010 2435; x_wconf 92' lang='lat' dir='ltr'>uero</span> <span class='ocrx_word' id='word_1_271' title='bbox 1051 2399 1140 2435; x_wconf 91' lang='lat' dir='ltr'>tum</span> <span class='ocrx_word' id='word_1_272' title='bbox 1187 2397 1497 2435; x_wconf 89' lang='lat' dir='ltr'>commeatuum</span> <span class='ocrx_word' id='word_1_273' title='bbox 1544 2393 1727 2448; x_wconf 91' lang='lat' dir='ltr'>inopem,</span> 
     </span>
     <span class='ocr_line' id='line_1_46' title="bbox 284 2451 1728 2507; baseline 0 -17"><span class='ocrx_word' id='word_1_274' title='bbox 284 2455 372 2490; x_wconf 89' lang='lat' dir='ltr'>tum</span> <span class='ocrx_word' id='word_1_275' title='bbox 415 2451 547 2491; x_wconf 88' lang='lat' dir='ltr'>eciam</span> <span class='ocrx_word' id='word_1_276' title='bbox 591 2452 823 2507; x_wconf 86' lang='lat' dir='ltr'>longinque</span> <span class='ocrx_word' id='word_1_277' title='bbox 864 2452 1225 2506; x_wconf 86' lang='lat' dir='ltr'>peregrinacionis</span> <span class='ocrx_word' id='word_1_278' title='bbox 1265 2451 1482 2493; x_wconf 86' lang='lat' dir='ltr'>laboribus</span> <span class='ocrx_word' id='word_1_279' title='bbox 1526 2451 1728 2505; x_wconf 86' lang='lat' dir='ltr'>imparem</span> 
     </span>
     <span class='ocr_line' id='line_1_47' title="bbox 284 2508 1728 2573; baseline 0.001 -26"><span class='ocrx_word' id='word_1_280' title='bbox 284 2509 559 2550; x_wconf 87' lang='lat' dir='ltr'>memorabat.</span> <span class='ocrx_word' id='word_1_281' title='bbox 621 2509 743 2562; x_wconf 84' lang='lat' dir='ltr'>Rex,</span> <span class='ocrx_word' id='word_1_282' title='bbox 774 2509 915 2573; x_wconf 64' lang='lat' dir='ltr'>qupad</span> <span class='ocrx_word' id='word_1_283' title='bbox 948 2510 1028 2551; x_wconf 88' lang='lat' dir='ltr'>sibi</span> <span class='ocrx_word' id='word_1_284' title='bbox 1058 2514 1319 2551; x_wconf 88' lang='lat' dir='ltr'>commeatus</span> <span class='ocrx_word' id='word_1_285' title='bbox 1352 2512 1652 2564; x_wconf 88' lang='lat' dir='ltr'>suppeterent,</span> <span class='ocrx_word' id='word_1_286' title='bbox 1692 2508 1728 2548; x_wconf 92' lang='grc'>61</span> 
     </span>
     <span class='ocr_line' id='line_1_48' title="bbox 283 2565 1729 2623; baseline 0.001 -18"><span class='ocrx_word' id='word_1_287' title='bbox 283 2579 364 2605; x_wconf 89' lang='lat' dir='ltr'>non</span> <span class='ocrx_word' id='word_1_288' title='bbox 409 2565 632 2608; x_wconf 84' lang='lat' dir='ltr'>defuturos</span> <span class='ocrx_word' id='word_1_289' title='bbox 681 2566 917 2623; x_wconf 79' lang='lat' dir='ltr'>respondit.</span> <span class='ocrx_word' id='word_1_290' title='bbox 978 2568 1191 2620; x_wconf 88' lang='lat' dir='ltr'>Absalon,</span> <span class='ocrx_word' id='word_1_291' title='bbox 1236 2567 1570 2622; x_wconf 81' lang='lat' dir='ltr'>quantiscunque</span> <span class='ocrx_word' id='word_1_292' title='bbox 1616 2579 1729 2611; x_wconf 87' lang='lat' dir='ltr'>com-</span> 
     </span>
    </p>
   </div>
   <div class='ocr_carea' id='block_1_12' title="bbox 1766 544 1883 572">
    <p class='ocr_par' dir='ltr' id='par_1_13' title="bbox 1766 544 1883 572">
     <span class='ocr_line' id='line_1_49' title="bbox 1766 544 1883 572; baseline 0.009 -1"><span class='ocrx_word' id='word_1_293' title='bbox 1766 544 1883 572; x_wconf 83' lang='lat' dir='ltr'>CLVII</span> 
     </span>
    </p>
   </div>
   <div class='ocr_carea' id='block_1_13' title="bbox 1784 775 1879 809">
    <p class='ocr_par' dir='ltr' id='par_1_14' title="bbox 1784 775 1879 809">
     <span class='ocr_line' id='line_1_50' title="bbox 1784 775 1879 809; baseline -0.011 -6"><span class='ocrx_word' id='word_1_294' title='bbox 1784 775 1879 809; x_wconf 83' lang='lat'><strong>(301)</strong></span> 
     </span>
    </p>
   </div>
   <div class='ocr_carea' id='block_1_14' title="bbox 1784 1995 1879 2030">
    <p class='ocr_par' dir='ltr' id='par_1_15' title="bbox 1784 1995 1879 2030">
     <span class='ocr_line' id='line_1_51' title="bbox 1784 1995 1879 2030; baseline 0 -7"><span class='ocrx_word' id='word_1_295' title='bbox 1784 2005 1813 2030; x_wconf 80' lang='lat' dir='ltr'>p.</span> <span class='ocrx_word' id='word_1_296' title='bbox 1832 1995 1879 2024; x_wconf 67' lang='grc' dir='ltr'>ΠΕ</span> 
     </span>
    </p>
   </div>
  </div>
 </body>
</html>
