1884 3126
312 863 344 891 10

306 1149 340 1176 15

301 1434 337 1461 20

299 1721 335 1747 25

296 2007 333 2035 30

293 2296 328 2324 35

290 2586 328 2614 40

383 217 463 257 674
924 235 976 240 —
1036 207 1145 250 XVI
1204 232 1257 238 ——

381 342 532 383 caudas
562 337 804 387 dicentibus,
834 335 938 376 iram
968 333 1164 388 precibus
1194 333 1373 387 remisit,
1407 332 1664 388 hostilesque
1694 332 1803 375 lares

380 398 601 438 inuiolatos
634 394 885 447 relinquere,
915 405 1038 446 quam
1063 390 1228 432 diuinos
1251 390 1445 431 humanis
1474 390 1628 431 iniuria
1649 404 1804 445 equare

379 454 534 495 maluit.
594 451 661 492 Illi
701 452 845 490 urbem
874 449 1068 503 precibus
1109 448 1193 489 suis
1236 448 1434 490 donatam
1474 448 1622 502 ganisi,
1654 448 1804 502 graciis

379 524 453 566 pro
486 508 687 550 beneficio
719 506 834 556 actis,
867 503 1003 547 leticia
1026 509 1200 546 ouantes
1224 504 1453 555 discedunt,
1485 519 1662 560 eamque
1684 519 1802 546 sacro

379 570 603 608 concentus
624 577 777 618 genere
797 568 1122 618 prosequuntur.
1166 562 1459 616 Bogiszlauus,
1483 562 1595 617 quod
1616 563 1802 617 petebat,

378 626 563 673 obtento,
596 622 804 676 quesitum
825 620 1079 661 Absalonem
1112 618 1178 660 die
1208 624 1378 674 postero
1411 619 1582 661 obuiam
1613 620 1690 661 sibi
1711 634 1804 661 cum

376 681 576 723 Iarimaro
620 683 843 719 uenturum
876 682 1092 732 precatur,
1135 677 1303 718 eosdem
1346 677 1536 718 faciende
1578 690 1672 718 cum
1702 691 1802 732 rege

375 738 487 792 pacis
520 736 698 777 arbitros
722 735 951 785 habiturus,
974 748 1079 789 quos
1101 738 1164 775 tot
1186 734 1404 789 colloquiis
1427 735 1582 775 amicos
1604 741 1801 789 expertus

375 796 526 836 fuerat.
579 793 715 840 Quem
745 791 935 833 Absalon
966 791 1115 832 fraude
1135 792 1281 846 pocius
1313 806 1438 847 quam
1459 792 1620 833 sincera
1652 792 1802 833 uerbo-

374 866 463 893 rum
486 851 569 891 fide
593 863 717 904 agere
740 854 866 902 ratus,
889 850 1062 904 negauit
1091 863 1136 890 se
1158 850 1430 903 intercedere,
1455 863 1536 904 quo
1560 850 1694 890 minus
1715 850 1802 901 igni

373 909 588 964 prouincia
619 911 867 959 uastaretur,
900 920 951 948 ne
984 910 1146 948 tantum
1179 907 1256 948 iter
1278 907 1471 961 explesse
1504 906 1641 948 fraudi
1670 906 1800 948 fuisse

373 966 580 1007 uideatur.
640 965 719 1005 Ille
750 964 851 1004 nihil
882 978 906 1004 a
938 978 983 1005 se
1016 970 1135 1005 extra
1166 964 1379 1019 municipii
1420 965 1557 1005 menia
1595 964 1802 1019 possideri

373 1022 598 1072 confessus,
631 1022 757 1062 sacris
790 1025 950 1062 tantum
975 1021 1204 1071 domiciliis,
1238 1035 1468 1077 eorumque
1490 1022 1630 1077 gracia
1654 1022 1800 1063 uicinis

373 1080 493 1122 tectis
526 1079 819 1120 abstinendum
854 1080 1015 1132 oraluit.
1078 1079 1200 1127 Quod
1236 1080 1486 1121 beneficium
1517 1080 1664 1120 eodem
1696 1085 1797 1121 uoto

370 1138 544 1193 petitum
595 1137 929 1191 promissumque
982 1142 1058 1178 est.
1136 1136 1363 1192 Reliquum
1414 1137 1519 1178 lucis
1562 1137 1803 1178 auidissima

373 1195 556 1236 uicorum
588 1193 831 1235 uastacione
859 1198 1164 1249 consumptum.
1224 1194 1506 1248 Bogiszlauus
1537 1195 1801 1249 presencium

370 1253 650 1308 periculorum
668 1252 850 1306 impulsu
869 1252 1120 1306 promissum
1138 1251 1380 1293 reuertendi
1397 1257 1586 1307 tempore
1603 1256 1800 1304 sectatus,

370 1310 585 1351 Absalone
618 1314 659 1349 et
689 1308 893 1350 Iarimaro
926 1308 1097 1350 dextras
1128 1309 1418 1363 prebentibus,
1450 1311 1502 1350 ad
1535 1323 1676 1363 regem
1707 1323 1798 1365 per-

370 1367 550 1420 ducitur,
581 1367 847 1421 ingentisque
879 1381 1039 1407 summe
1070 1367 1250 1421 pecunia
1282 1367 1438 1408 mulcte
1459 1368 1628 1408 nomine
1661 1371 1796 1422 pacta,

367 1439 450 1466 non
482 1425 584 1465 alias
616 1423 730 1477 pacis
763 1423 1028 1466 condiciones
1060 1425 1230 1479 assequi
1260 1425 1421 1479 potuit,
1462 1438 1586 1480 quam
1627 1429 1673 1465 ut
1702 1438 1796 1479 pro-

369 1483 634 1523 curacionem
675 1482 876 1522 hactenus
919 1482 1163 1536 patrimonii
1204 1482 1327 1523 titulo
1384 1482 1730 1523 amministratam
1773 1497 1796 1524 e

367 1554 494 1581 manu
523 1540 634 1592 regis
656 1539 847 1581 beneficii
868 1540 956 1580 iure
978 1540 1223 1594 susciperet,
1246 1539 1564 1594 libertatemque
1596 1540 1797 1581 seruitute

366 1601 573 1650 mutaret,
619 1595 825 1650 Rulgiane
867 1597 1004 1651 gentis
1046 1597 1249 1638 tributum
1296 1597 1506 1652 obsequiis
1553 1601 1796 1652 equaturus.

367 1654 490 1695 Hanc
528 1654 773 1708 paccionem
816 1654 1032 1695 obsidibus
1071 1654 1316 1696 firmandam
1348 1655 1573 1709 pollicitus,
1607 1654 1795 1708 discedit,

365 1711 566 1753 redeundi
590 1711 812 1753 comitibus
833 1711 1004 1765 utendo,
1029 1725 1134 1766 quos
1157 1711 1409 1754 adueniendi
1431 1711 1557 1753 duces
1575 1712 1795 1754 habuerat.

365 1769 421 1810 Et
451 1784 503 1811 ne
535 1769 824 1810 ueneracionis
858 1783 1007 1824 expers
1040 1769 1332 1822 dimitteretur,
1364 1769 1418 1810 ab
1449 1769 1665 1812 Absalone
1698 1783 1795 1810 con-

365 1827 476 1869 uiuio
509 1841 601 1867 cum
633 1827 776 1868 amicis
810 1832 1027 1881 exceptus,
1058 1833 1164 1881 potu
1186 1827 1308 1868 nimis
1330 1827 1453 1868 auide
1485 1831 1666 1881 sumpto,
1688 1827 1794 1868 adeo

366 1885 477 1925 uires
508 1898 761 1939 sensumque
793 1885 932 1932 exuit,
976 1891 1022 1925 ut
1054 1885 1125 1925 uix
1158 1889 1297 1925 mente
1328 1889 1519 1925 constare
1558 1890 1793 1939 putaretur.

366 1941 459 1989 Qua
504 1942 832 1995 intemperancia
877 1942 1027 1983 amisse
1061 1941 1075 1994 ΙΙ
1106 1943 1335 1983 maiestatis
1383 1942 1556 1993 oblitus,
1602 1941 1793 1983 deflende
1852 1958 1856 1981 z

363 1999 578 2041 seruitutis
611 2000 702 2039 loco
734 1999 940 2040 libertatis
961 1999 1116 2053 gaudia
1138 1999 1455 2055 representauit.
1507 1999 1644 2053 Igitur
1666 2000 1792 2040 nimio

365 2056 578 2098 ebrietatis
610 2056 765 2098 haustu
789 2056 1088 2112 obstupefactis
1115 2058 1267 2109 neruis,
1299 2070 1409 2098 naue
1440 2062 1607 2112 egestus
1640 2057 1680 2097 in
1704 2062 1792 2098 ten-

363 2114 472 2156 torio
535 2114 787 2166 collocatur,
849 2114 1063 2156 Absalone
1134 2114 1411 2170 quadraginta
1461 2119 1644 2156 armatos
1694 2119 1791 2155 ante

364 2171 625 2213 tabernaculi
645 2172 757 2212 fores
780 2171 990 2213 excubare
1013 2177 1299 2227 nocturneque
1323 2172 1412 2213 eius
1430 2171 1619 2213 custodie
1642 2185 1791 2213 uacare

362 2229 547 2271 iubente.
610 2228 746 2269 Tanta
777 2229 983 2284 siquidem
1015 2229 1126 2283 apud
1148 2229 1294 2270 Dauos
1325 2229 1631 2270 seruandorum
1652 2230 1791 2284 hospi-

359 2291 445 2328 tum
479 2286 678 2327 sedulitas
720 2286 903 2327 existere
939 2287 1180 2341 consueuit,
1211 2291 1258 2327 ut
1284 2300 1429 2328 eorum
1460 2286 1585 2327 saluti
1617 2286 1791 2341 perinde

361 2358 409 2385 ac
455 2343 622 2398 proprie
665 2343 835 2385 studere
885 2348 1114 2386 curaretur.
1188 2343 1283 2391 Quo
1333 2344 1532 2385 beneficio
1579 2344 1789 2399 obligatus

361 2400 654 2456 Bogiszlauus,
687 2400 934 2442 Sclauorum
967 2402 1128 2442 animos
1160 2400 1293 2442 Danis
1324 2400 1572 2456 applicando
1603 2401 1788 2443 debitam

361 2458 581 2500 Absalonis
614 2458 771 2500 meritis
795 2459 979 2512 graciam
1000 2458 1154 2500 retulit.
1201 2458 1362 2506 Quibus
1386 2472 1492 2512 cum,
1524 2458 1644 2513 pulso
1667 2472 1788 2499 mane

360 2529 526 2566 somno,
573 2515 717 2556 oculos
763 2516 1028 2569 inseruisset,
1071 2515 1288 2557 Danorum
1334 2516 1458 2556 fidem
1506 2517 1786 2568 exosculatus,

358 2574 664 2629 aptissimoque
679 2573 935 2615 laudacionis
956 2587 1111 2628 genere
1127 2578 1423 2628 prosequutus,
1445 2573 1538 2628 plus
1556 2574 1784 2628 uoluptatis

1855 1080 1884 1131 νς

1880 1147 1884 1165 l
