1884 3126
33 873 70 901 10

36 1454 73 1481 20

33 1745 69 1773 25

37 2035 73 2062 30

34 2325 70 2353 35

685 229 733 234 —
796 205 866 247 ΙΙΙ
927 227 978 233 --
1499 213 1552 253 79

103 335 304 389 tergeret,
336 336 528 376 ueterem
558 333 750 375 habitum
781 347 895 376 noua
925 334 1140 377 furaretur
1170 335 1355 379 illuuies.
1403 337 1554 379 Roste-

102 406 197 434 rum
228 405 272 433 se
305 392 509 445 uocitari,
540 391 839 448 fabriliumque
881 407 1023 434 rerum
1057 393 1193 436 officio
1229 395 1382 437 callere
1414 395 1552 451 perhi-

101 450 207 492 buit.
267 449 420 505 Itaque
454 449 708 506 multiplices
741 464 881 493 rerum
923 451 1079 493 formas
1112 453 1431 508 speciosissimis
1471 454 1553 495 exis

100 508 367 551 lineamentis
390 509 639 564 complexus
675 507 782 550 adeo
806 508 1114 564 professionem
1138 510 1315 552 artificio
1340 525 1553 553 commen-

101 565 232 615 dauit
264 571 324 620 ut,
355 571 528 622 recepto
551 581 574 608 a
597 580 701 621 rege
722 567 866 622 magni
889 567 1090 622 ponderis
1112 581 1229 621 auro,
1263 573 1551 611 matronarum

104 629 355 666 ornamenta
386 623 624 680 procudere
656 624 888 667 iuberetur.
950 625 1088 681 Igitur
1132 628 1350 682 complura
1383 627 1552 668 feminei

103 683 242 724 cultus
274 683 454 738 insignia
485 683 743 736 fabricatus,
776 683 947 725 tandem
980 684 1188 725 armillam
1221 685 1370 727 ceteris
1404 699 1552 740 opero-

101 742 188 783 sius
221 742 472 797 expolitam,
515 741 781 796 annulosque
835 742 1073 797 complures
1115 742 1207 798 pari
1251 743 1390 784 studio
1425 744 1553 784 decu-

102 803 216 841 satos
247 799 390 855 puelle
430 799 613 854 prebuit.
678 799 763 841 Sed
795 799 920 842 nullis
953 801 1066 841 flecti
1110 800 1269 843 meritis
1312 801 1552 856 indignacio

99 861 254 912 potest.
303 856 442 906 Quem
472 857 613 899 Rinda
645 857 809 899 basium
840 857 921 899 sibi
951 859 1166 914 porrigere
1214 859 1453 914 cupientem
1486 873 1553 900 co-

100 916 230 982 lapho
252 915 473 971 percussit.
522 915 662 957 Minus
687 916 794 958 enim
819 920 1096 969 acceptantur
1118 916 1242 983 dona,
1280 931 1362 972 que
1393 920 1555 972 prestat

101 974 288 1027 inuisus3
320 987 421 1017 sane
463 974 656 1029 graoiora
689 979 809 1027 sunt,
856 988 938 1029 que
982 974 1034 1016 ab
1079 975 1220 1017 amicis
1265 975 1552 1030 porriguntur.

102 1031 225 1073 Adeo
257 1031 473 1074 interdum
517 1046 570 1074 ex
602 1031 808 1074 offerente
842 1032 972 1074 oblati
1005 1033 1192 1099 precium
1222 1033 1392 1088 pendet.
1455 1033 1552 1074 Non

103 1089 311 1131 dubitauit
333 1091 444 1132 enim
475 1089 708 1146 peruicaois
732 1091 859 1131 animi
881 1091 1038 1146 puella,
1072 1092 1170 1147 quin
1195 1091 1399 1132 subdolus
1423 1105 1554 1132 senex

54 1165 69 1190 5
101 1147 286 1190 libidinis
317 1148 480 1190 aditum
512 1149 609 1190 ficta
651 1148 906 1203 liberalitate
949 1154 1154 1205 captaret.
1216 1149 1419 1191 Preterea
1460 1162 1554 1190 acre

102 1205 239 1247 eidem
262 1211 390 1261 atque
411 1206 677 1248 intractabile
698 1207 917 1261 ingenium
939 1206 1030 1248 fuit.
1074 1207 1290 1263 Siquidem
1314 1207 1457 1248 dolum
1482 1206 1554 1248 ob-

102 1265 253 1320 sequio
284 1265 447 1314 instrui,
480 1265 776 1320 donorumque
798 1265 938 1306 studio
961 1264 1176 1320 flagicii[s]
1201 1269 1365 1306 uotum
1382 1266 1554 1306 subesse

103 1323 318 1377 cognouit.
382 1323 519 1372 Quam
550 1327 670 1378 pater
702 1322 928 1379 plurimum
963 1323 1202 1379 obiurgare,
1234 1323 1346 1379 quod
1380 1324 1554 1378 nupcias

103 1380 382 1434 detractaret,
424 1396 664 1437 aggressus
726 1381 829 1432 Illa,
874 1382 1007 1424 senile
1039 1395 1191 1438 perosa
1223 1381 1510 1435 connubium,
1545 1378 1549 1435 Ι

103 1440 260 1481 teneris
302 1439 543 1494 puellarum
585 1440 706 1482 annis
747 1453 1030 1506 preproperos
1075 1439 1263 1494 <deberi>
1307 1440 1602 1494 complexusp
1624 1449 1672 1475 ¹28

103 1497 301 1552 negabat,
345 1497 399 1539 ab
430 1498 669 1540 infirmioris
718 1498 841 1539 etatis
893 1499 1172 1540 excusacione
1217 1498 1553 1562 1·espuend·‹‘uum

102 1556 350 1611 nupciarum
381 1556 616 1598 subsidium
648 1560 855 1598 mutuata.

241 1613 300 1655 At
332 1613 529 1669 Othinus,
560 1615 663 1656 nihil
696 1615 934 1656 amancium
956 1614 1104 1655 studiis
1137 1613 1455 1669 perseuerancie
1487 1627 1554 1654 ro-

102 1672 207 1713 bore
239 1671 453 1714 efficacius
485 1677 710 1728 expertus,
755 1687 995 1728 quanquam
1027 1673 1196 1727 gemine
1228 1672 1395 1727 repulse
1436 1672 1554 1726 igno-

99 1730 228 1771 minia
245 1729 420 1772 affectus
439 1729 601 1785 fuisset,
615 1732 744 1773 tercio
765 1745 922 1785 regem,
941 1745 1067 1787 puori
1083 1744 1222 1786 speeie
1237 1727 1447 1781 confusa,³²
1461 1744 1555 1784 per-
1574 1750 1687 1779 xxv

102 1787 376 1830 fectissimam
405 1789 465 1831 1ei
486 1790 675 1831 militaris
698 1789 946 1831 industriam
968 1789 1183 1844 professus
1205 1789 1395 1831 accessit.
1442 1786 1556 1829 Eun-

104 1846 200 1888 dem
243 1846 284 1888 in
327 1847 437 1889 hanc
482 1861 625 1889 curam
665 1862 748 1890 non
790 1847 989 1903 uoluptas
1021 1847 1162 1897 modo,
1195 1847 1268 1888 sed
1311 1846 1444 1888 eciam
1485 1845 1555 1887 de-

103 1905 254 1947 mende
299 1905 529 1960 ignominie
582 1906 735 1961 cupido
782 1905 1061 1961 perduxerat.
1142 1905 1208 1946 Ita
1255 1904 1553 1959 prestigiarum

103 1963 249 2019 peritis
281 1963 423 2006 uersili
455 1964 577 2006 uultu
621 1964 760 2006 uarios
793 1964 961 2006 habitus
993 1978 1068 2019 pre
1099 1978 1142 2005 se
1182 1963 1344 2005 ferendi
1386 1975 1556 2017 promp-

105 2021 267 2063 tissima
301 2021 515 2077 quondam
557 2027 749 2077 potestas
791 2022 1038 2065 incesserat.
1100 2021 1266 2076 Quippe
1299 2024 1442 2076 preter
1483 2033 1554 2060 na-

103 2079 283 2121 turalem
316 2081 502 2136 corporis
539 2081 723 2136 speciem
758 2080 982 2122 cuiuslibet
1015 2080 1137 2121 etatis
1168 2083 1325 2121 statum
1357 2077 1554 2119 simulare

103 2137 328 2180 callebant.
389 2138 527 2192 Igitur
568 2153 703 2181 senex
744 2138 975 2180 iocundum
1018 2138 1289 2193 professionis
1330 2150 1405 2177 sue
1436 2149 1554 2191 spec-

102 2196 292 2237 taculum
311 2195 515 2249 editurus,
537 2196 648 2238 inter
669 2211 718 2252 pl
724 2197 1009 2252 ompt1SS1mos
1031 2196 1286 2238 insolencius
1309 2194 1552 2248 obequitare

103 2253 282 2296 solebat.
337 2253 427 2296 Nec
459 2269 508 2297 eo
540 2255 710 2310 quidem
743 2255 871 2297 officii
892 2268 1049 2310 genere
1080 2254 1221 2310 puelle
1252 2253 1365 2306 rigor
1396 2251 1552 2292 inflecti

102 2312 255 2368 potuit.
327 2311 414 2354 Vix
458 2312 664 2368 siquidem
706 2314 870 2355 animus
913 2327 1090 2379 syncere
1130 2312 1171 2353 in
1206 2311 1390 2366 graciam
1431 2308 1551 2360 redit,

104 2384 200 2412 cum
233 2384 315 2426 quo
353 2370 583 2413 uehemens
616 2373 744 2414 semel
790 2371 935 2413 odium
968 2371 1109 2425 gessit.
1171 2369 1309 2417 Quam
1349 2381 1440 2408 eum
1472 2365 1552 2406 dis-

106 2442 300 2470 cessurus
335 2429 481 2472 osculo
514 2433 660 2484 petere
691 2430 835 2482 uellet,
867 2430 926 2470 ita
956 2429 1009 2470 ab
1041 2443 1091 2470 ea
1123 2427 1350 2483 propulsus
1382 2429 1457 2474 est,
1504 2428 1551 2464 ut

104 2489 295 2528 mentum
313 2490 424 2528 terre
444 2461 997 2543 nutabundusimpingeret.
1032 2486 1169 2535 Quam
1185 2485 1379 2541 protinus
1394 2481 1550 2524 cortice

105 2544 361 2586 carminibus
385 2544 591 2587 adnotato
616 2546 875 2601 contingens,
897 2544 1136 2601 lymphanti
1159 2543 1333 2584 similem
1358 2539 1551 2592 reddidit,

37 2617 74 2644 40
105 2607 320 2660 leceptam
339 2603 472 2645 tocies
494 2603 688 2645 iniuriam
712 2605 909 2646 modesto
928 2603 1106 2646 ulcionis
1123 2614 1277 2656 genere
1290 2600 1551 2654 insequutus.
