1884 3126
241 219 324 261 260
800 242 850 248 ——
911 215 1024 259 VIII
1083 242 1135 248 —-—

240 359 295 387 ex
327 343 484 400 oppido
507 343 716 399 Skierum,
748 344 861 399 apud
885 344 1021 387 Scaha
1041 344 1188 400 Fyrthi
1219 343 1389 400 quidem
1420 344 1680 401 prouinciam

241 408 372 445 satus.
444 402 612 445 Deinde
653 403 845 457 Berhgar
889 407 1010 444 uates
1052 402 1316 457 aduertitur,
1363 405 1429 444 0111
1468 402 1600 444 Brahi
1640 408 1683 446 et

239 460 394 501 Rankil
418 460 592 502 comites
614 460 881 502 adhibentur.
914 460 973 502 At
994 460 1206 502 Sueonum
1230 460 1447 502 fortissimi
1476 460 1519 502 hi
1540 460 1682 504 fuere:

241 518 451 571 Arwacki,
482 517 632 572 Keclu,
665 518 800 572 Karll,
832 518 940 560 Croc
966 518 1156 573 agrestis,
1183 517 1396 570 Guthfast,
1428 517 1599 560 Gummi
1627 521 1632 571 Ι
1660 533 1682 560 0
1737 539 1761 564 p.
1786 532 1833 558 384

189 591 206 617 5
235 575 571 631 Gyslamarchia.
623 576 706 624 Qui
745 576 915 632 quidem
956 576 1037 618 Fre
1079 576 1148 617 dei
1188 576 1414 618 necessarii
1456 581 1597 627 erant,
1642 581 1683 618 et

239 634 426 675 fidissimi
457 635 675 675 numinum
716 634 884 676 arbitri·
944 634 1041 689 Ingi
1072 647 1240 689 quoque
1286 638 1328 675 et
1360 633 1465 690 Oly,
1508 634 1681 687 Aluuer,

237 691 374 742 Folki,
409 698 529 746 patre
566 691 705 733 Elrico
738 693 840 744 nati,
871 692 1080 747 Ringonis
1122 692 1318 733 miliciam
1360 693 1681 747 amplectuntur,

238 749 318 791 uiri
349 749 519 805 quidem
561 763 688 791 manu
730 750 938 806 prompti,
982 749 1153 790 consilio
1195 750 1362 803 uegeti,
1404 751 1681 806 proximaque

235 807 474 862 Ringonem
506 807 790 849 familiaritate
831 807 1055 862 complexi.
1131 807 1268 849 Iidem
1304 821 1473 863 quoque
1512 808 1565 849 ad
1600 809 1680 851 Fre

171 879 204 906 10
236 865 363 906 deum
405 865 569 919 generis
611 866 674 907 sui
714 863 975 920 prinlflcipium
1016 865 1269 907 referebant.
1340 866 1457 906 Inter
1499 880 1600 922 quos
1641 869 1682 907 et
1746 879 1831 911 (145)

238 923 467 965 Simundus
490 922 641 964 aderat
664 938 715 965 ex
739 924 891 978 Sigtun
915 922 1085 979 oppido,
1116 923 1291 965 forensis
1316 923 1484 979 quidem
1506 925 1680 975 athleta,

239 981 591 1036 empcionumque
612 995 660 1022 30
692 982 991 1023 uendicionum
1014 981 1299 1023 contractibus
1322 987 1532 1024 assuetus.
1569 981 1681 1023 Huic

238 1038 406 1080 additur
437 1038 595 1094 Frosty
626 1044 909 1093 cognomento
943 1039 1217 1081 crucibulum.
1286 1038 1363 1080 Oui
1394 1040 1578 1081 sociatur
1609 1039 1686 1080 Alf

239 1097 389 1148 elatus,
420 1111 442 1138 e
474 1097 567 1138 uico
598 1096 771 1151 Vpsala.
843 1097 963 1139 Idem
999 1101 1040 1139 et
1071 1095 1255 1151 ialculari
1296 1102 1518 1152 promptus
1558 1101 1599 1139 et
1638 1097 1678 1138 in
1734 1117 1763 1142 p.
1784 1108 1835 1134 385

174 1168 206 1195 15
237 1154 327 1196 acie
366 1154 504 1210 preire
548 1154 698 1196 solitus
740 1159 843 1197 erat.
918 1154 979 1196 At
1022 1154 1201 1196 Olonem
1245 1154 1361 1197 .VII.
1395 1169 1518 1210 reges
1554 1169 1682 1196 manu

238 1213 498 1267 consilioque
542 1213 844 1267 promptissimi
895 1211 1161 1268 stipassuere,
1208 1212 1347 1268 Holty
1396 1212 1596 1255 uidelicet
1640 1217 1868 1255 ethxvnb

238 1270 427 1321 Hendill,
453 1270 645 1323 Holmar,
668 1270 790 1326 Leuy
813 1275 853 1311 et
876 1271 1041 1324 Hamat,
1074 1270 1227 1326 quibus
1248 1270 1498 1325 Regnaldus
1519 1270 1680 1312 Ruthe-

237 1342 329 1380 nus,
363 1327 618 1369 Rathbarthi
650 1342 799 1384 nepos,
831 1328 1078 1382 ascribitur,
1115 1332 1310 1383 preterea
1341 1327 1555 1383 Syualdus
1588 1328 1680 1370 .ΧΙ.

238 1385 372 1427 83111111
415 1386 642 1441 paronibus
680 1387 828 1427 sulcat.
897 1386 1013 1441 Lesy
1055 1386 1372 1427 Pannoniorum
1412 1386 1548 1427 uictor
1586 1386 1680 1428 bra-

170 1455 207 1482 20
238 1447 418 1484 cteatam
466 1457 568 1485 auro
616 1443 825 1485 liburnam
872 1444 1031 1485 lintheo
1078 1444 1248 1498 excipit.
1315 1443 1531 1485 Thririkar
1577 1458 1678 1486 uero

238 1502 372 1542 instar
394 1502 586 1542 draconis
617 1506 828 1543 tortuosas
850 1502 1034 1544 habente
1065 1515 1213 1557 proras
1235 1502 1405 1556 nauigio
1429 1501 1677 1544 uehebatur.

240 1559 422 1614 Thrygir
463 1572 632 1614 quoque
675 1564 717 1601 et
759 1559 915 1601 'I'orwil
959 1559 1125 1600 diuisim
1167 1560 1418 1614 nauigantes
1464 1560 1680 1601 duodenas

241 1617 471 1658 ducta-uere
492 1631 669 1672 puppes.
722 1617 918 1658 Ceterum
952 1618 993 1658 i1'1
1017 1621 1109 1658 tota
1129 1617 1335 1672 Ringonis
1357 1617 1488 1658 classe
1509 1618 1680 1658 nauium

240 1674 323 1716 (1110
356 1675 470 1716 1111113
503 1676 732 1730 quingente
764 1680 930 1730 reperte
961 1680 1073 1717 sunt.
1144 1675 1370 1716 Guttonica
1402 1689 1504 1716 uero
1537 1676 1680 1717 classis

172 1744 208 1772 25
239 1733 280 1773 in
311 1738 452 1787 portu,
484 1733 550 1774 cui
585 1733 772 1774 Garnum
806 1747 972 1783 nomen,
1004 1733 1217 1774 Sueticam
1241 1733 1552 1788 opperiebatur.
1597 1733 1681 1775 Ita-

241 1804 324 1846 que
354 1791 492 1845 Ringo
522 1795 738 1832 terrenum
767 1790 778 1843 Ι’
798 1790 1000 1832 ductabat
1029 1805 1206 1845 agmen,
1238 1798 1281 1831 at
1303 1791 1430 1832 Oloni
1459 1791 1680 1832 naualibus
1736 1810 1762 1834 p.
1781 1801 1831 1827 386
1875 1823 1877 1827 ,

240 1862 412 1904 preesse
459 1849 587 1903 copiis
634 1849 903 1904 imperatum.
965 1848 1101 1903 Igitur
1144 1848 1293 1889 Gothis
1337 1849 1504 1890 obuiam
1544 1849 1682 1890 Suetis

241 1906 439 1948 ueniendi
486 1907 593 1948 inter
635 1907 734 1947 Wic
778 1911 819 1948 et
860 1906 1143 1948 Werundiam
1187 1908 1308 1948 100118
1352 1920 1446 1947 011111
1491 1911 1681 1962 tempore

243 1964 534 2006 denunciatur.
588 1964 772 2006 Cernere
794 1969 881 2005 tum
915 1968 1004 2006 erat
1033 1964 1116 2005 late
1138 1965 1274 2018 proris
1307 1970 1526 2006 exaratum
1555 1979 1681 2017 mare,

173 2032 210 2060 30
239 2026 598 2077 prospectumque
621 2023 758 2076 pelagi
792 2022 1005 2078 explicata
1037 2022 1156 2063 malis
1179 2023 1350 2063 carbasa
1371 2023 1680 2077 prestruebant.

241 2080 297 2122 Et
326 2081 409 2120 iam
441 2080 584 2121 classis
618 2080 809 2133 Suetica,
854 2094 1059 2135 prospera
1099 2081 1377 2135 nauigacione
1408 2095 1510 2134 usa,
1547 2080 1679 2121 Danis

242 2137 380 2178 adhuc
421 2137 602 2179 aduerso
646 2138 936 2179 laborantibus
984 2137 1096 2190 celo,
1142 2137 1347 2179 maturius
1394 2138 1494 2180 belli
1539 2139 1680 2179 locum

241 2195 468 2250 petiuerat.
537 2195 623 2237 Vbi
663 2195 802 2250 Ringo
845 2195 1059 2252 expositas
1100 2196 1233 2238 classe
1281 2196 1420 2250 copias
1460 2195 1680 2250 simulque,

243 2267 347 2308 quas
377 2253 468 2308 ipse
498 2257 666 2295 terreno
691 2254 883 2294 ductarat
913 2254 1078 2306 itinere,
1111 2254 1318 2308 gregatim
1349 2254 1390 2294 in
1421 2254 1554 2295 aciem
1587 2253 1681 2294 diri-

174 2320 210 2348 35
242 2325 344 2366 gere
381 2316 515 2365 parat.
588 2310 681 2358 Que
724 2311 795 2352 ubi
839 2310 995 2366 campis
1039 2311 1175 2352 laxius
1222 2311 1422 2366 explicari
1469 2315 1681 2366 ceperant,

245 2382 376 2410 cornu
430 2369 607 2410 alterum
658 2369 698 2409 in
745 2368 1025 2410 Werundiam
1077 2369 1242 2410 extrahi
1293 2372 1555 2424 compertum
1608 2372 1682 2410 est.

244 2426 382 2474 Quam
411 2426 724 2468 multitudinem
755 2441 834 2468 rex
863 2427 967 2468 10018
1000 2427 1300 2482 ordinibusque
1333 2426 1550 2468 confusam
1573 2440 1680 2481 equo

243 2485 459 2536 circuiens,
490 2484 531 2524 in
561 2484 700 2525 fronte
731 2485 1070 2539 promptissimos
1102 2498 1294 2539 quosque
1326 2488 1368 2525 et
1407 2484 1681 2538 prestanciori

244 2545 457 2582 armatura
487 2542 620 2583 cultos
652 2542 730 2583 sub
762 2541 911 2592 Olone,
942 2541 1165 2596 Regnaldo
1202 2541 1464 2597 Wiuilloque
1507 2541 1682 2583 ducibus

173 2610 211 2640 40
241 2599 448 2654 collocat,
477 2599 628 2642 deinde
668 2599 802 2641 ueluti
832 2600 945 2641 flexu
978 2599 1161 2655 quodam
1201 2600 1243 2640 in
1274 2599 1358 2641 duo
1400 2613 1559 2641 cornua
1587 2599 1683 2641 reli—
