1884 3126
189 885 224 912 10

191 1175 222 1201 15

185 1460 224 1487 20

188 2036 223 2063 30

187 2326 224 2352 35

187 2612 224 2641 40

261 238 342 279 33s
900 228 1170 272 -Χ-

260 361 562 412 salubritatem,
594 360 646 400 ab
677 359 877 399 incolumi
909 357 1046 423 capite
1078 358 1299 413 quesitam,
1330 356 1383 397 ab
1415 357 1539 398 aridis
1571 361 1699 412 atque

260 417 573 472 indignantibus
605 415 806 457 membris
838 416 978 457 euomi
1009 416 1216 456 crederes.
1258 414 1408 469 Neque
1443 415 1552 456 enim
1585 429 1698 456 ama-

258 482 323 517 tor
364 480 553 516 ueterum
596 474 779 528 populus
821 472 1001 514 docilem
1041 473 1252 514 inusitatis
1295 471 1482 512 animum
1520 472 1699 527 prebere

257 532 465 573 sustinuit.
529 531 640 579 Quin
682 531 813 571 eciam
858 531 1021 571 externi
1053 530 1190 570 cultus
1222 529 1335 570 tedio
1368 530 1551 583 patrium
1583 543 1698 570 emu-

255 590 365 631 latus
398 593 472 630 est.
536 588 671 642 Igitur
711 588 863 641 cupido
905 588 977 628 sed
1019 587 1226 628 inefficaci
1267 586 1443 628 serende
1483 586 1697 641 religionis

258 646 419 687 auctori
451 646 631 686 numinis
663 645 725 686 sui
756 646 987 686 illustrator
1019 643 1122 685 deus
1153 645 1417 699 Popponem,
1449 644 1618 699 ingenio
1650 658 1697 686 ac

257 704 479 744 sanctitate
523 703 800 756 conspicuum
838 703 1122 757 precipuaque
1163 702 1378 742 literarum
1409 702 1590 743 sciencia
1622 715 1696 742 ex—

256 761 488 808 cellentem,
521 761 699 816 preclari
733 761 870 815 operis
904 766 1141 801 consortem
1165 759 1330 800 adiecit.
1374 759 1456 800 Hie
1478 759 1694 801 Danorum

257 818 457 859 concione
509 818 675 872 publice
726 818 840 872 apud
890 821 1086 872 portum,
1143 817 1208 858 cui
1258 817 1403 871 glaciei
1455 817 1696 872 frequencia

255 890 461 930 agnomen
485 876 664 930 peperit,
687 876 843 927 habita,
874 889 966 916 eum
991 888 1077 927 eos,
1110 889 1163 916 ne
1184 874 1282 915 fana
1304 874 1500 916 excolere
1522 874 1694 928 uellent,

256 947 451 974 sermone
498 934 667 974 flectere
720 934 956 987 nequiret,.
985 932 1170 973 euidenti
1215 932 1366 973 indicio
1416 933 1695 973 certissimum

255 991 480 1032 assercioni
525 1004 599 1031 sue
647 995 942 1045 argumentum
992 990 1187 1043 prebuit,
1240 990 1518 1045 doctrineque
1567 989 1695 1031 fidem

256 1049 479 1103 conspicuo
532 1049 763 1089 sanctitatis
815 1047 1018 1089 miraculo
1073 1047 1330 1102 publisscauit.
1415 1048 1694 1089 Percontatus

256 1106 385 1156 enim,
427 1120 479 1146 an
512 1106 679 1146 monitis
712 1105 795 1146 suis
839 1105 1080 1146 obsecuturi
1127 1108 1286 1151 essent,
1328 1106 1360 1146 si
1393 1105 1446 1146 ad
1477 1105 1694 1159 flagrantis

254 1162 353 1204 ferri
394 1168 550 1203 tactum
595 1177 763 1203 manum
805 1163 893 1204 eius
933 1163 1095 1204 lesione
1133 1177 1312 1204 uacuam
1357 1163 1694 1217 conspexissent,

254 1221 463 1262 uniuersis
486 1221 595 1261 haud
621 1221 745 1261 dubie
778 1220 1011 1275 parendum
1042 1220 1411 1275 respondentibus,
1444 1219 1694 1261 candentem

254 1278 355 1319 ferri
378 1279 575 1318 laminam
599 1279 839 1319 chirothece
869 1278 1048 1319 formam
1081 1278 1305 1319 habentem
1339 1278 1530 1333 expediri
1560 1278 1694 1330 iussit,

254 1336 377 1390 eique
424 1336 642 1376 brachium
694 1337 834 1376 cubito
879 1339 999 1376 tenus
1042 1336 1242 1388 inseruit,
1293 1349 1342 1377 ac
1383 1336 1576 1391 protinus
1618 1349 1694 1400 per

255 1407 401 1434 omnes
432 1394 620 1434 interiite
656 1394 943 1434 circumlatam
975 1398 1071 1434 ante
1103 1393 1302 1458 principis
1333 1394 1462 1448 pedes
1496 1393 1694 1446 excussit,

255 1450 535 1505 dextramque
566 1450 681 1491 nulla
713 1466 766 1491 ex
798 1454 918 1506 parte
956 1454 1195 1516 corruptam
1225 1451 1266 1491 in
1300 1450 1448 1492 eodem
1478 1450 1694 1491 incolumi-

256 1509 352 1549 tatis
384 1509 619 1563 colorisque
652 1508 798 1550 habitu
832 1508 1028 1562 ieligiose
1060 1509 1244 1550 omnium
1277 1509 1567 1549 ammiracioni
1599 1522 1695 1549 con-

255 1565 509 1620 spiciendam
542 1567 805 1607 monstrauit.
868 1566 962 1614 Quo
995 1571 1084 1608 tam
1115 1566 1289 1606 mirifico
1323 1567 1562 1620 spectaculo
1594 1566 1695 1606 alio-

255 1624 324 1678 qui
346 1624 634 1665 inexorabiles
657 1624 796 1665 studio
815 1638 891 1664 suo
911 1628 1219 1665 consentaneos
1242 1623 1436 1675 reddidit,
1460 1623 1694 1678 effecitque,

255 1684 301 1721 ut
323 1682 555 1735 periculum
577 1694 659 1722 non
684 1681 1029 1736 impedimentum
1063 1682 1311 1723 monitorum
1346 1682 1435 1722 eius
1467 1685 1589 1723 esset.
1620 1680 1694 1722 sed

208 1748 220 1773 Γ
254 1739 606 1793 experimentum.
668 1739 897 1780 Enimuero
930 1740 1065 1794 ipsam
1104 1753 1241 1780 rerum
1286 1742 1478 1780 naturam
1523 1738 1694 1779 audacis

255 1797 346 1837 uoti
387 1796 630 1838 constancia
671 1798 899 1851 superauit.
964 1797 1073 1845 Quin
1120 1797 1250 1838 eciam
1284 1811 1334 1837 ea
1366 1797 1553 1837 miraculi
1586 1797 1694 1838 cele-

256 1854 409 1895 britate
441 1853 699 1908 e[x]ternun1
735 1855 851 1909 genti
883 1859 1024 1896 nostre
1055 1854 1267 1908 religionis
1300 1854 1491 1908 spiritum
1522 1854 1694 1908 ingene-

255 1912 377 1953 rauit.
442 1912 535 1960 Quo
569 1913 730 1965 euenit,
770 1918 817 1953 ut
848 1912 981 1963 Dani,
1013 1912 1218 1967 abrogata
1249 1911 1488 1953 duellorum
1520 1925 1693 1953 consue-

256 1968 422 2021 tudine,
462 1970 667 2024 pleraque
708 1984 930 2011 causarum
961 1970 1116 2010 iudicia
1147 1984 1197 2011 eo
1231 1969 1506 2023 experimenti
1538 1983 1692 2023 genere

256 2031 494 2068 constatura
525 2027 814 2080 decernerent,
847 2028 1229 2069 controuersiarum
1261 2041 1437 2068 examen
1461 2027 1618 2068 reccius
1641 2026 1693 2067 ad

255 2084 473 2125 arbitrium
514 2084 701 2126 diuinum
743 2099 867 2141 quam
899 2085 951 2126 ad
982 2084 1212 2126 humanam
1251 2085 1386 2125 rixam
1417 2084 1692 2138 relegandum

256 2145 466 2196 putantes.
490 2142 626 2189 Quam
645 2144 698 2184 ob
715 2157 803 2183 rem
822 2143 971 2198 Poppo
991 2157 1016 2184 a
1032 2143 1217 2183 maximo
1233 2141 1454 2197 pontissfice
1472 2142 1693 2183 Bremensi

254 2198 477 2254 Adaldago
513 2200 624 2254 apud
658 2200 856 2241 Arusium
885 2200 889 2252 Ι
918 2201 1122 2242 honorem
1155 2200 1328 2254 gerendi
1360 2199 1574 2255 pontificii,
1607 2200 1692 2240 uite

257 2261 382 2311 atque
415 2257 614 2312 operibus
645 2258 730 2298 suis
762 2272 964 2313 perquam
998 2258 1199 2310 debitum,
1230 2257 1485 2312 impetrauit.
1527 2257 1693 2298 Eodem

256 2314 381 2355 officii
406 2315 575 2356 nomine
598 2313 840 2369 Ha<in>rico
873 2314 1339 2370 S<l>e<s>ui[seus]cum,
1370 2314 1562 2368 Lefdago
1585 2314 1692 2369 Ripe

255 2377 497 2425 cesserunt3
545 2372 819 2415 Ger-brandus
865 2373 1087 2414 Roskildie
1134 2373 1296 2414 claruit.
1357 2372 1478 2413 Adeo
1526 2372 1691 2426 religio-

255 2429 403 2470 sissimi
422 2430 621 2485 principis
639 2430 903 2471 exactissima
920 2431 1120 2472 sanctitas
1136 2429 1509 2483 Christianis[si]mi
1533 2430 1691 2470 cultum

254 2487 374 2527 nouis
417 2488 671 2529 sacerdociis
714 2488 854 2541 auxit,
901 2488 1017 2530 cellis
1063 2492 1189 2543 atque
1229 2488 1416 2529 sacrariis
1458 2487 1689 2529 decorauit.

254 2543 378 2585 Prius
402 2545 514 2586 enim
536 2549 716 2600 quatuor
745 2545 819 2587 hec
850 2545 1062 2600 religionis
1095 2545 1305 2587 domicilia
1336 2545 1523 2586 externis
1554 2558 1691 2586 sacro-

253 2614 346 2642 rum
377 2605 575 2657 contenta
604 2603 843 2659 presulibus
876 2602 1189 2658 domesticoque
1219 2603 1468 2658 prelacionis
1493 2602 1691 2658 expercia

1749 1065 1776 1088 p.
1799 1055 1849 1082 499

1764 2160 1823 2187 011>
1883 2194 1884 2200 ἵ

1745 2225 1772 2250 p.
1793 2217 1845 2244 500
