1884 3126
298 843 332 870 10

298 1131 328 1158 15

290 1417 328 1443 20

287 1703 325 1730 25

288 1990 324 2017 30

285 2279 322 2307 35

282 2568 318 2596 40

370 199 452 240 548
900 216 948 222 —
1009 188 1146 232 XIIII
1207 213 1260 219 -—

369 329 414 365 ut
452 322 529 365 sibi
569 322 798 362 uicinarum
839 319 1074 372 ciuitatum,
1115 332 1296 374 quarum
1334 316 1602 359 formidinem
1646 329 1795 371 seque-

372 382 530 430 bantur,
563 378 756 431 exemplo
790 377 1083 427 consulerent,
1114 376 1283 428 urbem,
1324 389 1376 415 ne
1407 375 1463 416 ab
1494 375 1684 416 hostibus
1717 373 1796 415 coli

368 441 522 492 posset,
555 435 766 475 desertam
799 433 1040 483 incendunt,
1072 439 1248 487 penates
1281 447 1378 478 suos
1410 432 1494 486 igni
1527 445 1651 487 quam
1684 431 1795 472 hosti

366 494 599 546 relinquere
641 494 928 545 preoptantes.
1001 490 1120 531 Tunc
1164 504 1263 542 rex,
1308 494 1460 545 ponte,
1500 489 1571 544 qui
1612 488 1796 530 medium

365 563 530 591 amnem
579 562 720 588 secare
770 547 1014 600 uidebatur,
1071 547 1278 603 abrupto,
1338 547 1598 602 sublatisque
1649 545 1795 588 ceteris

365 605 652 660 nauigacionis
684 605 935 657 obstaculis,
978 604 1031 645 ad
1066 604 1259 659 Stolpam
1288 605 1431 645 uicum
1460 604 1684 659 processit,
1726 602 1794 644 ubi

365 668 407 704 et
438 663 587 704 ducem
625 668 720 716 post
749 662 921 702 modum
964 662 1135 702 obuium
1168 661 1326 703 habuit.
1387 661 1524 714 Igitur
1567 675 1620 702 ne
1653 660 1796 702 Wala-

362 725 556 775 gostum,
604 719 755 760 eodem
802 719 998 773 exemplo
1045 718 1281 772 desertum,
1331 733 1415 774 quo
1463 724 1654 773 captum,
1697 723 1795 774 post

364 777 589 818 discessum
622 790 745 817 suum
774 776 964 817 hostibus
998 776 1268 830 redderetur,
1308 776 1532 831 presertim
1564 776 1731 828 Dauos,
1761 775 1795 815 si

363 848 412 876 eo
453 834 714 886 fruerentur,
759 833 1057 888 sempiternum
1104 833 1270 875 Sclauie
1300 833 1525 889 imperium
1566 833 1795 884 habituros,

363 892 632 944 existimans,
682 890 969 943 Absalonem,
1017 891 1229 932 Burisium
1290 891 1643 946 Suenonemque,
1697 896 1795 931 tunc

361 949 502 989 Arusii
535 948 781 1003 pontificatu
813 948 1033 1002 insignem,
1067 949 1155 989 eius
1177 949 1409 1003 municipes
1437 948 1603 990 efficere
1634 947 1794 1000 statuit,

361 1006 508 1061 quibus
533 1011 574 1045 et
600 1008 605 1056 1
634 1005 765 1045 filium
789 1004 1138 1059 Christophorum
1161 1006 1351 1059 sociauit,
1383 1020 1462 1061 quo
1483 1006 1575 1060 plus
1601 1019 1625 1046 a
1645 1005 1794 1047 ceteris
1849 1020 1878 1045 p.

361 1064 401 1104 in
442 1063 600 1103 auxilio
640 1076 717 1103 suo
759 1062 911 1103 fiducie
952 1069 1241 1117 reponeretur.
1313 1063 1394 1111 Qui
1433 1077 1528 1104 cum
1566 1063 1720 1103 amicos
1753 1066 1796 1105 et

359 1121 617 1161 necessarios
638 1121 679 1160 in
702 1121 885 1160 muneris
917 1121 1237 1161 consorcionem
1266 1119 1540 1175 ad<s>ciscere
1560 1118 1794 1175 iubere<n>-

360 1183 447 1231 tur,
481 1177 824 1218 Sialandcnsibus
856 1177 1065 1218 duntaxat
1097 1178 1303 1219 Absaloni
1345 1178 1515 1232 presidii
1547 1178 1795 1220 societatem

358 1235 673 1289 spondentibus,
697 1234 862 1289 reliquis
887 1235 940 1275 ob
963 1235 1216 1276 imminentis
1248 1236 1422 1290 periculi
1457 1235 1792 1290 magnitudinem

358 1306 434 1333 nec
466 1292 624 1332 animus
656 1292 707 1332 ad
740 1292 1022 1333 resistendum
1043 1307 1120 1334 nec
1142 1293 1314 1334 comites
1345 1293 1640 1348 suppetebant,
1664 1306 1792 1348 quan-

358 1364 483 1405 quam
514 1354 602 1390 tota
636 1349 778 1390 classis
811 1355 852 1391 et
875 1351 888 1400 Η
913 1350 1108 1390 alimenta
1138 1365 1213 1391 sua
1256 1365 1347 1392 cum
1391 1351 1450 1391 eis
1482 1351 1791 1391 communicare
1845 1363 1879 1397 (3

360 1414 401 1448 et
431 1406 588 1448 uicinas
630 1411 795 1460 segetes
836 1408 1003 1462 publico
1046 1407 1185 1448 officio
1230 1408 1271 1449 in
1310 1422 1458 1450 eorum
1498 1408 1649 1449 horrea
1681 1421 1792 1449 com-

357 1470 527 1518 portare
559 1464 835 1517 decreuerat,
869 1466 1023 1520 quippe
1056 1465 1214 1519 fruges,
1241 1479 1427 1506 messore
1459 1467 1661 1515 exercitu,
1692 1465 1792 1506 resi-

358 1522 533 1563 duorum
575 1522 720 1563 usibus
761 1521 873 1576 adigi
912 1523 1148 1563 iubebatur.
1218 1522 1284 1564 Ita
1326 1537 1403 1565 rex
1441 1523 1602 1564 consilii
1633 1536 1789 1576 cassus,

357 1593 451 1620 cum
482 1593 617 1634 neque
648 1580 865 1634 pugnandi
897 1580 1018 1634 copia
1050 1594 1184 1635 neque
1216 1581 1359 1634 paccio
1394 1581 1478 1621 ulla
1517 1581 1570 1622 ab
1602 1580 1790 1622 hostibus

355 1637 485 1688 fieret,
517 1636 636 1678 uafro
666 1637 834 1692 ingenio
860 1638 1132 1692 excogitauit,
1164 1638 1342 1692 qualiter
1364 1652 1436 1680 eos
1459 1638 1510 1678 ad
1543 1638 1790 1680 alterutrum

355 1694 507 1735 horum
537 1694 812 1749 prestandum
832 1695 1080 1750 impelleret.
1123 1695 1340 1750 Siquidem
1361 1694 1607 1750 Absalon<i>
1629 1694 1788 1737 taci*tis
1826 1709 1884 1738 cn:

355 1751 563 1792 mandatis
604 1752 815 1807 precepit,
857 1759 904 1793 ut
949 1753 1069 1807 palos
1111 1752 1151 1793 in
1196 1767 1319 1795 amne
1362 1752 1523 1794 defixos
1567 1751 1809 1808 ceteraque‘

355 1808 642 1863 nauigacionis
674 1809 977 1864 impedimenta
1009 1824 1162 1865 magna
1183 1811 1388 1865 remigum
1412 1824 1510 1852 cura
1535 1811 1788 1865 sublegeret,

354 1866 489 1907 ueluti
519 1866 596 1908 toti
628 1867 749 1908 classi
781 1868 1002 1908 transitum
1039 1873 1276 1922 paraturus.
1338 1867 1405 1909 Ita
1450 1867 1620 1910 demum
1659 1868 1787 1909 fluuio

357 1924 584 1965 obstaculis
617 1924 885 1976 uacuefacto,
927 1938 1019 1966 cum
1052 1938 1319 1980 progressam
1363 1926 1540 1967 classem
1571 1926 1789 1980 angustior

354 1981 499 2023 alueus
532 1982 780 2036 excepisset,
812 1983 1049 2037 complures
1081 1997 1104 2022 a
1127 1983 1284 2024 Sclauis
1315 1984 1480 2038 utrique
1512 1984 1601 2037 ripe
1630 1983 1788 2038 inequi-

353 2038 538 2079 tantibus
579 2040 809 2080 comminus
852 2040 1160 2081 sauciabantur.
1232 2040 1368 2088 Quam
1411 2041 1571 2082 hostilis
1614 2040 1788 2082 audacie

353 2096 633 2150 petulanciam
656 2096 809 2138 Petrus
831 2097 945 2138 Eliui
975 2097 1084 2138 filius
1115 2098 1242 2138 animi
1273 2097 1430 2139 uirtute
1451 2112 1537 2140 non
1565 2099 1788 2150 sustinens,

353 2154 543 2208 protinus
576 2167 671 2194 cum
702 2154 932 2208 remigibus
964 2168 1074 2195 naue
1095 2154 1292 2202 desiliuit,
1324 2155 1553 2210 hostesque
1586 2162 1787 2197 strennue

353 2211 621 2266 propulsatos
653 2212 742 2265 ripa
774 2212 924 2254 cedere
957 2212 1104 2266 coegit.
1153 2211 1357 2265 Tandem,
1389 2214 1588 2255 comitum
1618 2213 1787 2268 ignauia

353 2268 555 2320 desertus,
587 2269 794 2309 sociorum
828 2269 1148 2323 nauigacionem
1180 2270 1269 2311 fato
1302 2284 1379 2311 suo
1412 2271 1661 2312 incolumem
1692 2285 1786 2326 pre-

353 2325 470 2367 stitit.
533 2325 683 2380 Itaque
714 2340 794 2368 rex
824 2341 907 2368 non
941 2328 1077 2367 solum
1102 2332 1319 2382 expertem
1350 2333 1485 2369 metus
1515 2342 1787 2384 progressum

352 2382 514 2438 habuit,
545 2383 618 2424 sed
653 2384 782 2424 eciam
815 2384 1048 2426 Henricum
1081 2398 1174 2425 cum
1214 2389 1304 2426 toto
1340 2386 1551 2439 exercitu,
1585 2386 1785 2427 consertis

352 2441 512 2481 arceius
560 2442 763 2495 nauigiis,
810 2447 1011 2496 tanquam
1057 2447 1186 2496 ponte
1233 2443 1409 2484 traiecit.
1486 2443 1579 2491 Quo
1627 2444 1808 2497 agnito,
1868 2487 1870 2489 ,

355 2496 509 2552 Sclaui,
541 2498 794 2553 reliquarum
825 2499 993 2540 urbium
1024 2499 1233 2540 excidium
1275 2500 1570 2554 formidantes,
1617 2514 1785 2555 precur-

348 2554 468 2596 rendi
518 2555 694 2610 periculi
739 2557 878 2598 studio
924 2557 1062 2611 pacis,
1111 2570 1234 2612 quam
1283 2562 1380 2599 ante
1426 2562 1785 2613 contempserant,

677 2689 705 2749 ,ΚΧ

710 2756 723 2793 l,
