1884 3126
275 856 309 884 10

274 1144 306 1172 15

271 1432 308 1460 20

337 198 391 238 88
911 222 962 226 —
1026 196 1095 239 III
1157 224 1208 231 .-

337 323 544 379 propositi
575 323 791 379 persuasio
823 323 915 366 fuit.
962 323 1111 380 Neque
1144 325 1254 367 enim
1285 325 1397 380 apud
1432 323 1639 379 principes
1670 323 1777 366 fides

338 381 557 424 mendacio
610 381 753 429 deest,
807 382 878 424 ubi
921 384 1074 424 scurris
1120 382 1330 425 interdum
1384 382 1527 438 gracia
1571 381 1776 434 redditur,

339 439 692 482 obtrectatoribus
723 440 874 483 honos.
935 439 1025 482 Nec
1074 440 1286 482 dubitauit
1317 440 1465 495 Fcngo
1508 439 1777 495 parricidales

338 511 486 539 manus
525 497 752 551 flagiciosis
791 498 946 540 inferre
986 498 1299 553 complexibus,
1340 498 1508 552 gemine
1549 497 1777 552 impietatis

338 569 494 597 noxam
525 556 617 610 pari
648 556 805 597 scelere
834 561 1098 610 prosecutus.

477 611 602 660 Quod
635 612 782 654 uidens
803 612 1042 667 Amlethus,
1074 627 1127 655 ne
1147 612 1403 670 prudencius
1433 612 1599 667 agendo
1625 616 1776 667 patruo

339 674 561 725 suspectus
603 670 864 723 redderetur,
908 670 1150 713 stoliditatis
1190 670 1504 712 simulacionem
1544 670 1778 726 amplexus,

339 733 578 769 extremum
610 729 759 769 mentis
792 728 948 770 uicium
989 729 1133 780 finxit,
1174 742 1309 784 eoque
1341 727 1581 769 calliditatis
1618 742 1777 782 genere

339 800 423 828 non
455 786 592 828 solum
623 786 838 841 ingenium
868 787 988 839 texit,
1019 800 1170 828 uerum
1202 787 1334 828 eciam
1365 786 1547 827 salutem
1581 785 1779 828 defendit.

341 843 505 885 Cotidie
536 849 778 885 maternum
799 844 930 884 larem
950 844 1074 899 pleno
1106 843 1294 886 sordium
1316 848 1486 899 torpore
1519 844 1780 899 complexus,

340 902 552 943 abiectum
574 901 690 942 humi
712 915 865 957 corpus
889 902 1059 943 obsceni
1089 902 1294 957 squaloris
1325 902 1469 943 illuuie
1491 902 1779 957 respergebat.

339 959 553 1015 Turpatus
578 960 661 1001 oris
694 960 818 1014 color,
849 959 1039 1015 illitaque
1070 961 1167 1001 tabo
1189 959 1318 1001 facies
1342 959 1515 1002 ridicule
1537 959 1779 1001 stoliditatis

339 1017 600 1059 demenciam
621 1017 875 1072 figurabant.
908 1017 1114 1073 Quicquid
1144 1021 1150 1070 Ι
1177 1032 1281 1060 uoce
1299 1017 1465 1068 edebat,
1497 1017 1781 1060 deliramentis

339 1079 670 1117 consentaneum
715 1079 828 1129 erat3
871 1075 1067 1130 quicquid
1111 1089 1238 1130 opere
1281 1075 1487 1129 exhibuit,
1527 1075 1781 1131 profundam

337 1133 554 1175 redolebat
583 1133 796 1175 inerciam.
844 1132 955 1181 Quid
988 1134 1147 1175 multa?
1178 1133 1276 1175 Non
1308 1133 1444 1174 uirum
1475 1133 1672 1189 aliquem,
1703 1133 1778 1175 sed

338 1191 555 1232 delirantis
592 1190 763 1233 fortune
794 1190 1016 1233 ridendum
1060 1191 1220 1233 diceres
1251 1196 1498 1234 monstrum.
1559 1190 1780 1233 Interdum

339 1248 432 1291 foco
444 1248 649 1303 assidens,
667 1248 917 1305 fauillasque
931 1249 1123 1291 manibus
1134 1263 1306 1291 uerrens
1317 1249 1479 1303 ligneos
1492 1263 1621 1291 uncos
1637 1263 1780 1291 creare

340 1306 594 1360 eosdemque
608 1307 694 1361 igni
708 1307 859 1349 durare
872 1307 1018 1349 solitus
1033 1312 1143 1358 erat,
1161 1321 1340 1363 quorum
1357 1312 1547 1349 extrema
1562 1306 1780 1348 contrariis

341 1364 592 1420 quibusdam
620 1365 771 1417 hamis,
803 1379 884 1420 quo
905 1379 1093 1406 nexuum
1115 1365 1349 1407 tenaciores
1382 1365 1624 1414 existerent,
1655 1364 1781 1407 infor-

339 1422 496 1465 mabat.
558 1422 770 1478 Rogatus,
803 1423 901 1478 quid
933 1428 1090 1478 ageret,
1120 1426 1247 1465 acuta
1279 1437 1324 1465 se
1344 1422 1554 1465 referebat
1580 1423 1622 1464 in
1652 1422 1782 1464 ulcio-

339 1494 435 1522 nem
468 1481 598 1535 patris
630 1481 793 1535 spicula
824 1494 1063 1536 preparare.
1116 1480 1206 1522 Nec
1236 1494 1366 1536 paruo
1398 1495 1647 1536 responsum
1675 1480 1782 1522 ludi-

340 1539 431 1579 brio
475 1539 576 1592 fuit,
618 1538 732 1594 quod
773 1539 824 1580 ab
869 1539 1063 1580 omnibus
1103 1538 1267 1580 ridiculi
1310 1539 1446 1593 operis
1478 1539 1646 1580 uanitas
1685 1552 1781 1580 con-

340 1600 613 1646 temneretur,
646 1611 885 1652 quanquam
928 1610 978 1638 ea
1008 1610 1074 1638 res
1114 1596 1327 1652 proposito
1368 1597 1457 1638 eius
1489 1600 1582 1651 post
1612 1595 1780 1638 modum

230 1654 548 1709 ‘Ropitulata
579 1653 718 1696 fuerit.
762 1655 855 1703 Que
886 1654 1062 1697 solercia
1092 1654 1205 1710 apud
1237 1654 1401 1696 alcioris
1433 1654 1589 1708 ingenii
1621 1658 1781 1709 specta-

273 1721 310 1749 ‘25

275 2012 312 2039 30

275 2301 312 2328 35

275 2594 313 2623 40

342 1717 454 1753 tores
511 1712 685 1767 primam
739 1713 776 1754 ei
826 1712 1066 1754 calliditatis
1116 1712 1397 1767 suspicionem
1448 1712 1601 1754 iniecit.
1682 1712 1782 1767 Ipsa

342 1784 526 1825 namque
567 1770 722 1824 exigue
765 1771 867 1812 artis
899 1770 1106 1813 industria
1137 1783 1336 1811 arcanum
1367 1770 1524 1826 opificis
1567 1770 1781 1824 ingenium

342 1827 567 1883 figurabat.
628 1827 719 1869 Nec
759 1828 870 1870 credi
902 1833 1068 1883 poterat
1110 1828 1249 1870 obtusi
1281 1827 1418 1869 cordis
1450 1841 1554 1881 esse,
1596 1828 1663 1869 cui
1694 1832 1781 1868 tam

345 1885 516 1928 exculto
562 1899 711 1927 manus
756 1886 933 1928 artificio
981 1886 1205 1928 calluisset.
1274 1885 1473 1940 Denique
1513 1886 1781 1927 exactissima

343 1956 442 1984 cura
490 1949 761 1998 preustorum
813 1943 1003 1999 stipitum
1054 1943 1290 1998 congeriem
1338 1957 1554 1985 asseruare
1605 1943 1780 1985 solebat.

342 2001 480 2042 Fuere
511 2014 626 2054 ergo,
658 2002 729 2056 qui
758 2002 875 2043 illum
899 2002 1134 2056 uegecioris
1155 2001 1312 2056 ingenii
1336 2004 1586 2053 asserentes,
1619 2001 1782 2056 sapien-

343 2059 449 2100 ciam
481 2058 758 2114 simplicitatis
796 2063 995 2115 pretextu
1035 2059 1239 2111 occulere,
1282 2058 1624 2115 profundumque
1655 2058 1782 2101 animi

343 2117 527 2159 studium
546 2117 784 2159 calliditatis
807 2120 1044 2160 commento
1062 2118 1290 2159 obscurare
1308 2120 1518 2172 putarent,
1541 2131 1617 2159 nec
1638 2117 1781 2172 apcius

342 2180 482 2217 astum
514 2174 772 2230 deprehendi
792 2190 931 2231 posse,
964 2189 1091 2231 quam
1113 2175 1148 2218 si
1178 2175 1237 2216 illi
1266 2175 1376 2217 inter
1397 2175 1579 2217 latebras
1604 2188 1782 2231 usquam

345 2233 590 2276 excellentis
635 2232 765 2275 forme
809 2233 965 2276 femina
1005 2234 1301 2289 applicaretur,
1349 2246 1430 2287 que
1467 2234 1652 2275 animum
1692 2233 1781 2275 eius

343 2291 396 2333 ad
438 2291 614 2333 armoris
657 2291 877 2333 illecebras
917 2296 1182 2347 prouocaret.
1243 2289 1407 2333 Nature
1447 2291 1654 2346 siquidem
1695 2294 1777 2332 tam

341 2364 522 2405 preceps
552 2349 595 2391 in
624 2363 823 2391 uenerem
856 2363 946 2391 esse
967 2350 1198 2405 ingenium,
1225 2352 1272 2390 ut
1294 2352 1383 2390 arte
1413 2348 1665 2390 dissimulari
1696 2363 1780 2390 non

342 2408 500 2462 possit3
543 2407 908 2450 uehemenciorem
949 2421 1119 2463 quoque
1151 2407 1263 2448 hunc
1306 2410 1464 2448 motum
1497 2406 1607 2457 fore,
1656 2420 1781 2461 quam

343 2469 390 2506 ut
421 2468 514 2507 astu
546 2465 805 2520 interpellari
826 2469 970 2520 queat,
1011 2464 1207 2521 ideoque,
1239 2464 1272 2506 si
1303 2464 1338 2505 is
1359 2464 1557 2507 inerciam
1588 2464 1782 2518 fingeret,

343 2523 546 2577 futurum,
578 2527 625 2565 ut
656 2523 876 2566 occasione
906 2526 1119 2577 suscepta,
1152 2522 1389 2577 uoluptatis
1420 2522 1531 2565 illico
1565 2522 1724 2564 uiribus
1746 2521 1761 2575 ΙΙ

345 2580 671 2639 obtemperaret.
716 2581 1004 2626 Procurantur
1034 2581 1176 2638 igitur,
1208 2581 1279 2638 qui
1310 2580 1510 2623 iuuenem
1541 2581 1583 2622 in
1614 2580 1778 2638 longin-

1848 2599 1881 2634 (5
