1884 3126
368 221 421 263 48
960 221 1228 264 —II—

370 349 512 391 odium
529 348 643 390 facit.
676 346 873 391 Victores
891 362 1072 404 namque
1089 363 1173 402 ere,
1194 349 1306 405 quod
1323 353 1549 405 gestamus,
1573 350 1806 404 ouabimus‚

369 407 471 449 uicti
504 406 721 462 sepulture
751 406 915 473 premio
947 407 1242 473 relinquemus
1303 407 1399 450 Hec
1430 408 1577 451 senior.

504 464 564 506 At
595 463 770 519 milites,
813 465 926 520 regis
955 465 1102 520 pocius
1143 479 1269 520 quam
1310 465 1465 507 sodalis
1497 465 1713 508 consilium
1744 465 1805 506 in-

367 526 556 575 tuentes,
597 522 861 578 prioremque
884 520 900 577 Η
922 523 1264 565 exhortacionem
1311 528 1483 578 postere
1527 523 1805 579 preferentes,
1841 534 1884 567 (2⁴

318 594 334 620 5
367 579 477 635 quod
511 579 660 635 cuique
683 594 810 636 opum
846 584 947 633 er,at
981 581 1173 623 certatim
1204 581 1353 623 loculis
1376 587 1571 636 egerunt.
1625 580 1805 623 Mannos

368 651 534 693 quoquc
569 638 685 680 ualie
717 614 987 693 supellectiiis
1018 639 1189 694 gerulos
1221 639 1416 682 oneribus
1443 639 1693 693 absoluunt3
1726 639 1804 681 sic·

367 709 449 751 que
480 695 737 737 uacuefactis
760 697 978 749 crumenis,
1010 697 1134 738 armis
1165 697 1345 739 habilius
1366 698 1658 751 accinguntur.
1704 696 1804 745 Qui-

366 754 444 795 bus
490 754 747 809 progressis,
803 754 1076 797 succedentes
1121 754 1314 797 Britanni
1366 755 1407 796 in
1453 759 1668 810 patentem
1717 754 1802 796 late

367 811 540 867 predam
576 811 794 854 dissiliunt.
848 812 965 860 Quos
996 827 1072 854 rex
1103 813 1212 854 circa
1241 812 1418 868 pecunie
1438 815 1605 868 raptum
1637 812 1802 854 auidius

301 883 335 910 10
365 883 472 924 equo
520 873 748 925 occupatos
781 870 1056 925 conspiciens,
1100 883 1250 912 cauere
1291 870 1432 923 iubet,
1475 884 1528 911 ne
1572 870 1802 912 destinatas

364 927 498 983 prelio
539 941 688 969 manus
731 941 859 983 opum
901 941 1026 969 onere
1066 928 1269 983 fatigent,
1309 929 1511 982 scientes,
1542 928 1800 983 triumphum

365 989 464 1027 ante
498 985 754 1040 carpendum
789 999 915 1041 quam
938 999 1122 1027 censum.
1168 985 1368 1039 Proinde,
1399 999 1502 1027 auro
1531 990 1688 1041 spreto,
1711 986 1802 1028 auri

366 1043 557 1084 dominos
577 1044 866 1098 insequantur,
897 1057 977 1084 neo
998 1044 1091 1094 eris,
1123 1043 1196 1085 sed
1220 1043 1396 1085 uictorie
1422 1042 1631 1098 fulgorem
1651 1043 1802 1086 miren-

364 1104 443 1155 tur,
461 1101 821 1156 meminerintque,
839 1102 974 1143 sacius
993 1100 1217 1156 tropheum
1232 1114 1422 1157 pensare,
1446 1114 1574 1154 quam
1593 1106 1800 1157 questum.

300 1172 332 1199 15
363 1159 583 1201 Pociorem
616 1172 707 1200 esse
739 1159 910 1200 metallo
944 1160 1158 1210 uirtutem,
1190 1159 1224 1200 si
1255 1160 1333 1202 rite
1360 1158 1580 1201 amborum
1611 1159 1799 1201 habitum

364 1217 611 1258 meciantur.
683 1216 777 1259 Hoc
819 1230 1003 1272 namque
1047 1217 1302 1259 exteriorem
1347 1221 1540 1259 ornatum
1574 1217 1799 1270 conciliari,

362 1274 477 1315 illam
515 1274 681 1316 interno
728 1278 991 1330 exteinoque
1030 1275 1159 1316 cultui
1201 1275 1386 1330 precium
1422 1274 1583 1317 afferre.
1645 1274 1800 1323 Quam-

365 1332 508 1373 obrem
540 1336 726 1374 remotos
758 1347 782 1373 a
812 1333 992 1398 pecunie
1025 1333 1385 1388 contemplacione
1424 1333 1568 1375 oculos
1601 1332 1798 1385 habeant,

363 1390 706 1445 abstractumque
744 1390 928 1431 auaricia
973 1390 1157 1431 animum
1205 1390 1298 1432 belli
1344 1390 1493 1432 studiis
1539 1390 1797 1446 impendant.

296 1462 332 1489 ρο
362 1447 567 1490 Preterea
589 1448 796 1500 nouerint,
817 1448 990 1514 predam
1013 1449 1063 1489 ab
1082 1448 1273 1490 hostibus
1292 1448 1344 1491 de
1365 1448 1569 1490 industria
1585 1449 1798 1502 reiectam,

364 1520 596 1561 aurumque
626 1506 783 1547 insidiis
814 1506 982 1561 pocius,
1024 1520 1147 1561 quam
1188 1507 1281 1547 usui
1314 1507 1580 1548 seminatum.
1642 1505 1726 1547 Sed
1758 1510 1799 1547 et

363 1564 592 1619 simplicem
623 1565 788 1619 argenti
818 1565 997 1606 nitorem
1028 1565 1198 1606 latentis
1232 1564 1343 1605 hami
1372 1563 1521 1606 fraude
1551 1563 1797 1619 implicitum

362 1622 510 1664 teneri.
583 1621 736 1677 Neque
796 1622 905 1664 enim
962 1621 1084 1664 facile
1141 1621 1301 1677 fugisse
1343 1621 1680 1675 existimandum,
1728 1622 1798 1677 qui

360 1679 511 1721 fortem
534 1679 836 1722 Britannorum
867 1685 1037 1733 gentem
1067 1679 1168 1735 fuge
1190 1681 1304 1735 prior
1334 1679 1536 1735 adegerit.
1589 1677 1796 1735 Oelterum
1827 1686 1884 1720 1³·‘1

292 1751 330 1778 ‘25
361 1737 461 1778 nihil
491 1737 704 1792 indignius
737 1738 887 1793 opibus
930 1752 1034 1788 esse,
1076 1752 1157 1793 que
1187 1742 1397 1793 raptorem
1437 1737 1666 1793 captiuant,
1698 1737 1797 1778 dum

361 1795 493 1838 ditare
526 1795 767 1837 ereduntur.
827 1795 1043 1851 Siquidem
1074 1796 1240 1846 Dauos,
1276 1796 1428 1850 quibus
1461 1809 1564 1850 opes
1596 1796 1795 1837 obtulisse

360 1853 604 1906 uideantur,
644 1853 753 1896 ferro
795 1853 982 1909 cedeque
1021 1853 1284 1895 mulctandos
1325 1853 1509 1896 duxisse.
1581 1853 1732 1908 Itaque
1764 1853 1796 1894 si

359 1925 504 1966 sparsa
535 1912 726 1967 rapiant,
767 1925 816 1953 eo
850 1912 1015 1953 hostem
1046 1912 1252 1953 instruere
1293 1911 1551 1953 uiderentur.
1613 1911 1655 1953 Si
1687 1911 1794 1953 enim

359 1969 440 2010 eris
471 1969 512 2010 in
543 1968 682 2011 medio
714 1969 842 2036 positi
874 1971 1016 2024 specie
1045 1973 1336 2024 tangerentur,
1367 1982 1451 2011 non
1477 1970 1614 2011 solum
1636 1969 1689 2019 id,
1721 1968 1796 2011 sed

290 2040 327 2067 30
358 2031 410 2080 et,
443 2026 578 2082 siquid
610 2027 668 2069 eis
700 2028 870 2083 proprie
900 2027 1078 2083 pecunie
1109 2031 1363 2082 superesset,
1395 2027 1648 2069 amitterent.
1680 1999 1795 2075 7Quid

360 2085 472 2126 enim
504 2085 702 2150 colligere
734 2084 979 2140 prodesset,
1016 2099 1096 2140 que
1128 2084 1318 2140 protinus
1351 2098 1527 2139 erogare
1558 2085 1795 2139 cogantur?

358 2142 431 2184 Sin
473 2143 645 2198 pecunie
686 2144 896 2198 prosterni
931 2142 1170 2196 renuerint,
1209 2141 1374 2184 hostem
1407 2143 1510 2184 haut
1542 2142 1668 2183 dubie
1699 2156 1795 2197 ‘pr-0

358 2204 579 2243 stratui-os.
640 2200 797 2242 Pocius
828 2201 972 2257 itaque
1003 2201 1160 2242 uiitute
1192 2200 1367 2253 arduos,
1408 2214 1533 2267 quam
1565 2201 1795 2255 cupiditate

357 2271 511 2313 pronos
544 2258 727 2300 existere
759 2258 927 2312 debere,
959 2271 1036 2300 nec
1068 2257 1294 2300 occiduos
1284 2273 1326 2299 1n
1359 2259 1588 2300 auariciam
1619 2257 1793 2310 animos,

289 2329 326 2355 35
356 2315 430 2357 sed
472 2319 634 2358 erectos
677 2316 718 2357 in
748 2316 928 2372 gloriam
959 2315 1177 2358 habendos
1213 2329 1331 2369 esse;
1371 2317 1520 2367 armis,
1563 2329 1646 2357 non
1690 2329 1792 2357 auro

357 2373 603 2415 certandum
634 2349 772 2416 fore-0

490 2431 683 2474 Finiente
728 2445 848 2487 rege,
897 2444 1025 2487 eques
1056 2431 1339 2486 Britannicus,
1388 2432 1548 2473 cunctis
1588 2435 1790 2472 onustum

353 2502 457 2531 auro
503 2490 710 2544 gremium
758 2489 1009 2541 ostendens,
1058 2488 1338 2544 Colliguntur,
1388 2489 1535 2544 inquit,
1582 2503 1683 2543 reX,
1738 2503 1791 2531 ex

355 2548 550 2589 oracione
588 2552 663 2589 tua
704 2547 860 2602 gemini
898 2561 1040 2588 rerum
1081 2547 1280 2599 affectus,
1320 2561 1429 2589 unus
1460 2547 1645 2599 timoris,
1686 2546 1793 2588 alter

285 2619 322 2646 40
353 2605 645 2647 maliuolencie
676 2606 809 2658 testis,
841 2618 933 2646 cum
967 2609 1008 2646 et
1038 2605 1186 2661 opibus
1208 2609 1381 2660 propter
1413 2605 1576 2646 hostem
1610 2605 1670 2646 uti
1696 2618 1791 2660 pro-
