1884 3126
267 876 303 902 10

266 1165 301 1191 15

334 209 387 251 94
905 234 948 238 m
1014 209 1080 253 111
1142 194 1192 241 L-

333 335 504 391 antique
528 335 680 389 stragis
702 336 883 391 uestigia
903 350 977 391 pre
998 351 1042 378 se
1064 336 1285 391 ferentem,
1317 352 1439 393 quem
1464 351 1488 378 a
1509 350 1567 390 se,
1598 335 1771 392 perinde

335 408 382 434 ac
413 393 564 435 ceteris
606 394 872 447 feraciorem,
916 395 1054 449 opime
1099 397 1300 437 ubertatis
1340 409 1439 450 spe,
1478 409 1607 436 uerna
1648 393 1769 449 fruge

336 456 577 492 consertum
624 450 803 493 dicebat.
865 452 1013 507 ltaque
1046 468 1092 494 se
1125 454 1295 506 nescire,
1327 467 1379 494 an
1409 452 1529 507 panis
1562 452 1640 492 hoc
1671 452 1770 491 tabo

334 509 480 550 uiciosi
530 509 754 563 quicquam
799 510 961 564 saporis
1009 512 1280 553 contraxerit.
1344 510 1438 558 Quo
1491 508 1633 551 audito
1679 523 1770 562 rex,

334 565 579 607 Amlethum
610 580 711 608 uera
744 565 898 608 dixisse
939 569 1200 617 coniectans,
1244 568 1355 610 unde
1398 567 1564 609 lardum
1605 580 1771 622 quoque

337 624 511 664 allatum
555 623 728 677 fuisset,
770 638 1020 679 cognoscere
1060 639 1157 667 cure
1199 626 1357 667 habuit.
1418 626 1494 667 Ille
1535 639 1632 666 sues
1663 638 1772 676 suos,

335 695 434 736 per·
443 682 645 722 incuriam
678 657 870 723 ciistodia
903 683 1081 738 elapsos,
1111 684 1223 739 putri
1255 684 1430 725 latronis
1465 682 1670 724 cadauere
1691 695 1778 747 ‘pa--

335 744 423 780 stos
457 739 742 791 asseuerabat,
773 739 957 795 ideoque
988 740 1096 783 forte
1129 755 1270 783 eorum
1295 741 1487 782 carnibus
1511 739 1772 794 corrupcioni

336 797 503 838 affinem
558 797 780 838 incessisse
825 811 1031 853 saporem.
1103 803 1207 840 Uum
1260 813 1337 840 rex
1390 799 1430 840 in
1480 799 1558 839 hoc
1603 810 1773 852 quoque

334 868 530 895 ueracem
558 855 746 895 Amlethi
777 856 1033 897 sentenciam
1065 858 1348 912 comperisset,
1382 853 1577 911 quolnam
1608 856 1772 910 liquore

334 914 553 967 pocionem
577 912 823 965 miscuisset,
846 914 1033 967 inquirit.
1079 914 1137 955 Vt
1171 914 1281 955 farre
1305 919 1345 955 et
1366 913 1477 969 aqua
1498 916 1772 968 temperatam

335 970 557 1025 cognouit,
599 970 932 1011 demonstratum
973 972 1052 1012 sibi
1093 973 1358 1025 scaturiginis
1399 973 1539 1013 locum
1571 972 1612 1012 in
1644 970 1772 1010 altum

334 1029 478 1069 fode1e
510 1025 785 1082 *llaggressuffl
819 1029 1055 1083 complures
1086 1030 1251 1095 gladios
1281 1029 1474 1095 rubigine
1504 1028 1655 1070 adesos
1681 1041 1772 1082 rep-

336 1087 468 1141 perit,
512 1099 564 1126 ex
597 1098 774 1139 quoium
809 1085 938 1127 odore
979 1087 1171 1143 lymphas
1211 1087 1364 1128 uicium
1408 1088 1587 1128 traxisse
1630 1086 1773 1126 existi-

333 1149 493 1184 matum
528 1148 603 1184 est.
646 1143 730 1183 Alii
762 1143 855 1183 ideo
888 1145 1109 1198 pocionem
1142 1150 1330 1186 notatam
1361 1144 1562 1193 1·‚eferunt
1594 1142 1740 1198 quod
1730 1157 1770 1183 m

335 1202 424 1242 eius
466 1201 617 1241 haustu
657 1214 758 1255 apes
801 1201 1025 1243 abdomine
1071 1203 1227 1243 mortui
1272 1202 1393 1243 alitas
1433 1200 1770 1266 depiehenderit,

336 1260 574 1313 uiciumque
596 1258 744 1300 referri
766 1263 906 1312 gustu,
939 1260 1048 1314 quod
1082 1260 1181 1300 olim
1210 1259 1318 1301 fauis
1349 1259 1526 1301 inditum
1549 1258 1769 1300 extitisset.

334 1318 371 1358 A
395 1330 478 1370 quo
502 1331 577 1358 rex
601 1316 759 1370 culpati
780 1319 940 1371 saporis
965 1331 1112 1359 causas
1135 1321 1421 1372 competenter
1444 1317 1576 1358 editas
1608 1316 1770 1365 uidens,

336 1389 428 1415 cum
470 1375 523 1415 ab
569 1373 717 1415 codem
771 1375 1069 1428 exprobratam
1113 1376 1191 1416 sibi
1239 1375 1454 1416 oculorum
1501 1373 1771 1428 ignominiam

336 1432 388 1473 ad
415 1432 580 1486 generis
612 1430 831 1472 feditatem
862 1433 1072 1487 pertinere
1104 1438 1394 1487 cognosceret,
1428 1433 1532 1474 clam
1564 1437 1773 1472 conuenta

337 1496 496 1542 matre,
539 1489 629 1544 quis
669 1489 749 1529 sibi
788 1495 907 1544 pater
941 1492 1161 1544 extitisset,
1193 1491 1376 1545 inquirit.
1439 1490 1533 1538 Qua
1564 1489 1772 1530 neminem

336 1562 382 1589 se
415 1552 558 1603 preter
589 1560 730 1601 regem
763 1561 930 1601 passam
963 1548 1140 1601 dicente,
1173 1562 1260 1590 rem
1288 1548 1506 1603 questione
1537 1561 1589 1588 ex
1625 1560 1674 1587 ea
1706 1559 1774 1586 co-

337 1605 624 1659 gnoscendam
647 1605 841 1658 minatus,
864 1605 972 1660 quod
995 1620 1117 1648 seruo
1141 1610 1255 1647 ortus
1279 1611 1400 1659 esset,
1424 1605 1598 1660 accepit,
1629 1608 1774 1644 notate

339 1663 510 1717 originis
542 1662 859 1716 ambiguitatem
893 1668 1062 1705 extorto
1096 1664 1369 1705 confessionis
1399 1663 1551 1704 indicio
1584 1675 1774 1717 perseru-

287 1741 300 1764 1
337 1726 460 1762 tatus.
504 1721 641 1775 Igitur
673 1725 718 1761 ut
750 1721 1006 1762 condicionis
1040 1736 1114 1762 sue
1144 1722 1299 1763 rubore
1330 1720 1550 1775 confusus,
1581 1721 1638 1760 ita
1660 1718 1774 1759 iuue—

336 1780 402 1820 nis
434 1779 665 1833 prudencia
699 1777 953 1831 dclectatus,
995 1779 1195 1832 eundem,
1238 1793 1311 1820 cur
1340 1780 1529 1833 reginam
1561 1777 1773 1817 seruilium

336 1850 502 1878 morum
549 1836 883 1890 exprobracione
922 1838 1198 1890 maculasset,
1241 1838 1486 1890 interrogat.
1549 1834 1631 1875 Sed
1675 1833 1773 1874 dum

337 1895 524 1949 coniugis
566 1894 805 1935 comitatem
848 1899 1055 1936 nocturno
1101 1895 1275 1950 hospitis
1308 1907 1504 1936 sermone
1536 1892 1773 1933 lacessitam

339 1953 495 1998 doluitq
538 1952 712 1993 candem
756 1953 908 1993 aneilla
949 1958 1082 1994 matre
1128 1958 1308 1993 creatam
1343 1951 1497 1992 didicit.
1560 1950 1773 2006 Siquidem

268 2028 303 2053 so
332 2011 402 2051 ille
426 2011 506 2051 tria
529 2023 573 2050 se
598 2011 707 2050 circa
741 2023 832 2051 eam
865 2011 1028 2052 seruilis
1060 2011 1163 2051 ritus
1195 2009 1304 2050 nicia
1337 2010 1561 2050 denotasse
1595 2008 1774 2060 dicebat,

336 2082 481 2121 unum,
515 2068 624 2122 quod
658 2067 808 2107 ancille
840 2082 956 2110 more
987 2067 1125 2123 pallio}
1156 2071 1281 2122 caput
1313 2066 1553 2116 obduxerit,
1586 2067 1774 2116 alterum,

336 2125 446 2180 quod
470 2131 632 2166 uestem
655 2124 705 2166 ad
730 2138 920 2178 gressum
940 2126 1210 2177 succinxerit,
1234 2125 1421 2170 tercium,
1453 2124 1565 2180 quod
1588 2125 1775 2165 ciborum

339 2184 541 2238 reliquias
573 2183 764 2223 dencium
796 2184 1001 2238 angustiis
1033 2184 1274 2224 inherentes
1307 2183 1448 2236 stipite
1479 2182 1646 2233 eruerit,
1686 2196 1778 2222 eru-

338 2247 486 2296 tasque
532 2240 958 2282 commanducaueiit.
1017 2241 1197 2282 Matrem
1242 2254 1411 2295 quoque
1454 2240 1543 2281 eius
1575 2240 1614 2280 in
1649 2239 1777 2280 serui-

291 2317 306 2341 r»
339 2303 471 2340 tutem
516 2299 760 2353 captiuitate
800 2299 1013 2340 redactam
1046 2298 1328 2349 memorabat,
1372 2311 1425 2339 ne
1456 2298 1600 2353 pocius
1632 2296 1773 2338 seruili

338 2370 466 2398 more.
500 2370 627 2411 quam
658 2369 814 2408 genere
846 2370 936 2397 esse
969 2355 1196 2397 uideretur.

476 2414 604 2455 Cuius
647 2413 899 2456 industriam
942 2428 1017 2455 rex
1058 2413 1234 2479 perinde
1275 2426 1323 2453 ae
1365 2412 1551 2453 diuinum
1599 2410 1768 2466 aliquod

339 2473 557 2525 ingenium
580 2477 820 2523 ueneratus,
851 2472 981 2513 filiam
1003 2472 1040 2512 ei
1071 2472 1112 2512 in
1144 2470 1457 2512 matrimonium
1490 2469 1626 2520 dedit3
1658 2468 1770 2509 affir-

336 2530 574 2571 macionem
605 2535 772 2585 quoque
806 2530 893 2571 eius
926 2533 1125 2583 tanquam
1159 2528 1316 2569 celeste
1348 2527 1560 2593 quoddam
1583 2527 1768 2567 testimo-

274 2602 310 2629 40
341 2589 456 2630 nium
488 2588 767 2642 amplexatus
791 2592 864 2629 est.
927 2586 1128 2628 Ceterum
1161 2586 1336 2628 comites
1375 2585 1528 2640 ipsius,
1571 2589 1617 2625 ut
1646 2583 1767 2625 amici

1810 1025 1884 1054 XX!

1843 1059 1884 1093 (52

1830 2430 1858 2455 p.
1878 2423 1884 2447 1
