1884 3126
292 880 329 907 10

294 1167 331 1194 15

289 1455 326 1482 20

290 1743 327 1771 25

286 2031 325 2059 30

287 2319 323 2347 35

285 2607 322 2635 40

365 226 447 269 573
901 238 950 247 —-
1010 213 1148 258 XIIII
1206 237 1260 245 -—

363 355 467 392 rant.
536 348 650 389 Nihil
688 347 732 387 in
772 345 852 385 hoc
894 343 1117 384 simulacro
1160 341 1388 383 iocundum
1430 342 1664 384 uisentibus
1704 342 1798 395 fuit3

363 405 627 449 lineamentis
676 402 855 458 impoliti
919 399 1131 441 celaminis
1185 399 1453 440 deformitate
1515 400 1797 441 sordentibus.

363 466 537 518 Iamque
569 461 741 512 famuli,
786 458 968 500 maxima
1008 470 1105 497 cum
1145 457 1281 498 tocius
1319 457 1435 498 urbis
1467 458 1797 510 exanimacione,

362 522 472 563 tibiis
517 520 604 560 eius
646 531 812 559 secures
856 515 1070 569 applicare
1113 519 1329 569 ceperunt.
1391 514 1552 562 Quibus
1590 515 1798 566 abscissis,

364 578 588 619 comitante
620 589 725 616 sono
757 575 901 628 lapsus
932 578 1045 614 terre
1077 574 1251 612 truncus
1272 571 1527 626 impingitur.
1572 572 1669 614 Hoc
1690 573 1798 626 uiso,

365 634 574 689 oppidani,
607 633 674 674 dei
705 632 770 673 sui
811 630 972 671 uiribus
997 629 1263 682 insultantes,
1294 630 1543 683 religionem
1583 635 1802 671 mutauere

362 695 618 745 contemptu.
680 688 770 730 Nec
815 688 903 729 eius
935 686 1099 727 excidio
1133 692 1331 728 contente
1375 687 1604 729 satellitum
1637 702 1800 741 manus,

361 749 413 790 ad
446 747 735 802 Polreuithum
779 746 1068 797 simulacrum,
1112 744 1223 798 quod
1264 745 1307 785 in
1347 746 1542 799 proxima
1582 745 1660 786 ede
1691 746 1800 787 cole-

360 807 497 858 batur,
529 804 694 846 auidius
725 803 1013 858 porriguntur.
1060 800 1109 841 Id
1133 802 1318 857 quinque
1341 803 1547 856 capitibus
1580 804 1799 855 consitum,

359 863 432 905 sed
479 863 602 903 armis
650 875 830 902 uacuum
876 859 1130 913 fingebatur.
1207 859 1301 907 Quo
1349 861 1534 911 succiso,
1580 861 1800 903 Porenutii

360 921 563 976 templum
596 920 824 974 appetitur.
885 917 982 958 Hec
1016 921 1180 968 statua,
1213 923 1392 972 quatuor
1423 918 1550 959 facies
1581 932 1800 974 represen-

359 983 477 1032 tans,
521 978 707 1032 quintam
754 975 918 1030 pectori
962 975 1163 1015 insertam
1209 974 1414 1027 habebat,
1461 976 1576 1017 cuius
1615 977 1800 1018 frontem

358 1036 471 1089 leua,
503 1039 693 1076 mentum
715 1033 890 1075 dextera
912 1032 1128 1085 tangebat.
1180 1032 1274 1074 Hec
1294 1033 1546 1074 famulorum
1570 1035 1798 1075 ministerio

358 1093 577 1135 securibus
619 1093 701 1133 icta
731 1091 928 1132 concidit.
996 1088 1087 1130 Has
1129 1094 1290 1132 statuas
1334 1091 1535 1147 oppidani
1573 1092 1829 1133 Absalonis'

362 1150 501 1192 edicto
535 1150 645 1191 intra
675 1150 815 1190 menia
846 1161 1033 1189 cremare
1062 1148 1175 1200 iussi,
1208 1163 1356 1203 preces
1378 1149 1552 1205 imperio
1587 1163 1800 1205 opponere

361 1212 576 1263 ceperunt,
610 1212 792 1260 orantes,
825 1207 1076 1247 misereatur
1107 1205 1296 1248 conferte
1328 1208 1464 1261 urbis,
1498 1221 1576 1248 nec
1605 1207 1798 1250 incendio

361 1266 554 1318 obiiciat,
600 1279 780 1320 quorum
820 1264 964 1318 iugulo
1005 1268 1164 1318 parcat.
1225 1263 1335 1305 Nam
1375 1265 1410 1306 si
1438 1265 1546 1320 ignis
1577 1265 1630 1306 ad
1661 1266 1800 1307 uicina

359 1323 582 1378 prolapsus
624 1336 753 1363 unum
799 1336 820 1362 e
852 1321 1135 1363 tabernaculis
1176 1322 1471 1377 corripuisset,
1513 1324 1567 1365 ob
1601 1324 1799 1365 eximiam

360 1380 676 1422 consercionem
693 1381 893 1421 uniuersa
908 1378 1198 1421 indubitanter
1218 1381 1491 1422 conuelleret.
1531 1380 1801 1436 Quapropter

356 1453 428 1480 eas
475 1438 579 1479 urbe
607 1442 612 1488 l
640 1451 814 1493 egerere
859 1438 1020 1491 rogati,
1067 1436 1139 1478 diu
1183 1443 1554 1494 repugnauerunt,
1602 1439 1716 1494 quod
1756 1452 1801 1479 se

358 1497 670 1549 membrorum,
719 1509 896 1551 quorum
944 1496 1224 1537 ministerium
1267 1497 1444 1551 imperio
1494 1496 1800 1551 exhibuissent,

358 1555 530 1595 numine
574 1567 702 1610 penas
735 1554 956 1608 exigente,
997 1567 1119 1594 usum
1154 1555 1379 1596 amissuros
1412 1558 1672 1607 metuerent,
1705 1568 1799 1597 con-

359 1616 654 1667 temptumque
696 1612 900 1665 religione
941 1624 1146 1653 excusare
1186 1612 1436 1667 pergebant.
1496 1611 1567 1653 Ad
1606 1613 1799 1654 ultimum

360 1670 587 1711 Absalonis
627 1670 786 1711 monitu
828 1669 916 1722 dei,
959 1669 1029 1724 qui
1069 1670 1236 1711 sibimet
1278 1670 1476 1725 opitulari
1519 1683 1604 1711 non
1642 1674 1800 1726 posset,

357 1728 597 1782 potenciam
642 1727 953 1782 floccipendere
998 1727 1134 1782 docti,
1178 1741 1252 1783 spe
1298 1728 1563 1783 impunitatis
1610 1733 1798 1784 accepta,

356 1786 534 1841 imperio
582 1786 698 1827 ocius
740 1789 984 1840 paruerunt.
1055 1784 1147 1827 Nec
1185 1786 1358 1839 mirum,
1401 1786 1435 1826 si
1465 1786 1634 1826 illorum
1664 1786 1799 1827 numi-

356 1858 455 1884 num
478 1843 493 1896 ΙΙ
516 1844 759 1898 potenciam
798 1842 1102 1896 formidabant,
1145 1858 1170 1884 a
1202 1843 1353 1898 quibus
1394 1849 1540 1898 stupra
1583 1858 1660 1884 sua
1699 1857 1798 1898 sepe

356 1915 533 1943 numero
565 1901 716 1955 punita
756 1901 1046 1942 meminerant.
1107 1901 1324 1956 Siquidem
1365 1915 1499 1942 mares
1543 1901 1585 1942 in
1616 1915 1666 1943 ea
1695 1901 1799 1942 urbe

359 1971 455 2000 cum
486 1958 654 2001 feminis
685 1959 728 1999 in
760 1958 1029 2001 concubitum
1061 1959 1211 2000 adcitis
1254 1973 1403 2000 canum
1437 1959 1631 2013 exemplo
1674 1958 1800 2001 cohe-

354 2030 447 2059 rere
479 2017 695 2068 solebant,
736 2030 814 2058 nec
845 2016 897 2057 ab
928 2016 1030 2071 ipsis
1062 2017 1268 2059 morando
1301 2017 1443 2058 diuelli
1485 2021 1699 2070 poterant3
1738 2017 1799 2057 in-

356 2074 541 2115 terdum·
565 2074 732 2129 utrique
771 2074 940 2128 perticis
983 2088 1005 2115 e
1037 2074 1204 2116 diuerso
1237 2075 1412 2130 appensi
1450 2074 1652 2116 inusitato
1683 2089 1799 2116 nexu

355 2132 576 2173 ridiculum
598 2132 755 2187 populo
774 2132 1062 2186 spectaculum
1079 2133 1299 2187 prebuere.
1332 2132 1397 2174 Ea
1414 2133 1602 2174 miraculi
1623 2132 1799 2175 feditate

355 2190 539 2231 solennis
571 2190 828 2244 ignobilibus
861 2192 1012 2231 statuis
1044 2191 1181 2232 cultus
1205 2191 1392 2242 accessit,
1425 2189 1713 2246 creditumque
1735 2194 1798 2230 est

356 2261 503 2288 earum
546 2248 703 2289 uiribus
749 2247 967 2301 effectum,
1016 2247 1129 2303 quod
1180 2248 1407 2289 demonum
1454 2253 1543 2289 erat
1588 2247 1798 2304 prestigiis

355 2304 665 2347 adumbratum.
741 2305 886 2347 Sueno
928 2320 1055 2360 uero,
1096 2320 1179 2361 quo
1224 2306 1357 2360 magis
1402 2306 1624 2347 simulacra
1657 2319 1797 2360 asper-

354 2363 496 2404 nanda
538 2363 735 2418 doceret,
778 2377 827 2404 su
861 2377 905 2404 er
945 2378 1019 2417 ea,
1061 2378 1154 2405 cum
1193 2377 1218 2405 a
1247 2363 1492 2405 Karentinis
1535 2364 1797 2415 eiicerentur,

353 2420 542 2462 sublimis
584 2376 1005 2464 consisterepholuit.
1061 2421 1155 2469 Quo
1198 2421 1306 2462 facto
1339 2422 1506 2476 pondus
1545 2421 1797 2463 contumelia

354 2479 487 2531 auxit,
518 2493 597 2520 nec
627 2479 765 2520 minus
808 2479 1024 2520 trahentes
1065 2480 1222 2520 rubore
1256 2493 1381 2534 quam
1423 2492 1552 2520 onere
1582 2478 1794 2527 ue*xauit,

354 2535 584 2578 domestica
628 2537 801 2577 numina
846 2536 1083 2591 alienigene
1128 2537 1339 2592 pontificis
1385 2536 1563 2592 pedibus
1609 2536 1799 2578 subiecta

353 2598 586 2646 cernentes,
648 2594 764 2636 Dum
795 2593 874 2636 hec
904 2609 928 2636 a
952 2594 1154 2637 Suenone
1185 2599 1402 2650 geruntur,
1424 2594 1631 2649 Absalon,
1663 2594 1797 2636 tribus

1832 2487 1871 2516 c}
