1884 3126
94 897 130 924 10

93 1188 129 1215 15

91 1478 127 1504 ‘20

87 1768 123 1795 ‘25

87 2059 123 2086 30

87 2349 122 2375 35

727 260 779 265 —
840 235 930 279 XII
995 260 1042 265 -—
1504 239 1613 280 .401

165 363 256 406 Nec
278 364 432 406 minori
461 366 611 408 robore
643 365 926 407 funiculorum
957 368 1170 407 certamen
1201 364 1408 407 exhibuit.
1452 365 1618 421 Quippe

165 437 296 464 unum
326 423 500 477 dextra,
543 424 724 466 alterum
755 424 923 465 sinistra
961 424 1204 476 continens,
1249 437 1394 465 eorum
1426 428 1619 465 extrema

166 485 348 536 quatuor
388 483 673 537 prestantibus
715 482 870 525 robore
902 496 957 523 ex
988 481 1165 523 aduerso
1204 481 1476 523 distrahenda
1508 496 1617 524 com-

164 539 288 580 misit.
351 540 513 588 Quibus
554 554 650 582 eum
692 540 971 595 nequicquam
1009 539 1108 581 sede
1140 554 1215 581 sua
1247 539 1470 581 detrahere
1502 539 1616 582 labo-

163 597 376 650 rantibus,
417 598 505 653 ipse
547 598 691 640 funem
732 598 930 653 utrinque
972 597 1096 639 modo
1138 597 1312 650 dextra,
1351 597 1477 639 modo
1519 598 1617 640 leua

165 655 396 710 corripiens
423 658 429 706 ί
455 656 617 711 ingenti
665 656 910 698 fortitudine
957 655 1119 707 effecit,
1166 659 1213 696 ut
1259 659 1333 696 aut
1378 656 1617 698 tenentibus

164 713 307 754 restim
348 718 566 756 excuteret
605 720 678 756 aut
718 714 886 756 eosdem
918 713 971 755 ad
1004 728 1047 754 se
1090 727 1346 768 magnopere
1387 714 1616 756 renitentes

164 771 426 826 appelleret,
477 772 705 828 funemque
757 772 910 814 ducere
960 776 1223 826 nequeuntes
1269 772 1387 826 sequi
1434 777 1614 826 cogeret.

163 828 315 871 Eidem
348 844 511 886 quoque
543 831 872 886 speciosissimus
904 830 1019 871 uocis
1050 829 1220 871 habitus
1252 829 1343 870 fuit.
1396 828 1614 884 Siquidem

161 888 381 929 conciones
412 903 495 930 non
526 890 664 930 solum
703 889 909 944 prestanti
948 887 1171 938 facundia,
1215 887 1287 928 sed
1330 886 1463 928 eciam
1495 893 1614 930 tanta

162 946 524 1000 pronunciacionis
565 947 843 1002 amplitudine
889 945 1153 999 celebrabat,
1200 950 1247 986 ut
1288 946 1330 986 in
1372 946 1613 990 accionibus

161 1017 242 1044 non
266 1004 400 1045 solum
424 1019 448 1045 a
469 1006 746 1060 presentibus,
778 1004 849 1046 sed
884 1005 1016 1046 eciam
1049 1018 1073 1044 a
1104 1003 1250 1058 procul
1279 1003 1424 1058 positis
1455 1004 1612 1059 liquido

162 1061 449 1103 exaudiretur.
510 1063 713 1105 Preterea
761 1063 815 1104 ad
862 1061 1171 1104 conciliandam
1215 1062 1294 1103 sibi
1338 1062 1611 1116 popularium

161 1119 496 1161 beniuolenciam
530 1122 571 1162 in
602 1126 795 1163 extrema
826 1121 1046 1162 accionum
1079 1134 1249 1160 suarum
1280 1124 1400 1175 parte
1424 1119 1612 1162 mandati

160 1177 250 1219 loco
268 1178 515 1219 subnectere
538 1183 827 1232 consueuerat,
858 1183 906 1220 ut
927 1178 1008 1219 uiri
1030 1178 1231 1232 coniuges
1254 1192 1349 1219 suas
1371 1191 1419 1218 ac
1440 1178 1610 1231 liberos,

161 1249 238 1276 nec
259 1249 345 1276 non
368 1240 409 1277 et
430 1250 583 1281 seruos.
593 1235 614 1258 ·
645 1252 738 1278 cum
771 1238 954 1292 primum
986 1236 1129 1277 domos
1162 1235 1380 1289 redissent,
1413 1236 1489 1277 sub
1522 1236 1609 1278 eius

160 1294 284 1334 titulo
307 1294 655 1336 consalutacionis
677 1295 815 1337 officio
838 1298 1208 1350 prosequerentur,
1240 1308 1362 1334 suum
1393 1308 1436 1335 se
1459 1294 1609 1349 cuique

160 1350 309 1404 i[lli]us
354 1357 620 1394 seruaturum
661 1354 934 1409 promittens,
978 1366 1325 1406 communemque
1369 1352 1528 1393 cunctis
1567 1352 1609 1393 in

160 1409 399 1451 exhibendo
432 1411 628 1464 equitatis
660 1411 773 1453 cultu
805 1410 1042 1453 debitorem
1074 1409 1303 1451 affirmans.

297 1467 458 1509 Verum
505 1468 616 1510 hunc
659 1470 844 1524 corporis
884 1469 972 1510 eius
1015 1469 1228 1523 animique
1268 1467 1479 1521 fulgorem
1520 1467 1609 1510 sola

160 1525 344 1567 libidinis
366 1527 430 1568 uis
452 1527 570 1568 tetris
592 1527 920 1582 intemperancie
944 1526 1128 1568 maculis
1160 1525 1424 1567 obscurabat.
1472 1525 1608 1581 Siqui-

160 1583 255 1624 dem
289 1585 520 1639 coniugalis
560 1586 707 1640 copule
755 1585 866 1627 tedio
898 1584 1078 1626 Veneris
1109 1598 1232 1626 usum
1264 1584 1463 1639 pellicum
1494 1584 1609 1625 cubi-

159 1641 262 1683 culis
292 1642 500 1683 intentum
533 1642 693 1695 habuit,
727 1657 964 1698 quanquam
998 1643 1036 1684 ei
1068 1643 1235 1684 fortuna
1266 1656 1442 1683 uxorem
1472 1642 1608 1683 forma

159 1713 208 1740 ac
228 1700 413 1741 moribus
439 1701 706 1755 conspicuam
730 1702 942 1743 sociasset.
984 1700 1024 1742 N
1029 1715 1075 1742 ec
1106 1700 1241 1742 defuit
1265 1699 1432 1741 Botilde
1454 1700 1608 1741 tolera-

155 1757 299 1798 bunda
332 1773 448 1800 mens
481 1758 534 1800 ad
576 1759 845 1801 insolenciam
889 1759 1031 1800 mariti
1072 1758 1373 1800 sustinendam.
1434 1757 1607 1800 Puellas

156 1815 376 1869 siquidem,
412 1830 516 1871 quas
547 1817 600 1858 ab
632 1831 680 1859 eo
712 1817 900 1858 adamari
932 1821 1220 1872 persenserat,
1261 1820 1451 1857 materne
1481 1816 1607 1857 dilec-

157 1873 285 1915 cionis
316 1874 462 1915 officiis
494 1875 845 1930 prosequebatur,
885 1889 1052 1930 easque,
1084 1889 1165 1930 quo
1195 1874 1435 1930 prompcius
1466 1874 1605 1916 mariti

156 1931 304 1973 studiis
335 1932 589 1987 indulgeret,
622 1933 762 1987 quoad
803 1934 937 1987 uixit,
981 1934 1090 1975 inter
1130 1933 1402 1989 pedissequas
1443 1931 1604 1975 habuit.

158 1989 345 2037 Quarum
377 1994 424 2031 ut
455 1991 637 2031 formam
679 2005 844 2047 quoque
885 1992 1193 2033 concinniorem
1235 1990 1445 2043 efficeret,
1487 2004 1604 2046 sepe-

155 2061 330 2088 numero
362 2049 511 2103 capitis
543 2063 687 2090 earum
720 2051 879 2091 cultum
910 2050 1090 2105 propriis
1122 2049 1314 2090 manibus
1350 2047 1601 2102 exhibebat3

157 2118 335 2160 cumque
368 2106 535 2147 abunde
568 2106 674 2148 foret
705 2108 810 2149 iram
843 2108 1057 2161 abiecisse,
1090 2107 1253 2148 addidit
1283 2107 1515 2157 caritatem,
1547 2111 1601 2159 et,

156 2163 253 2217 quia
284 2177 358 2204 sua
390 2164 471 2230 spe
478 2165 539 2205 cie
571 2179 653 2206 non
684 2166 847 2220 potuit,
889 2166 1030 2207 aliena
1072 2165 1223 2207 marito
1254 2165 1422 2219 placere
1453 2164 1600 2218 uoluit,

155 2221 319 2275 uirique
350 2221 394 2262 in
425 2222 484 2263 eis
514 2222 711 2264 affectum
743 2224 880 2265 colere
913 2238 1038 2279 quam
1069 2223 1236 2265 lesionis
1267 2236 1340 2263 sue
1371 2221 1602 2263 uindictam

157 2291 284 2332 agere
315 2281 575 2334 preoptauit,
608 2294 660 2321 ne
691 2281 967 2323 clarissimum
1001 2281 1149 2322 ducem
1181 2279 1453 2335 turpitudinis
1483 2293 1602 2321 reum

154 2341 312 2390 ageret
374 2336 541 2378 Etenim
586 2340 738 2380 amoris
778 2340 841 2381 sui
883 2340 1086 2395 raptrices
1140 2339 1286 2380 officiis
1328 2351 1455 2392 quam
1495 2337 1601 2379 odiis

154 2394 315 2449 insequi
337 2396 561 2449 speciosius
582 2396 716 2437 duxit.
757 2397 908 2452 Itaque
939 2412 1021 2439 non
1052 2398 1183 2439 solum
1218 2396 1357 2437 mariti
1387 2395 1600 2449 flagicium

155 2451 491 2494 dissimulacione
522 2455 653 2506 texit,
697 2454 769 2496 sed
802 2456 933 2497 eciam
966 2455 1122 2511 absque
1153 2457 1346 2509 respectu
1377 2452 1599 2507 pellicatus

155 2509 297 2551 odium
329 2512 585 2553 merentibus
616 2513 800 2566 graciam
848 2527 1022 2568 erogare
1062 2513 1279 2561 sustinuit,
1320 2511 1597 2553 ueneraoione

155 2573 455 2633 contemptum,
489 2570 697 2625 obsequiis
727 2571 922 2612 iniuriam
943 2585 1137 2626 pensans,
1170 2583 1304 2624 eoque
1325 2568 1435 2609 facto
1457 2568 1598 2611 claris-

1672 674 1698 699 p.
1717 665 1769 693 602

1648 1248 1771 1277 cxlxb

1656 2182 1683 2208 p.
1703 2174 1755 2202 603

85 2638 122 2665 40
152 2625 302 2666 simum
326 2626 541 2668 muliebris
565 2627 726 2683 pacien
723 2628 789 2670 cie
820 2630 1065 2685 exemplum
1095 2627 1275 2685 prebuit.
1319 2626 1430 2674 Quin
1461 2626 1595 2668 eciam
1648 2635 1741 2671 (225)

224 2698 302 2726 Saxo
322 2700 551 2729 Grammaticus.
1414 2694 1459 2732 26
