1884 3126
102 882 138 909 10

100 1173 135 1200 15

99 1465 136 1492 20

97 1756 134 1783 25

96 2046 134 2074 30

99 2337 135 2365 35

774 237 806 242 —
866 213 936 256 III
997 239 1049 244 —-
1568 219 1622 261 85

173 344 294 397 ptum
316 344 391 384 aut
407 355 538 383 manu
558 343 807 383 strennuum
828 341 870 383 in
893 346 1014 385 tanto
1038 342 1218 386 militum
1239 357 1415 387 numero
1437 344 1622 402 reperiri,

174 399 239 441 cui
272 399 454 442 salutem
488 413 607 442 suam
642 413 716 455 pro
751 400 888 455 patria
920 401 1159 444 deuouendi
1190 403 1341 458 cupido
1364 408 1622 459 suppeteret.

171 458 276 499 Tam
318 459 568 513 probrosam
600 457 764 499 Danice
797 460 1083 502 cunctacionis
1126 460 1339 502 infamiam
1370 462 1505 516 prima
1536 462 1625 504 Vb-

174 516 295 558 bonis
342 516 669 572 magnanimitas
713 517 880 572 repulit.
963 518 1190 560 Prestabat
1235 520 1391 561 etenim
1431 534 1624 575 corpore,

170 575 414 616 incantandi
455 575 616 616 artibus
659 574 840 630 pollens.
916 575 1031 618 Huic
1085 590 1254 632 quoque
1309 577 1361 618 de
1417 578 1625 619 industria

174 633 413 675 certaminis
459 634 666 689 premium
714 634 974 689 perquirenti
1018 649 1095 676 rex
1145 635 1329 677 armillas
1381 636 1623 691 spopondit.

173 691 282 733 Tum
313 691 402 746 ille,
434 705 573 747 quam,
606 691 753 746 inquit,
785 692 993 747 promisso
1024 692 1150 734 fidem
1184 693 1385 748 deferam,
1418 695 1625 750 cumipse

173 750 327 805 pignus
358 749 399 791 in
433 749 626 792 manibus
658 749 830 801 habeas,
863 765 941 792 nec
972 751 1051 792 sub
1083 751 1219 792 aliena
1251 766 1403 793 munus
1434 753 1624 794 custodia

173 808 400 863 deponas?
440 808 593 850 Presto
639 809 704 860 sit,
751 809 815 850 cui
858 809 1045 864 pignoris
1088 809 1326 865 depositum
1368 811 1527 865 credas,
1570 825 1623 853 ne

170 866 423 922 promissum
445 866 702 909 retractandi
721 866 786 909 fas
812 866 876 908 sit.
937 867 1145 909 Accendit
1172 868 1284 909 enim
1315 869 1506 924 pugilum
1538 869 1624 910 ani-

169 940 261 967 mos
301 925 593 968 irreuocabilis
636 926 785 980 premii
827 925 1050 968 certitudo.
1125 926 1251 975 Quod
1293 940 1389 968 eum
1430 926 1623 983 profecto

169 998 246 1039 per
285 983 515 1025 ludibrium
558 983 715 1026 dixisse
759 985 998 1039 constabat,
1043 997 1169 1040 quem
1211 986 1251 1026 in
1291 985 1624 1040 propulsandam

170 1042 307 1098 patrie
339 1042 641 1084 contumeliam
674 1042 766 1083 sola
799 1042 934 1083 uirtus
959 1047 1216 1086 armauerat.
1280 1043 1417 1092 Quem
1439 1043 1621 1085 Roricus

169 1100 262 1142 auri
293 1100 490 1156 cupidine
524 1104 695 1155 captum
725 1104 856 1159 ratus,
889 1115 943 1143 ne
973 1105 1116 1156 preter
1147 1101 1308 1156 regiam
1337 1100 1622 1156 consuetudi]-

166 1173 264 1201 nem
286 1163 565 1201 reuocaturus
598 1158 758 1202 donum
790 1163 863 1200 aut
896 1159 1151 1214 promissum
1172 1160 1430 1202 rescissurus
1453 1159 1621 1202 uidere-

167 1221 249 1271 tur,
282 1220 328 1259 ut
361 1222 453 1259 erat
483 1217 525 1259 in
557 1217 729 1272 nauigio
755 1217 1000 1270 collocatus,
1025 1218 1209 1260 armillas
1231 1218 1394 1273 ingenti
1418 1232 1621 1260 excussas

167 1276 281 1318 iactu
312 1275 483 1330 petitori
513 1276 738 1331 porrigere
770 1276 931 1318 statuit.
993 1275 1079 1318 Sed
1111 1280 1310 1318 conatum
1343 1277 1433 1318 eius
1466 1276 1621 1319 fefellit

167 1333 388 1376 intersticii
427 1334 692 1389 magnitudo.
765 1334 940 1376 Armille
974 1334 1097 1387 enim,
1140 1334 1342 1390 languido
1386 1348 1436 1376 ac
1473 1348 1621 1390 parum

167 1396 324 1448 uegeto
372 1396 503 1446 motu,
551 1393 657 1435 citra
706 1392 962 1434 destinatum
1005 1393 1147 1435 locum
1189 1392 1374 1448 collapse
1421 1393 1621 1435 fluctibus

168 1451 401 1505 intercepte
433 1455 546 1505 sunt,
569 1450 684 1493 unde
708 1451 865 1493 Rorico
890 1450 1169 1507 Slyngebond
1192 1451 1368 1493 inoleuit
1394 1465 1620 1506 agnomen.

170 1509 264 1558 Que
296 1523 362 1550 res
390 1509 395 1562 Ι
424 1508 596 1551 Vbboni
629 1523 784 1563 magno
816 1510 989 1551 uirtutis
1021 1509 1175 1551 indicio
1198 1508 1290 1551 fuit.
1336 1508 1487 1564 Neque
1510 1509 1621 1551 enim

171 1582 267 1609 eum
313 1567 465 1609 obrute
511 1566 718 1609 mercedis
765 1567 968 1609 damnum
1016 1567 1167 1609 audaci
1210 1568 1363 1609 mentis
1404 1567 1621 1622 proposito

168 1627 301 1681 exuit,
334 1640 388 1668 ne
418 1625 624 1668 uirtutem
656 1626 838 1668 auaricie
871 1625 1090 1681 stipendiis
1124 1626 1354 1667 obnoxiam
1387 1625 1536 1667 fecisse
1558 1626 1620 1667 ui-

168 1683 353 1727 deretur.
413 1683 552 1739 Igitur
583 1683 710 1726 auide
741 1685 875 1739 petito
899 1685 1141 1735 certamine,
1175 1697 1220 1726 se
1241 1685 1388 1740 pocius
1413 1684 1622 1726 honestati

165 1743 389 1793 intentum,
431 1756 558 1798 quam
590 1743 759 1798 questui
791 1742 997 1795 deditum,
1039 1742 1218 1798 pecunie
1252 1741 1472 1798 cupiditati
1503 1742 1620 1784 forti-

169 1801 359 1844 tudinem
391 1800 613 1855 pretulisse
657 1802 929 1853 monstrabat,
960 1800 1158 1842 fiduciam
1190 1801 1254 1841 sui
1285 1815 1370 1842 non
1394 1800 1435 1841 in
1465 1799 1621 1855 precio,

168 1859 243 1901 sed
283 1859 629 1913 magnanimitate
661 1859 890 1916 repositam
924 1865 1183 1901 ostensurus.
1261 1858 1352 1901 Nec
1383 1872 1513 1909 mora,
1545 1858 1621 1899 cir-

169 1916 376 1972 cu<l>atur
399 1931 587 1971 campus,
620 1917 749 1959 milite
773 1918 909 1960 circus
931 1918 1125 1972 stipatur,
1158 1920 1417 1959 concurrunt
1440 1916 1620 1972 pugiles,

167 1977 214 2017 fit
234 1976 386 2031 fragor,
417 1975 559 2017 fremit
582 1976 813 2032 spectatrix
835 1975 963 2018 turba
985 1979 1187 2017 uotorum
1209 1975 1422 2030 suffragiis
1446 1973 1619 2016 discors.

165 2033 498 2076 Excandescunt
519 2034 645 2089 igitur
667 2035 828 2077 athlete
852 2034 1013 2084 animis,
1047 2038 1090 2075 et
1122 2034 1279 2075 mutuis
1307 2033 1349 2074 in
1373 2032 1620 2074 uulneribus

164 2096 347 2143 ruentes,
380 2091 563 2135 eundem
596 2093 702 2134 lucis
744 2107 793 2135 ac
822 2106 964 2148 pugne
997 2093 1158 2133 exitum
1191 2092 1456 2134 sorciuntur:
1481 2089 1619 2143 credo,

166 2155 424 2206 procurante
454 2149 641 2205 fortuna,
673 2166 727 2193 ne
759 2152 867 2193 alter
897 2150 1072 2193 alterius
1106 2150 1242 2192 exicio
1267 2149 1443 2205 gloriam
1469 2149 1620 2203 uolup-

166 2213 386 2265 tatemque
428 2209 680 2265 perciperet.
753 2210 847 2259 Que
887 2223 953 2250 res
994 2208 1148 2251 Rorico
1192 2209 1413 2250 rebellium
1456 2207 1619 2248 animos

169 2266 427 2318 conciliauit,
459 2267 704 2323 tributaque
736 2267 932 2310 restituit.

183 2377 191 2378 ἶ
305 2324 470 2366 Eodem
493 2330 687 2382 tempore
707 2325 1028 2368 Horwendillus
1049 2329 1090 2366 et
1106 2324 1267 2379 Fengo,
1301 2337 1481 2379 quorum
1501 2324 1620 2378 pater

168 2383 477 2425 Gerwendillus
507 2384 702 2426 Iutorum
733 2384 952 2440 profectus
985 2383 1198 2434 extiterat,
1232 2381 1368 2423 eidem
1401 2395 1425 2421 a
1446 2380 1616 2429 Rorico,

167 2441 210 2483 in
243 2441 353 2484 Iutie
384 2441 614 2496 presidium
637 2446 932 2498 surrogantur.
979 2441 1039 2483 At
1070 2439 1401 2491 Horwendillus,
1434 2437 1616 2479 triennio

168 2499 391 2555 tyrannide
432 2504 577 2554 gesta,
618 2515 694 2556 per
732 2513 939 2542 summam
971 2512 1111 2540 rerum
1143 2498 1320 2553 gloriam
1352 2495 1526 2552 piratice
1556 2495 1616 2536 in-

169 2557 397 2608 cubuerat,
441 2571 536 2599 cum
564 2560 570 2610 Ι
597 2572 674 2601 rex
706 2557 924 2612 Noruagie
958 2555 1196 2608 Colle*rus,
1236 2568 1411 2607 operum
1445 2553 1533 2594 eius
1565 2566 1615 2593 ac

103 2628 140 2657 40
172 2614 282 2658 fame
325 2616 662 2674 magnitudinem
705 2616 936 2667 emulatus,
976 2614 1179 2658 decorum
1220 2613 1297 2655 sibi
1340 2611 1430 2654 fore
1472 2610 1615 2654 existi-

1692 1163 1764 1198 (48)

1676 1532 1706 1556 p.
1727 1524 1776 1551 135

1672 2571 1698 2592 Π.
1720 2564 1769 2589 136

1642 2596 1789 2626 XXVII*
