1884 3126
188 224 272 266 292
745 247 799 255 —-
858 223 970 267 VIII
1029 249 1082 256 —-

185 351 435 394 absumitur.
475 351 574 394 Rex
604 351 725 394 amici
756 367 901 394 casum
932 353 1091 419 gemitu
1118 355 1384 408 prosecutus,
1416 356 1628 395 maturata

184 410 465 465 nauigacione
497 409 703 452 discessit.
756 411 850 459 Qua
878 412 1060 466 primum
1091 424 1296 476 prospera
1326 424 1442 463 usus,
1474 409 1626 452 deinde

184 467 365 509 aduersa
397 471 645 523 quassatus,
677 468 922 523 periclitatis
953 468 1091 510 inedia
1124 469 1261 521 sociis,
1293 467 1523 523 paucisque
1554 468 1627 509 ad-

182 525 265 566 huc
295 525 616 580 superstitibus,
651 526 895 581 religionem
928 527 1065 568 animo
1098 526 1250 576 intulit,
1282 532 1408 581 atque
1441 526 1494 567 ad
1526 531 1626 567 uota

135 595 150 620 5
182 583 344 638 superis
362 558 645 638 nuncupanda
669 583 872 638 confugit,
897 589 1086 626 extreme
1113 584 1379 625 necessitatis
1397 584 1625 638 presidium

182 641 224 681 in
255 641 434 683 deorum
479 654 559 696 ope
601 641 828 683 consistere
871 641 1075 683 iudicans.
1138 641 1331 696 Denique
1364 641 1454 682 aliis
1486 642 1626 682 uarias

183 698 355 740 deorum
387 700 605 753 potencias
637 699 914 741 exorantibus
956 713 1006 740 ac
1051 700 1217 740 diuerse
1248 699 1464 740 numinum
1498 699 1625 740 maie-

181 757 281 798 stati
303 771 389 798 rem
416 757 420 808 Ι
451 755 637 797 diuinam
659 757 750 798 fieri
773 762 971 812 oportere
1004 757 1285 801 censentibus,
1319 758 1410 811 ipse
1426 756 1625 810 Vgarthi-
1679 768 1704 792 1>-
1723 759 1774 786 429

180 815 322 855 locum
340 815 450 855 uotis
467 815 623 869 pariter
646 816 660 867 ΙΙ
684 829 731 856 ac
749 815 1089 870 propiciamentis
1107 827 1346 869 aggressus,
1378 828 1623 869 prosperam
1677 815 1770 850 (164)

112 898 148 924 10
181 873 373 927 exoptati
405 872 553 914 sideris
585 873 830 927 temperiem
865 877 1082 914 assecutus
1115 880 1191 914 est.

321 929 532 971 Domum*
563 931 761 983 ueniens,
804 944 897 971 cum
942 935 1005 971 tot
1037 931 1168 971 maria
1198 944 1242 970 se
1275 934 1420 984 totque
1451 930 1833 971 laborosnxxxvu»

182 1001 399 1029 emensum
432 988 800 1037 animaduerteret,
831 989 988 1029 fessum
1023 988 1204 1028 erumnis
1237 988 1429 1042 spiritum
1451 1002 1474 1027 a.
1499 1002 1626 1042 nego-

182 1046 253 1086 ciis
286 1046 433 1099 procul
466 1046 706 1087 habendum
739 1051 878 1097 ratus,
914 1047 1045 1100 petito
1083 1060 1136 1087 ex
1169 1046 1313 1086 Suetia
1345 1046 1624 1094 matrimonio,

180 1103 408 1158 superioris
451 1103 580 1144 studii
622 1104 810 1144 habitum
845 1103 920 1144 ocii
955 1102 1235 1144 meditacione
1267 1103 1461 1145 mutauit.
1523 1103 1625 1144 Vita

116 1172 148 1199 15
179 1174 344 1216 quoque
375 1175 450 1215 per
482 1175 689 1202 summum
724 1161 962 1202 securitatis
995 1175 1117 1201 usum
1150 1165 1313 1213 exacta,
1344 1161 1396 1201 ad
1431 1161 1624 1202 ultimum

178 1232 289 1273 pene
321 1219 443 1260 etatis
472 1233 546 1259 sue
577 1220 701 1259 finem
734 1223 973 1273 prouectus,
1005 1233 1096 1259 cum
1131 1218 1420 1273 probabilibus
1443 1232 1624 1272 quorun-

180 1276 277 1317 dam
324 1277 612 1330 argumentis,
664 1278 826 1318 animos
879 1277 1138 1318 immortales
1192 1290 1308 1329 esse,
1362 1280 1623 1330 compertum

181 1334 380 1385 haberet,
413 1348 618 1389 quasnam
650 1335 771 1375 sedes
805 1339 915 1377 esset
946 1339 1076 1376 exuto
1110 1334 1305 1375 membris
1337 1333 1485 1387 spiritu
1520 1335 1624 1388 peti-

180 1396 313 1441 turus,
346 1398 419 1433 aut
453 1391 549 1447 quid
583 1394 727 1446 premii
762 1406 974 1447 propensa
1005 1392 1223 1432 numinum
1245 1391 1468 1432 ueneracio
1491 1405 1624 1433 mere-

112 1476 148 1503 20
178 1453 308 1501 retur,
340 1450 600 1504 cogitacione
631 1463 772 1491 secum
804 1451 921 1491 uaria
954 1449 1225 1504 disquirebat.

318 1507 412 1548 Hec
456 1508 702 1550 uoluentem
748 1507 930 1548 subeunt
972 1507 1140 1562 quidam
1182 1520 1327 1561 parum
1373 1506 1540 1560 benigni
1581 1507 1619 1547 in

180 1563 447 1606 Thorkillum
489 1566 638 1618 animi,
681 1565 901 1615 docentes,
945 1564 1088 1606 diuino
1131 1579 1236 1619 opus
1278 1579 1369 1606 esse
1415 1565 1623 1614 consultu,

180 1626 380 1678 tanteque
411 1624 470 1664 rei
499 1624 817 1675 certitudinem,
860 1623 1043 1667 humano
1083 1623 1279 1663 alciorem
1326 1622 1492 1677 ingenio
1549 1637 1624 1663 nec

181 1681 420 1721 mortalium
453 1681 623 1735 cognitu
656 1681 835 1731 facilem,
857 1680 1084 1722 celestibus
1115 1679 1399 1734 expetendam
1429 1681 1622 1721 oraculis.

111 1748 148 1775 25
180 1738 465 1786 Quamobrem
497 1738 816 1804 propiciandum
849 1753 942 1780 esse
965 1738 1296 1793 Vgarthilocum,
1330 1738 1623 1792 neminemque

179 1795 220 1837 id
255 1795 475 1838 Thorkillo
509 1798 654 1851 apcius
687 1802 979 1838 excomm-‚um
1037 1795 1172 1837 Fuere
1205 1809 1386 1851 quoque,
1419 1795 1488 1849 qui
1523 1810 1623 1836 eun-

181 1853 276 1895 dem
314 1854 556 1895 insidiarum
599 1869 718 1896 reum
770 1868 818 1896 ac
864 1854 971 1908 legii
1015 1854 1163 1909 capitis
1197 1854 1361 1895 hostem
1396 1853 1622 1894 defer-‚mut

182 1911 265 1960 Qui
288 1925 382 1952 cum
404 1912 549 1953 ultimo
578 1927 623 1954 se
656 1912 842 1967 periculo
875 1912 1074 1953 destinari
1109 1912 1286 1964 uideret,
1319 1911 1622 1952 criminacionis

180 1973 376 2011 auctores
398 1970 678 2024 profeccionis
702 1971 876 2012 comites
899 1970 1119 2035 expetiuit.
1161 1968 1280 2020 Tum,
1312 1969 1381 2023 qui
1413 1969 1621 2010 insontem

110 2050 146 2077 30
178 2031 442 2078 notauerant,
475 2028 706 2083 periculum
739 2028 876 2069 alieno
910 2028 1035 2082 capiti
1067 2031 1335 2082 preparatum
1368 2026 1408 2067 in
1442 2042 1486 2067 se
1510 2027 1620 2081 ipsos

179 2085 379 2126 recidisse
426 2093 666 2137 cernentes,
714 2086 953 2127 consultum
1000 2098 1202 2126 reuocare
1241 2084 1478 2125 tentabant.
1538 2083 1620 2125 Sed

180 2141 336 2183 frustra
382 2143 519 2198 regias
566 2158 686 2184 aures
731 2143 980 2198 implentes,
1028 2143 1158 2183 eciam
1206 2142 1372 2196 pauoris
1418 2141 1621 2196 increpiti,

179 2198 438 2254 T<h>orkillo
486 2201 592 2242 duee
636 2201 840 2255 nauigare
886 2206 1109 2254 coguntur.
1172 2199 1238 2240 Ita
1284 2200 1536 2250 excogitatis
1578 2199 1618 2239 in

179 2258 356 2299 alterum
390 2258 530 2312 malis,
574 2259 613 2299 in
658 2265 873 2300 auctorem
915 2259 1148 2313 plerunque
1192 2257 1306 2311 adigi
1338 2270 1510 2298 necesse
1544 2260 1618 2298 est.

110 2325 147 2352 35
179 2315 262 2363 Qui
308 2330 400 2358 cum
447 2330 491 2358 se
537 2317 770 2358 ineuitabili
817 2316 1062 2357 discriminis
1109 2316 1361 2357 necessitate
1408 2314 1618 2356 districtos

180 2373 586 2426 animaduerterent,
628 2374 839 2428 nauigium
874 2374 1048 2415 taurinis
1080 2373 1342 2414 obstructum
1376 2373 1495 2414 coriis
1527 2386 1620 2427 pro-

178 2431 278 2473 uisis
311 2431 478 2473 abunde
511 2432 812 2473 commeatibus
845 2432 1141 2486 impleuerunt.

317 2489 411 2537 Quo
444 2490 579 2531 euecti
613 2504 661 2531 eo
695 2503 930 2544 peruenere
961 2489 1071 2542 loci,
1105 2488 1175 2529 ubi
1207 2488 1322 2542 regio
1355 2487 1454 2528 solis
1484 2487 1617 2542 inops,

179 2545 325 2600 ignara
355 2546 552 2600 siderum,
586 2562 662 2588 nec
693 2547 828 2588 diurni
859 2547 1026 2587 luminis
1058 2559 1220 2601 capax,
1250 2550 1457 2601 perpetue
1489 2545 1618 2586 noctis

110 2616 146 2643 40
177 2603 317 2658 specie
338 2602 556 2660 caligabat.
603 2604 793 2660 Cumque
824 2604 894 2645 diu
926 2605 1004 2646 sub
1034 2603 1236 2645 inusitata
1266 2603 1343 2644 celi
1373 2601 1479 2644 facie
1501 2602 1619 2644 naui-
