1884 3126
11 874 48 901 10

9 1163 46 1190 15

6 1449 44 1477 20

5 1740 41 1767 25

621 236 671 243 -
732 210 873 255 XIIII
932 237 984 243 —
1438 214 1520 258 557

82 338 246 394 gienses
285 338 513 394 plurimum
551 338 722 394 presidii
763 339 807 381 in
837 340 1013 382 arcubus
1050 341 1222 396 ducere,
1263 342 1522 398 prouocandi

82 397 225 451 gracia
256 411 350 438 cum
382 396 620 452 quindecim
650 397 861 452 peditibus
892 398 935 439 in
965 398 1082 441 littus
1112 414 1378 455 progressus,
1408 400 1520 441 ultro

82 468 125 495 se
156 468 300 496 eorum
331 455 494 510 sagittis
525 454 809 510 appetendum
829 456 1048 510 prebebat,
1079 458 1266 512 profecto
1300 457 1520 500 ostendere

82 512 267 566 cupiens,
298 512 341 553 in
372 526 498 568 quam
525 525 659 567 paruo
686 513 930 567 precipuam
951 527 1095 555 eorum
1116 515 1312 557 fiduciam
1331 519 1519 571 poneret.

81 569 218 624 Igitur
247 569 287 611 N
291 570 572 625 oruagienses,
605 583 684 625 quo
715 570 889 626 propius
917 571 1033 613 littus
1064 573 1331 624 accederent,
1363 573 1520 615 cimbas

82 627 390 682 conscendunt,
437 628 488 669 ob
544 641 722 682 quarum
775 628 1105 683 trepidacionem
1143 630 1353 673 destinata
1397 631 1519 673 certis

80 685 230 727 ictibus
260 685 385 727 ferire
416 699 500 727 non
519 690 727 740 poterant.
789 685 937 741 Itaque
968 687 1053 728 tela
1082 688 1238 743 partim
1267 689 1311 730 in
1331 688 1517 742 humum,

79 743 236 798 partim
265 744 308 785 in
339 743 470 784 undas
513 743 690 784 innocua
738 743 960 786 cadebant.
1020 744 1087 786 Ita
1118 745 1218 787 artis
1248 760 1321 788 sue
1367 746 1519 788 effectu

81 800 266 842 fraudati
306 800 537 855 nostrisque
582 799 766 842 ludibrio
816 800 974 855 habiti,
1024 802 1186 857 ingenti
1232 818 1326 844 cum
1367 804 1518 845 rubore

79 859 237 900 maiora
267 858 439 913 nauigia
469 862 679 913 repetunt.
740 858 896 900 Postea
928 873 1021 900 cum
1050 860 1290 915 Absalone,
1323 861 1422 902 data
1452 876 1518 903 ac-

80 920 285 971 ceptaque
315 916 412 970 fide,
444 916 597 957 sociale
629 916 884 971 colloquium
914 917 1110 959 habuere.
1170 919 1210 959 A
1243 933 1322 974 quo
1358 919 1517 961 diucius

78 973 165 1015 illic
196 974 459 1029 acquiescere
497 973 624 1028 iussi,
665 988 749 1015 non
787 974 901 1029 prius
944 974 1361 1030 obtemperauerunt,
1394 991 1518 1032 quam

79 1030 267 1073 Absalon
300 1031 427 1073 fidem
458 1045 577 1073 suam
620 1031 950 1087 interposuisset,
982 1046 1025 1074 se
1054 1033 1158 1074 nihil
1190 1034 1433 1075 insidiarum
1459 1035 1517 1076 eis

81 1094 194 1131 terra
225 1094 298 1131 aut
329 1089 435 1130 mari
465 1089 635 1130 interim
656 1094 914 1144 paraturum.
964 1089 1044 1132 His
1074 1091 1215 1146 finitis,
1247 1092 1518 1133 collocutores

78 1161 103 1188 a
144 1161 188 1189 se
227 1147 409 1189 inuicem
450 1147 700 1199 discessere,
741 1147 809 1189 die
847 1152 1017 1202 postero
1059 1162 1153 1189 cum
1191 1149 1361 1204 paribus
1392 1150 1518 1191 armis

79 1205 220 1260 equali
251 1205 450 1247 comitum
480 1218 653 1246 numero
685 1206 945 1248 conuenturi.
997 1204 1184 1261 Cumque
1215 1207 1415 1261 Erlingus
1435 1221 1518 1249 uno

78 1263 318 1305 comitacior
348 1262 551 1316 affuisset,
581 1261 789 1316 Absalon,
821 1264 1116 1317 circunspectis
1147 1264 1356 1318 omnibus,
1389 1264 1518 1307 Miror

76 1324 141 1373 te,
184 1321 341 1376 inquit,
382 1320 585 1375 Erlinge,
627 1320 844 1361 hominem
885 1325 996 1362 etate
1037 1322 1272 1363 confectum
1311 1322 1360 1363 ac
1391 1323 1517 1364 tocies

76 1379 225 1432 grauia
255 1382 494 1433 expertum,
524 1392 608 1419 non
628 1378 733 1419 adeo
756 1378 989 1433 sapientem
1011 1393 1137 1434 quam
1158 1394 1301 1421 senem
1321 1380 1515 1422 existere.

74 1435 186 1477 Nam
217 1451 311 1478 cum
340 1440 387 1477 tu
417 1435 573 1490 scapha
604 1436 838 1490 adueneris,
870 1451 946 1478 nos
967 1437 1083 1492 equis
1104 1437 1369 1490 insideamus,
1393 1442 1516 1493 teque

75 1494 190 1535 nullo
221 1494 408 1549 negocio,
439 1494 474 1535 si
504 1493 657 1548 libeat,
690 1493 928 1548 opprimere
958 1495 1185 1550 possimus,
1226 1509 1298 1536 cur
1329 1495 1516 1537 condicto

75 1551 314 1594 comitacior
344 1552 570 1593 aduersum
608 1556 735 1606 caput
776 1556 895 1592 tuum
925 1552 1157 1608 rumpende
1187 1553 1301 1608 pacis
1338 1553 1517 1595 occasio-

74 1623 172 1650 nem
211 1609 461 1651 forcioribus
502 1609 739 1665 prebuisti?
805 1609 896 1651 Nisi
937 1614 1076 1651 autem
1106 1610 1209 1652 fides
1247 1615 1392 1652 nostra
1424 1624 1516 1666 pre-

75 1671 219 1721 staret,
252 1668 387 1709 solute
419 1667 674 1709 'condicionis
713 1681 844 1722 penas
887 1668 1021 1709 exicio
1052 1668 1335 1723 persoluisses.
1396 1668 1515 1710 Tunc

74 1723 288 1779 Erlingus,
321 1725 430 1767 inter
462 1729 621 1767 metum
652 1729 694 1766 et
724 1725 922 1766 ruborem
954 1726 1247 1781 circunspectis
1279 1726 1513 1780 comitibus,

75 1796 170 1823 cum
211 1797 355 1824 ueram
397 1782 622 1825 Absalonis
664 1782 941 1824 assercionem
977 1783 1354 1835 animaduerteret,
1385 1798 1515 1825 unum

75 1853 128 1881 ex
150 1840 215 1882 his
236 1841 460 1895 obiurgare
482 1841 607 1896 cepit,
629 1840 738 1895 quod
759 1854 846 1881 non
866 1845 1037 1895 rogatus
1060 1841 1287 1882 comitandi
1309 1841 1513 1896 rapuisset

73 1898 269 1940 officium.
330 1898 563 1954 Postquam
593 1898 666 1939 diu
706 1898 990 1940 excusacionis
1030 1898 1161 1940 uerba
1200 1899 1430 1954 quesierat,
1466 1903 1513 1940 ut

74 1956 330 1998 siticulosum
369 1961 578 1998 recrearet
621 1956 873 2009 exercitum,
924 1957 1122 2011 palustris
1167 1970 1274 2012 aque
1318 1955 1511 2011 pe2tende

71 2013 290 2055 licenciam
320 2014 523 2056 obsecrat.
584 2012 712 2055 Cuius
752 2014 813 2055 rei
853 2014 1168 2069 permissionem
1207 2014 1320 2055 haud
1360 2014 1511 2056 modici

72 2070 264 2113 beneficii
293 2072 385 2114 loco
427 2070 630 2125 ducebat3
674 2085 723 2113 ac
761 2072 950 2127 protinus
978 2072 1160 2127 patriam
1197 2076 1388 2127 repetere
1417 2085 1511 2127 pro-

71 2129 262 2184 perabat,
293 2130 416 2183 letus,
448 2129 559 2185 quod
589 2129 669 2171 sibi
698 2129 898 2170 incolumi
919 2128 1056 2171 Danie
1087 2129 1275 2185 partibus
1305 2129 1510 2171 excedere

72 2187 326 2241 contigisset.
401 2187 632 2243 Postquam
672 2187 764 2242 regi
805 2186 1050 2228 insidiarum
1093 2187 1220 2228 fidem
1258 2200 1399 2228 rerum
1437 2200 1509 2228 ex-

71 2245 283 2299 periencia
313 2245 497 2299 fecerat,
539 2244 772 2298 Burisium,
810 2244 985 2299 perinde
1025 2258 1073 2286 ac
1111 2244 1341 2286 maiestatis
1377 2258 1508 2297 reum,

71 2302 180 2344 inter
200 2303 367 2344 uincula
388 2302 595 2345 asseruari
614 2303 816 2357 precepit.
862 2301 1031 2344 Interea
1051 2301 1251 2357 Erlingus
1273 2306 1509 2343 extremum

73 2357 299 2416 Sialanssdie
330 2361 561 2416 composita
592 2360 734 2401 classis
765 2359 1050 2414 applicacione
1071 2360 1329 2414 complexus,
1362 2359 1461 2400 dum
1482 2373 1509 2401 a

73 2419 200 2464 sacris
231 2418 369 2471 misse,
401 2432 482 2474 que
513 2422 709 2460 consueto
740 2417 955 2471 religionis
987 2417 1102 2458 cultu
1122 2417 1345 2472 petiuerat,
1375 2430 1509 2458 reme-

72 2479 174 2528 aret,
198 2474 421 2518 Absalonis
443 2475 653 2532 equitibus
675 2474 933 2516 clandestino
956 2475 1105 2516 itinere
1126 2474 1506 2529 prorumpentibus,

71 2532 343 2588 improuisam
393 2534 634 2589 palancium
682 2532 886 2574 sociorum
936 2536 1121 2589 stragem
1170 2532 1342 2587 accepit.
1416 2530 1508 2573 Nec

3 2603 41 2632 40
71 2591 221 2633 minori
279 2590 633 2633 Hallandensium
687 2590 845 2632 uirtute
901 2594 1125 2645 exceptus,
1182 2588 1295 2645 apud
1344 2588 1507 2645 Nyzem

1565 1974 1596 2000 p.
1614 1968 1667 1996 810

1562 2367 1658 2402 (815)
