1884 3126
620 580 884 635 SAXole
922 577 1311 633 GRAMMATICI

578 686 991 730 HISTORIE
1042 672 1364 726 DANIO‘E

753 779 899 814 LIBER
924 777 1186 813 SECVNDVS.

387 896 609 980 Hadingo
627 925 736 968 filius
752 924 912 967 Frotho
930 923 1133 978 succedit,
1157 925 1275 966 ouius
1295 923 1399 966 uarii
1417 923 1687 978 insignesque

203 1012 219 1038 5
253 1005 374 1034 casus
396 991 527 1033 fuere.
564 990 808 1032 Pubertatis
825 1003 957 1031 annos
976 1002 1168 1030 emensus
1186 989 1436 1030 iuuenilium
1453 987 1692 1043 preferebat

253 1050 561 1105 complementa
611 1047 830 1090 uirtutum.
893 1046 1009 1095 Quas
1053 1060 1105 1088 ne
1152 1045 1311 1088 desidie
1364 1044 1691 1100 corrumpendas

250 1107 462 1165 preberet,
489 1106 748 1148 abstractum
772 1106 1060 1160 uoluptatibus
1082 1105 1267 1146 animum
1289 1104 1458 1145 assidua
1480 1116 1691 1144 armorum

250 1165 492 1207 intencione
530 1163 766 1219 torquebat.
828 1162 911 1211 Qui
943 1176 1057 1215 cum,
1087 1167 1264 1218 paterno
1298 1162 1497 1203 thezauro
1532 1161 1691 1202 bellicis

252 1223 449 1280 operibus
481 1222 731 1277 absumpto,
776 1220 1080 1275 stipendiorum
1111 1220 1368 1273 facultatem,
1402 1233 1484 1275 qua
1515 1219 1690 1260 militem

183 1300 218 1327 10
250 1282 406 1332 aleret,
437 1294 522 1322 non
551 1279 752 1332 haberet,
790 1279 1082 1333 attenciusque
1114 1277 1341 1320 necessarii
1372 1291 1473 1319 usus
1503 1276 1692 1319 subsidia

251 1339 603 1395 circunspiceret,
635 1338 709 1379 tali
741 1337 965 1379 subeuntis
996 1335 1193 1391 indigene
1225 1335 1406 1377 carmine
1437 1335 1691 1377 concitatur:

387 1432 535 1474 Insula
563 1445 648 1472 non
679 1431 807 1485 longe
838 1433 902 1471 est
932 1428 1206 1484 premollibus
1239 1427 1352 1470 edita
1382 1427 1516 1478 cliuis‚

390 1489 580 1532 Collibus
612 1503 683 1531 era
714 1492 861 1542 tegens
894 1491 936 1529 et
968 1487 1105 1542 opime
1137 1486 1304 1528 conseia
1331 1484 1474 1541 prede.

388 1547 472 1590 Hic
502 1551 622 1590 tenet
654 1546 869 1597 eximium,
900 1545 1055 1587 montis
1087 1558 1315 1599 possessor,
1347 1557 1544 1585 aceruum

185 1623 220 1650 15
389 1605 626 1660 Implicitus
657 1605 757 1659 giris
789 1616 960 1658 serpens
993 1602 1238 1658 crebrisque
1267 1602 1451 1643 reflexus

390 1663 576 1706 Orbibus
607 1666 649 1704 et
681 1661 812 1703 caude
844 1661 1013 1703 sinuosa
1043 1660 1260 1701 uolumina
1292 1659 1463 1711 ducens,

389 1721 729 1775 Multiplicesque
760 1720 924 1775 agitans
956 1719 1103 1774 spiras,
1133 1719 1331 1773 uirusque
1363 1715 1634 1772 profundens.

392 1779 529 1828 Quem
561 1791 761 1834 superare
792 1778 943 1820 uolens
977 1777 1141 1832 clypeo,
1174 1789 1255 1831 quo
1289 1775 1490 1817 conuenit
1520 1775 1593 1827 uti,

392 1836 597 1879 Taurinas
627 1834 799 1878 intende
831 1839 961 1889 cutes,
994 1847 1233 1890 corpusque
1267 1832 1430 1875 bouinis

185 1911 222 1938 20
388 1894 646 1949 Tergoribus
678 1894 824 1948 tegito,
856 1907 935 1935 nec
966 1905 1109 1934 amaro
1140 1891 1256 1934 nuda
1285 1904 1451 1932 ueneno

390 1952 582 1994 Membra
610 1955 760 2006 patere
792 1951 924 2003 sinas3
956 1950 1106 2001 sanies,
1140 1948 1253 2005 quod
1285 1947 1493 2004 conspuit,
1526 1946 1620 1989 urit.

390 2009 559 2065 Lingua
589 2009 762 2051 trisulca
792 2009 948 2051 micans
978 2008 1126 2063 patulo
1157 2007 1255 2048 licet
1288 2020 1360 2048 ore
1390 2006 1579 2058 resultet,

390 2067 627 2123 Tristiaque
657 2067 820 2108 orrifico
850 2067 1066 2108 minitetur
1098 2065 1276 2106 uulnera
1305 2064 1426 2118 rictu,

390 2125 658 2181 Intrepidum
688 2125 839 2167 mentis
871 2124 1060 2166 habitum
1092 2124 1275 2166 retinere
1305 2126 1539 2176 mement03

187 2199 223 2227 25
392 2182 484 2227 Nec
514 2187 557 2225 te
586 2186 835 2238 permoueat
866 2182 1026 2238 spinosi
1056 2180 1194 2223 dentis
1226 2194 1417 2234 acumen,

386 2239 478 2284 Nec
506 2241 632 2296 rigor,
663 2244 737 2282 aut
768 2240 916 2297 rapida
946 2240 1152 2282 iactatum
1181 2239 1304 2280 fauce
1333 2251 1557 2280 uenenum.

393 2298 498 2341 Tela
526 2299 625 2341 licet
655 2302 815 2341 temnat
845 2298 909 2340 uis
939 2310 1154 2352 squamea,
1187 2300 1338 2339 uentre
1369 2295 1448 2338 sub
1476 2296 1559 2336 imo

392 2356 498 2399 Esse
528 2357 668 2399 locum
699 2357 816 2410 scito,
849 2369 930 2412 quo
963 2355 1124 2398 ferrum
1154 2367 1346 2409 mergere
1377 2353 1440 2395 fas
1472 2357 1556 2406 est3

392 2414 520 2457 Hunc
549 2428 747 2457 mucrone
778 2418 925 2469 petens
955 2412 1140 2455 medium
1171 2411 1389 2454 rimaberis
1420 2424 1616 2465 anguem.

187 2487 225 2514 30
392 2472 504 2515 Hinc
535 2479 720 2515 montem
752 2485 924 2514 securus
955 2470 1036 2525 adi,
1068 2483 1303 2526 pressoque
1334 2468 1473 2524 ligone

393 2530 614 2573 Perfossos
647 2533 835 2572 scrutare
865 2542 1017 2583 cau0s3
1049 2543 1150 2570 mox
1182 2543 1253 2571 ere
1285 2539 1504 2568 crumenas

394 2587 558 2646 Imbue,
591 2587 925 2648 completamque
954 2586 1083 2632 reduc
1113 2586 1166 2632 ad
1196 2586 1341 2629 littora
1370 2583 1557 2644 puppim.

1708 776 1788 841 ¹‹⁰·20‘'}
