1884 3126
727 224 1002 268 —II—
1534 230 1587 272 45

137 352 339 408 figmenta
383 351 542 408 passim
587 351 701 395 aruis
741 351 938 395 incidisse
979 353 1219 409 cognoscit,
1259 354 1368 397 inter
1406 369 1510 411 quas
1551 359 1592 398 et

136 411 268 467 ipsius
290 410 493 454 Thorilde
518 410 676 453 crebris
699 410 852 453 obfusa
883 411 1131 454 uulneribus
1163 412 1325 468 effigies
1357 413 1588 458 uisebatur.

138 470 255 518 Quas
286 469 328 511 in
360 473 521 512 struem
565 473 789 525 congestas
828 470 990 526 ingenti
1020 484 1127 526 pyra
1159 485 1341 514 accensa
1373 473 1590 527 cremauit,

137 541 190 569 ne
221 531 329 570 teter
364 528 646 570 obscenorum
676 527 933 570 cadauerum
966 528 1072 570 odor
1094 528 1294 584 pestifera
1315 529 1592 573 exhalacione

88 598 105 625 5
137 585 330 639 diffusus,
361 586 538 643 propius
560 586 813 629 accedentes
836 587 1125 643 corrupcionis
1149 588 1344 643 contagio
1369 589 1590 632 sauciaret.

138 643 233 693 Quo
278 643 415 699 facto,
457 644 659 700 Regnero
704 644 850 688 Suetie
892 659 1095 701 regnum,
1140 645 1220 687 sibi
1261 659 1363 689 uero
1404 646 1591 702 Regneri

138 702 307 745 thorum
341 703 596 745 conciliauit.
659 703 744 752 Qui
787 703 887 745 licet
917 704 1156 746 tirocinium
1187 704 1351 760 nupciis
1383 705 1591 760 auspicari

138 760 326 803 deforme
350 761 626 815 existimaret,
649 765 818 805 seruate
840 762 987 804 salutis
1005 777 1081 804 sue
1113 767 1310 818 respectu
1336 767 1591 818 prouocatus

138 820 391 875 promissum
423 819 627 862 beneficio
661 819 860 862 exsoluit.

76 891 109 919 10
277 877 395 920 Inter
427 878 505 920 hec
520 878 650 920 Vbbo
683 878 871 934 quidam,
903 892 1095 921 sororem
1127 878 1357 921 Frothonis
1374 878 1592 921 Vluildam

137 936 221 978 iam
254 936 419 992 pridem
451 936 718 978 matrimonio
752 937 1022 993 complexus,
1060 936 1198 978 Danie
1228 951 1429 992 regnum,
1473 938 1590 980 cuius

138 992 501 1051 procuraciolnem
560 995 854 1050 perfunctorie
908 995 1120 1051 gerebat,
1170 996 1318 1037 uxoris
1373 995 1593 1038 nobilitate
1621 997 1701 1032 1‘-73

137 1053 274 1095 fretus
298 1057 490 1109 occupat.
534 1053 823 1102 Quamobrem
846 1053 1021 1105 Frotho,
1055 1053 1238 1096 Orientis
1261 1053 1373 1095 bella
1396 1053 1592 1096 deserere

139 1116 328 1166 coactus,
362 1111 476 1168 apud
500 1110 690 1154 Suetiam
714 1126 816 1154 cum.
833 1111 1072 1154 Suanhuita
1093 1126 1238 1154 sorore
1260 1125 1392 1167 graue
1414 1112 1592 1167 prelium

74 1184 106 1210 15
135 1169 249 1213 facit.
305 1170 401 1218 Quo
432 1169 631 1223 afflictus,
665 1174 805 1224 noctu,
838 1184 1071 1212 conscensa
1102 1170 1265 1226 cymba,
1296 1184 1372 1226 per
1404 1171 1592 1212 occultos

136 1228 426 1283 nauigacionis
466 1228 708 1281 anfractus,
748 1228 1008 1285 perforande
1042 1228 1226 1271 hostium
1257 1228 1400 1270 classis
1432 1228 1593 1270 aditum

140 1286 358 1342 querebat.
427 1285 734 1342 Deprehensus
779 1301 804 1328 a
844 1301 990 1329 sorore
1036 1291 1311 1342 rogatusque,
1359 1300 1432 1327 cur
1464 1287 1593 1329 tacito

138 1344 314 1400 remigio
338 1345 478 1387 uarias
503 1350 717 1387 meatuum
750 1345 952 1401 ambages
985 1349 1248 1402 sequeretur,
1281 1345 1404 1386 simili
1437 1345 1594 1400 questi-

140 1403 232 1445 onis
264 1402 391 1445 modo
425 1408 749 1459 percontantem
782 1403 978 1446 absoluit.
1020 1403 1129 1445 Nam
1152 1403 1388 1446 Suanhuita
1410 1416 1593 1458 quoque,

71 1475 110 1503 20
139 1461 290 1504 eodem
335 1461 473 1503 noctis
515 1466 707 1518 tempore
749 1462 983 1504 solitariam
1025 1461 1349 1517 nauigacionem
1388 1462 1592 1517 ingressa,

140 1519 310 1575 ancipiti
343 1519 641 1564 declinacionis
673 1521 767 1576 giro
801 1520 1055 1576 multiplices
1099 1520 1254 1561 sensim
1285 1520 1424 1562 aditus
1458 1533 1594 1562 reces-

141 1592 298 1634 susque
345 1578 559 1634 captabat.
598 1577 815 1621 ‘Fratrem
861 1579 1004 1635 itaque
1051 1578 1210 1619 dudum
1253 1578 1304 1620 ab
1347 1591 1395 1619 eo
1439 1578 1592 1620 collate

140 1636 219 1678 sibi
259 1635 465 1679 libertatis
506 1637 783 1679 ammonitum
814 1651 966 1692 rogare
999 1637 1129 1692 cepit,
1174 1641 1243 1690 ut,
1276 1650 1402 1692 quam
1436 1636 1591 1678 bellum

140 1694 425 1738 Ruthenicum
457 1696 696 1751 petiturus,
740 1695 964 1738 arbitraria
996 1694 1183 1737 nubendi
1214 1699 1429 1750 potestate
1462 1695 1592 1736 dona-

71 1767 109 1794 25
139 1757 276 1807 uerat,
298 1759 518 1810 assumpto
541 1754 724 1810 coniuge
740 1754 822 1796 frui
835 1755 1065 1810 permittat,
1081 1758 1304 1808 ratumque
1320 1757 1416 1808 post
1432 1752 1591 1795 factum

139 1810 316 1865 habeat,
365 1812 478 1867 quod
509 1812 602 1855 fieri
632 1813 722 1868 ipse
755 1812 1023 1855 concesserit.
1085 1812 1189 1853 Tam
1220 1811 1362 1853 iussstis
1392 1811 1587 1867 precibus
1605 1811 1731 1840 X¹¹¹¹⁸

140 1875 360 1926 permotus
394 1869 554 1913 Frotho
584 1884 731 1926 pacem
765 1884 860 1912 cum
878 1871 1081 1926 Regne1·o
1120 1870 1347 1926 componit,
1380 1869 1594 1911 iniuriam-

143 1942 251 1984 que,
282 1942 409 1983 quam
441 1943 495 1971 ex
527 1930 683 1971 sororis
715 1930 960 1986 petulancia
990 1928 1228 1984 suscepisse
1258 1927 1498 1982 uidebatur,
1530 1942 1593 1970 ro-

142 1986 261 2041 gatui
301 1986 474 2029 remisit.
535 1986 578 2029 A
609 1987 762 2043 quibus
805 1988 937 2030 eciam
969 2001 1122 2041 manu,
1167 1990 1367 2042 quantam
1407 1999 1482 2041 per
1522 1999 1593 2026 eos

74 2056 111 2083 30
141 2045 353 2097 amiserat,
386 2044 591 2100 donatus,
625 2045 816 2088 deforme
848 2046 1003 2088 uulnus
1034 2044 1222 2101 specioso
1254 2044 1458 2086 beneficio
1490 2058 1592 2100 pen-

142 2106 281 2145 satum
314 2102 545 2158 gaudebat.

279 2160 460 2202 Daniam
490 2157 731 2216 ingressus,
774 2165 899 2218 capto
932 2161 1228 2218 perductoque
1258 2161 1312 2203 ad
1344 2174 1390 2203 se
1420 2159 1594 2202 Vbboni

141 2218 320 2274 ignouit,
365 2219 633 2275 ueniamque,
679 2233 806 2276 quam
853 2234 1006 2276 penam
1048 2221 1148 2261 mali
1180 2219 1330 2261 merito
1363 2217 1593 2274 rependere

142 2277 303 2330 maluit,
337 2277 450 2332 quod
481 2291 662 2332 regnum
677 2279 827 2334 pocius
857 2279 1005 2320 uxoris
1036 2278 1235 2334 impulsu,
1269 2291 1395 2333 quam
1426 2275 1594 2331 propria

74 2347 111 2375 35
142 2334 375 2392 cupiditate
407 2339 606 2390 tentasse,
637 2349 717 2378 nec
747 2339 834 2378 tam
866 2340 1016 2378 auctor
1046 2337 1210 2385 iniurie,
1239 2349 1364 2391 quam
1407 2334 1594 2375 imitator

142 2393 273 2435 fuisse
312 2393 544 2436 uideretur.
606 2392 822 2436 Vluildam
869 2394 1005 2437 eidem
1052 2394 1292 2449 ademptam
1339 2392 1473 2434 amico
1514 2404 1591 2432 suo

144 2451 306 2505 Scotto,
350 2452 421 2507 qui
453 2454 494 2493 et
525 2452 616 2507 ipse
648 2452 822 2494 Scottici
863 2453 1041 2495 nominis
1073 2453 1264 2504 conditor
1294 2451 1396 2502 fuit,
1431 2449 1591 2491 nubere

145 2509 298 2565 coegit,
317 2509 430 2552 thori
459 2510 713 2551 uarietatem
744 2510 940 2566 supplicii
971 2511 1065 2553 loco
1097 2515 1315 2566 reputans,
1359 2507 1488 2549 Cuius
1511 2506 1592 2547 dis-

146 2581 310 2610 cessum
341 2567 466 2623 regiis
499 2567 630 2610 eciam
662 2568 868 2610 uehiculis
899 2573 1209 2624 prosequutus,
1242 2566 1435 2608 iniuriam
1467 2565 1593 2607 bene-

76 2636 113 2666 40
144 2626 237 2668 ficio
278 2625 486 2682 pensauit.
547 2625 711 2668 Sororis
751 2626 958 2683 siquidem
997 2630 1212 2678 naturam,
1252 2638 1336 2666 non
1377 2622 1591 2679 ingenium
