1884 3126
103 936 139 963 10

104 1229 138 1256 15

102 1520 139 1547 20

103 1811 139 1839 '25

105 2102 142 2130 30

106 2395 142 2422 35

734 291 783 297 —-
844 267 936 309 XII
998 291 1051 305 ⁷-
1539 264 1623 306 409

171 413 292 440 suum
324 398 512 440 funerari
552 398 725 454 petiuit,
765 396 983 453 prefatus,
1024 398 1225 440 tellurem
1256 396 1432 439 aliorum
1463 396 1624 438 cineres

171 463 439 513 respuentem
484 471 581 498 suos
629 456 818 511 quiecius
865 455 1121 498 habituram.
1183 456 1321 510 Igitur
1363 470 1439 511 pro
1481 459 1583 496 uoto
1620 453 1623 509 Ι

172 516 383 557 tumulum
414 519 576 566 nactus,
608 514 796 570 corporis
830 514 892 555 sui
926 514 1132 555 beneficio
1175 518 1386 555 uetustam
1419 513 1534 555 humi
1566 514 1626 554 in-

172 574 466 628 dignacionem
499 573 722 629 repressit,
762 579 955 627 eamque,
988 572 1183 613 humanis
1216 577 1315 614 ante
1347 571 1626 615 cadaueribus

171 633 475 685 reluctantem,
515 646 598 673 non
643 633 779 674 solum
823 644 923 684 sue,
963 630 1040 672 sed
1074 630 1206 672 eciam
1238 630 1377 672 aliene
1409 631 1627 686 sepulture

171 691 409 747 pacientem
444 690 596 732 effecit.
642 689 878 743 Coniugem
910 703 1080 744 quoque
1114 689 1204 730 eius
1236 688 1351 730 idem
1383 689 1624 744 peregrina·

172 749 301 791 cionis
331 749 452 790 labor
483 748 630 790 finiuit.
693 747 871 802 Iamque
907 750 994 788 tota
1026 747 1137 801 regis
1171 747 1296 802 stirps
1331 747 1540 789 Suenonis
1572 747 1623 788 ad

171 813 258 849 tres
281 812 444 849 tantum
467 807 587 859 filios,
610 806 865 857 Suenonem,
897 804 1121 847 Nicolaum
1146 809 1187 848 et
1203 804 1432 848 Vbbonem
1454 805 1626 859 redacta

171 866 324 907 fuerat.
386 864 509 918 Nam,
541 870 587 906 ut
619 879 671 906 ex
705 878 833 918 supra
866 864 1014 919 positis
1046 863 1191 918 liquet,
1225 862 1456 915 Kanutum,
1489 864 1626 906 Bene-

171 924 329 966 dictum
371 929 499 979 atque
541 923 748 966 Beronem
790 922 946 964 ferrum
990 922 1187 976 abstulit,
1237 927 1402 964 ceteros
1452 924 1626 965 morbus

171 982 418 1037 absumpsit.
1445 998 1449 1002 ’

309 1041 350 1082 Α
372 1040 561 1083 discessu
593 1054 695 1081 uero
717 1039 833 1081 Erici
865 1039 1084 1080 biennium
1115 1039 1366 1092 intercessit,
1399 1042 1626 1094 antequam

171 1099 313 1140 Dania
335 1103 495 1141 certum
518 1099 663 1140 mortis
686 1099 775 1139 eius
798 1097 999 1139 nuncium
1022 1097 1266 1152 accepisset.
1308 1097 1445 1152 Igitur
1467 1097 1623 1152 Sueno,

171 1164 274 1199 natu
324 1157 377 1199 ab
414 1156 540 1199 Erico
582 1156 814 1209 secundus,
854 1159 1077 1212 tantopere
1125 1169 1302 1210 regnum
1351 1157 1476 1198 etatis
1521 1156 1625 1197 fidu-

173 1216 235 1258 cia
267 1216 508 1269 affetcabat,
541 1220 588 1257 ut
620 1213 889 1270 nequaquam
921 1228 1187 1256 communem
1212 1214 1344 1269 patrie
1367 1215 1625 1257 sentenciam

173 1274 350 1316 duceret
367 1274 693 1327 expectandam,
715 1275 953 1328 uocataque
966 1271 1223 1327 Wibergum
1242 1273 1449 1323 concione,
1467 1273 1626 1328 publici

172 1332 363 1374 delectus
395 1332 615 1374 arbitrium
646 1332 771 1373 unius
812 1331 1031 1386 prouincie
1071 1331 1228 1372 iudicio
1259 1345 1511 1386 precurrere
1543 1346 1624 1374 non

173 1391 483 1434 extimesceret.
544 1390 600 1432 Et
646 1389 835 1433 fortassis
882 1404 1050 1431 morum
1101 1403 1273 1431 suorum
1321 1390 1626 1431 obscuritatem

172 1449 473 1505 perspicaciori
504 1463 683 1506 censure
716 1448 979 1490 committere
1019 1448 1262 1500 uerebatur,
1294 1448 1478 1503 ideoque
1509 1448 1624 1489 fasti-

171 1509 286 1563 gium
318 1508 543 1563 paucitatis
577 1520 787 1549 consensu
819 1520 970 1562 rapere
1002 1520 1129 1562 quam
1166 1506 1380 1548 fortunam
1413 1521 1533 1548 suam
1565 1507 1625 1548 in-

173 1571 289 1608 certo
336 1565 614 1607 multitudinis
661 1565 834 1608 decreto
882 1565 1090 1606 subiicere
1132 1564 1303 1618 maluit,
1350 1565 1626 1620 parciumque

173 1624 385 1679 suffragiis
447 1637 687 1679 occupare,
750 1622 862 1678 quod
921 1623 1217 1665 uniuersorum
1270 1629 1360 1664 erat
1411 1624 1625 1666 sentencia

173 1683 460 1725 tribuendum.
506 1682 589 1724 Sed
616 1681 715 1723 dum
741 1683 868 1724 citato
892 1682 1084 1737 equitatu
1108 1696 1277 1730 cursum
1301 1681 1355 1723 ad
1379 1681 1627 1736 Wibergice

173 1741 382 1783 concionis
415 1742 554 1782 locum
596 1740 765 1795 dirigit,
809 1740 995 1796 corporis
1038 1740 1238 1782 firmitate
1282 1739 1497 1792 defectus,
1541 1754 1624 1795 quo

171 1799 306 1841 lenius
349 1799 694 1854 commodiusque
737 1798 941 1853 ferretur,
990 1801 1194 1854 carpento
1235 1813 1280 1840 se
1313 1798 1451 1852 excipi
1490 1798 1626 1852 iussit,

173 1856 413 1911 affirmans,
455 1857 643 1899 hilariter
685 1856 920 1911 obiturum,
963 1857 997 1899 si
1037 1857 1188 1898 saltem
1228 1857 1307 1898 sub
1347 1857 1459 1911 regis
1501 1856 1625 1898 titulo

173 1915 358 1957 triduum
399 1917 627 1970 exegisset.
688 1914 841 1971 Neque
882 1916 993 1957 enim
1033 1929 1262 1957 neruorum
1305 1914 1520 1956 hebetudo
1553 1919 1628 1956 aut

173 1974 457 2016 membrorum
490 1973 665 2015 tarditas
696 1973 995 2015 festinabunde
1028 1974 1180 2015 mentis
1213 1987 1382 2015 cursum
1404 1974 1628 2016 reflectere

173 2032 327 2088 potuit.
390 2031 473 2073 Sed
508 2033 561 2073 ob
594 2031 730 2074 morbi
775 2032 1112 2086 magnitudinem
1143 2032 1268 2073 huius
1302 2046 1473 2087 quoque
1505 2045 1628 2073 usum

173 2104 364 2145 perosus,
396 2090 594 2132 ministris
625 2104 859 2146 properare
891 2090 1028 2144 iussis,
1064 2091 1260 2132 lecticam
1293 2090 1502 2145 poposcit,
1535 2104 1629 2144 pre--

173 2148 301 2201 fatus,
332 2148 389 2189 nil
419 2162 465 2189 se
498 2154 767 2202 curaturum,
815 2149 850 2190 si
890 2162 963 2190 rex
996 2164 1021 2191 a
1052 2149 1212 2204 populo
1260 2149 1469 2190 salutatus
1511 2148 1630 2203 spiri-

175 2211 265 2248 tum
305 2207 348 2247 in
390 2208 592 2249 concione
634 2206 877 2262 deponeret.
938 2206 1168 2248 Enimuero
1214 2206 1451 2263 insopibilis
1497 2206 1628 2248 ambi-

176 2265 321 2313 ciolnis
364 2265 478 2306 calor
518 2265 805 2308 imbecillitate
846 2265 1036 2320 superari
1079 2280 1162 2307 non
1196 2265 1346 2320 potuit.
1409 2264 1492 2306 Sed
1526 2264 1627 2306 dum

175 2323 355 2365 aduerse
382 2323 626 2365 ualitudinis
647 2324 872 2366 immemor
893 2337 1022 2379 supra
1043 2324 1156 2366 uires
1181 2323 1426 2364 concionem
1449 2323 1626 2378 appetit,

173 2395 257 2422 non
305 2395 437 2436 regno
485 2381 645 2435 fatum,
693 2381 766 2422 sed
813 2381 901 2422 fato
954 2382 1071 2436 regni
1124 2381 1296 2422 titulum
1348 2381 1624 2436 precucurrit.

175 2439 382 2481 Restabat
413 2439 563 2494 igitur,
606 2445 652 2481 ut
684 2440 793 2481 circa
826 2438 1050 2480 Nicolaum
1083 2439 1400 2494 Vbbonemque
1435 2439 1627 2481 delectus

177 2501 467 2553 perageretur.
529 2494 641 2538 Nam
673 2495 889 2539 Haraldus
927 2512 1090 2539 summa
1122 2497 1199 2539 sibi
1232 2497 1499 2552 popularium
1532 2496 1629 2538 odia

175 2555 436 2611 iniquissima
468 2555 587 2610 regni
619 2555 1002 2597 amministracione
1031 2561 1269 2611 pepererat.
1318 2553 1500 2610 Quippe,
1532 2569 1629 2610 pro-

178 2614 403 2655 curacione
434 2613 476 2654 in
508 2613 758 2655 calumniam
791 2628 929 2666 uersa,
961 2618 1049 2655 tam
1080 2613 1178 2655 fede
1209 2628 1254 2655 se
1285 2617 1456 2667 tamque
1488 2612 1628 2654 defor-

110 2684 146 2714 40
178 2671 299 2715 miter
333 2674 534 2728 gesserat,
566 2675 625 2725 ut,
656 2671 826 2714 abiecto
857 2671 1021 2715 iusticie
1052 2673 1192 2725 cultu,
1233 2670 1391 2728 rapinis
1423 2686 1472 2716 ac
1501 2671 1631 2717 latro-

1680 529 1708 554 p.
1727 520 1778 547 614

1683 2274 1709 2298 p.
1729 2266 1779 2291 615
