1884 3126
276 1081 292 1107 5

259 1369 290 1395 10

255 1657 289 1685 15

250 1947 287 1973 20

689 637 954 693 SAXONIS
1001 639 1389 694 GRAMMATICI

643 755 1058 799 HISTORIE
1109 757 1431 800 DANICE

858 861 1003 895 LIBER
1030 862 1223 896 PRIMVS.

462 976 567 1052 Dan
599 1011 727 1065 igitur
758 1016 801 1053 et
823 1012 979 1068 Angul,
1011 1027 1036 1054 a
1067 1013 1217 1068 quibus
1240 1013 1460 1054 Danorum
1483 1014 1593 1068 cepit
1626 1013 1757 1067 origo,

323 1077 444 1127 patre
465 1072 651 1114 Humblo
674 1075 894 1129 procreati,
918 1089 1000 1116 non
1023 1076 1158 1116 solum
1177 1075 1415 1117 conditores
1441 1075 1579 1130 gentis
1602 1079 1757 1128 nostre,

322 1144 469 1172 uerum
517 1131 647 1172 eciam
694 1137 881 1174 rectores
923 1133 1054 1174 fuere.
1131 1133 1384 1187 Quanquam
1423 1132 1571 1184 Dudo,
1617 1147 1756 1174 rerum

322 1188 673 1242 Aquitanicarum
694 1190 882 1244 scriptor,
915 1190 1062 1232 Danos
1094 1206 1119 1231 a
1147 1190 1305 1231 Danais
1329 1194 1440 1232 ortos
1474 1195 1756 1245 nuncupatos-

323 1260 404 1300 que
437 1252 673 1288 recenseat.
734 1247 793 1288 Hi
824 1247 921 1290 licet
953 1248 1197 1290 fauentibus
1228 1248 1363 1303 patrie
1396 1248 1503 1290 uotis
1534 1248 1652 1302 regni
1684 1248 1756 1289 do—

322 1303 449 1345 minio
472 1304 725 1358 potirentur,
757 1319 983 1360 rerumque
1004 1321 1209 1347 summam
1234 1306 1288 1347 ob
1313 1306 1483 1361 egregia
1502 1305 1756 1348 fortitudinis

321 1361 472 1403 merita
517 1363 843 1405 assentientibus
890 1364 1044 1405 ciuium
1092 1363 1301 1417 suffragiis
1343 1363 1607 1416 obtinerent,
1652 1364 1757 1419 regii

324 1424 464 1460 tamen
497 1420 675 1461 nominis
708 1425 904 1476 expertes
938 1421 1172 1476 degebant,
1205 1422 1323 1463 cuius
1355 1435 1477 1463 usum
1508 1422 1624 1462 nulla
1655 1426 1756 1463 tunc

322 1476 521 1531 temporis
564 1478 677 1533 apud
722 1483 887 1520 nostros
939 1478 1291 1521 consuetudinum
1339 1479 1635 1534 frequentabat
1685 1493 1757 1521 au-

322 1535 510 1576 ctoritas.

457 1591 525 1633 Ex
568 1592 719 1647 quibus
760 1594 927 1648 Angul,
968 1608 994 1635 a
1038 1609 1121 1650 quo
1164 1594 1304 1650 gentis
1334 1593 1512 1649 Anglice
1555 1594 1758 1649 principia
1809 1619 1815 1627 ·

319 1663 513 1691 manasse
554 1651 756 1693 memorie
797 1651 1010 1707 proditum
1052 1656 1137 1706 est,
1180 1666 1332 1694 nomen
1374 1666 1495 1693 suum
1528 1652 1756 1707 prouincie‚

320 1707 386 1748 cui
428 1712 617 1762 preerat,
657 1709 886 1763 aptandum
932 1710 1121 1764 curauit,
1164 1710 1250 1752 leui
1295 1710 1559 1751 monumenti
1602 1724 1758 1765 genere

318 1778 548 1819 perennem
578 1766 641 1807 sui
673 1768 866 1808 noticiam
899 1767 1144 1810 traditurus.
1209 1767 1337 1810 Cuius
1369 1781 1632 1810 successores
1663 1772 1759 1823 post

318 1822 489 1864 modum
512 1823 733 1866 Britannia
765 1825 889 1880 potiti
919 1826 1102 1880 priscum
1133 1825 1270 1868 insule
1291 1839 1446 1867 nomen
1476 1839 1588 1867 nouo
1622 1826 1758 1880 patrie

318 1895 392 1922 sue
424 1881 635 1923 uocabulo
669 1886 973 1936 permutarunt.
1034 1883 1180 1937 Magni
1210 1882 1253 1925 id
1290 1883 1448 1925 factum
1483 1898 1507 1924 a
1538 1883 1757 1925 ueteribus

319 1938 572 1981 estimatum.
634 1940 772 1983 Testis
815 1945 878 1982 est
918 1940 1038 1982 Beda
1078 1939 1200 1995 [hist.
1231 1942 1326 1983 eccl.
1359 1940 1390 1982 I
1418 1941 1468 1981 15
1499 1941 1632 1997 sqq),
1675 1955 1757 1983 non

317 1996 489 2037 minima
518 2011 614 2052 pars
647 1997 780 2040 diuini
809 1999 905 2050 stili,
939 1999 1008 2054 qui
1039 1999 1081 2040 in
1112 1998 1270 2053 Anglia
1303 2003 1442 2050 ortus,
1488 1999 1758 2041 sanctissimis

318 2068 490 2095 suorum
514 2055 778 2098 uoluminum
799 2057 1009 2099 thesauris
1031 2071 1097 2098 res
1115 2056 1272 2110 patrias
1295 2056 1451 2099 sociare
1476 2070 1575 2099 cure
1597 2056 1757 2110 habuit,

318 2126 424 2167 eque
456 2112 507 2152 ad
539 2114 787 2168 religionem
818 2115 1031 2171 pertinere
1061 2114 1270 2167 iudicans,
1312 2114 1448 2170 patrie
1486 2114 1596 2157 facta
1626 2115 1757 2157 literis

317 2169 527 2212 illustrare
560 2176 603 2214 et
633 2186 698 2214 res
731 2172 893 2214 diuinas
932 2172 1205 2214 conscribere.

454 2226 616 2270 Verum
648 2243 673 2271 a
703 2230 799 2271 Dan
831 2228 899 2285 (ut
928 2230 1010 2272 fert
1051 2229 1297 2285 antiquitas)
1338 2244 1482 2285 regum
1516 2234 1755 2272 nostrorum

316 2290 563 2339 stemmata,
604 2301 681 2328 ceu
714 2287 898 2342 quodam
930 2288 1122 2329 deriuata
1148 2287 1375 2343 principiO,
1416 2288 1633 2342 splendido
1666 2303 1756 2330 suc-

316 2343 520 2385 cessionis
553 2345 698 2387 ordine
724 2346 1036 2401 profluxerunt.
1097 2345 1212 2387 Huic
1253 2345 1326 2386 filii
1357 2344 1571 2387 Humblus
1605 2351 1645 2387 et
1676 2346 1755 2388 Lo-

317 2401 463 2443 therus
494 2401 626 2456 fuere,
661 2418 714 2445 ex
748 2402 923 2458 Grytha,
961 2416 1122 2445 summe
1150 2403 1259 2445 inter
1291 2402 1506 2446 Teutones
1538 2403 1754 2458 dignitatis

317 2463 520 2510 matrona,
552 2461 754 2517 suscepti.

453 2517 624 2559 Lecturi
666 2532 809 2573 regem
852 2521 1017 2560 ueteres
1056 2518 1192 2559 affixis
1235 2518 1362 2560 humo
1405 2519 1517 2560 saxis
1551 2518 1756 2570 insistere,

319 2574 606 2631 suffragiaque
635 2590 831 2633 promere
874 2579 1205 2630 consueuerant,
1249 2576 1534 2618 subiectorum
1571 2576 1757 2632 lapidum

1763 640 1879 672 111b(5

1792 684 1817 708 p,
1838 676 1869 701 21
