1884 3126
271 857 304 884 10

272 1143 303 1170 15

267 1431 305 1457 20

268 2007 303 2034 30

269 2294 305 2322 35

270 2586 306 2613 40

336 207 418 247 574
868 222 920 229 —
981 193 1118 236 XIIII
1177 219 1231 225 --

335 329 466 385 pactis
509 327 688 368 exicium
731 327 1045 379 precurrentes,
1088 335 1205 362 suam
1239 325 1366 375 atque
1410 319 1522 360 urbis
1554 319 1770 360 incolumi-

336 395 463 427 tatem
495 382 647 438 pacisci
679 395 760 422 non
794 380 1001 431 differant,
1034 378 1248 433 prefatus,
1281 393 1327 418 se
1360 377 1590 418 uoluntatis
1624 391 1768 418 eorum

335 444 529 484 indicium
562 438 762 494 postridie
795 440 1040 477 relaturum.
1102 437 1316 483 Preterea,
1347 437 1421 483 ise
1454 440 1573 490 patre
1597 435 1769 489 Littogo

338 498 538 541 Kai·‹=ntie
571 501 715 537 natum
748 492 1083 548 Gra<n>za1nque
1107 494 1202 544 dici,
1235 493 1531 545 asseuerabatg
1565 493 1770 548 presentis

337 557 450 597 urbis
482 567 564 595 non
598 554 754 603 ciuem,
794 551 866 592 sed
908 551 1113 592 aduenam
1156 565 1274 602 esse,
1307 565 1385 591 nec
1426 551 1466 591 in
1499 565 1589 591 eam
1621 555 1772 605 sponte

335 612 585 668 profectum,
629 609 702 651 sed
737 623 827 649 cum
870 609 962 649 aliis
1004 609 1113 649 iuter
1144 608 1437 662 supplementa
1469 607 1771 648 transmissum.

337 669 458 717 Quod
511 682 563 708 ne
614 667 905 708 fraudulenter
957 680 1145 707 asserere
1196 671 1445 720 putaretur,
1506 665 1771 707 debilitatum

334 727 511 767 uulnere
552 725 752 766 lacertum
794 724 1001 776 ostendit,
1033 724 1120 764 sine
1162 724 1280 764 cuius
1320 737 1400 764 usu
1447 723 1609 764 ciuibus
1650 736 1770 777 opem

336 784 444 824 ferre
479 796 559 823 non
593 787 748 836 posset.
794 782 996 834 Absalon,
1028 782 1067 821 in
1096 782 1261 822 homine
1294 784 1379 821 tam
1402 781 1588 835 grauiter
1621 781 1772 821 affecto

334 856 479 896 parum
515 840 715 880 momenti
750 839 934 880 hostium
967 839 1128 879 uiribus
1161 838 1362 879 accedere
1392 838 1603 890 iudicans,
1634 838 1773 893 parui-

336 912 415 953 que
448 898 630 946 ducens,
663 911 806 951 pugne
850 911 902 936 an
935 896 1165 938 dedicionis
1198 897 1388 937 hortator
1421 896 1638 949 existeret,
1669 895 1771 951 peti-

336 956 495 996 cionem
544 955 632 995 eius
680 955 730 994 ad
780 956 889 1008 regis
935 955 1152 996 arbitrium
1205 955 1439 1008 relegauit,
1486 968 1534 995 ac
1579 954 1772 1008 protinus

334 1012 656 1053 Waldemarum
701 1026 723 1051 e
755 1027 902 1053 somno
937 1013 1167 1053 excitatum
1200 1011 1424 1053 consuluit.
1486 1011 1525 1052 A
1568 1025 1650 1066 quo
1684 1025 1773 1052 rem

335 1070 507 1111 arbitrio
541 1083 615 1110 suo
650 1074 830 1111 tractare
863 1071 1015 1121 iussus,
1048 1070 1313 1124 exspectanti
1345 1070 1545 1122 barbaro,
1579 1069 1718 1109 omnia
1750 1082 1774 1108 a

335 1142 436 1182 rege
477 1132 618 1182 preter
660 1127 787 1167 tridui
828 1127 1018 1168 inducias
1058 1141 1282 1180 concessa,
1315 1127 1551 1183 respondit,
1594 1126 1773 1167 sollicite

335 1186 587 1240 prouidens,
630 1199 682 1225 ne
721 1185 909 1226 hostibus
959 1186 1129 1239 longum
1179 1185 1406 1226 muniende
1450 1185 1563 1226 urbis
1607 1189 1774 1239 tempus

336 1243 522 1284 daretur.
595 1241 791 1283 Ceterum
834 1244 1095 1298 insequentis
1139 1242 1218 1283 diei
1260 1242 1470 1297 spacium,
1514 1257 1565 1283 ne
1608 1243 1775 1282 omnino

335 1301 598 1341 induciarum
629 1305 849 1354 expertem
884 1301 1124 1342 dimitteret.
1158 1301 1393 1355 pollicetur,
1426 1300 1628 1355 prefatus,
1662 1300 1703 1340 ni
1733 1299 1774 1339 in

336 1359 494 1411 littore,
527 1357 638 1412 quod
672 1357 761 1398 urbi
785 1373 859 1399 sue
883 1360 1120 1411 proximum
1145 1359 1266 1410 foret,
1299 1373 1343 1399 se.
1377 1372 1468 1398 cum
1503 1357 1613 1399 omni
1637 1357 1774 1411 Rugic

335 1417 518 1471 primatu
567 1421 758 1470 tempore
802 1416 991 1470 predicto
1040 1416 1208 1457 obuium
1261 1416 1523 1470 prebuisset,
1575 1415 1772 1456 ult1=ri0m

336 1473 550 1528 paccionis
584 1473 700 1514 aditu
726 1474 965 1515 cariturum.
1029 1474 1208 1515 l'ostero
1234 1473 1299 1515 die
1323 1473 1538 1515 Esbernus
1571 1487 1618 1513 ac
1642 1473 1773 1522 Suno,

335 1532 506 1571 iubente
539 1545 651 1585 rege,
681 1531 948 1572 simulacrum
983 1532 1193 1582 euersuri,
1235 1532 1344 1586 quod
1390 1533 1476 1572 sine
1516 1531 1616 1572 ferri
1658 1531 1773 1572 mini-

338 1589 468 1630 sterio
502 1589 681 1630 conueili
704 1589 921 1643 nequibat,
954 1590 1099 1642 auleis,
1133 1589 1284 1641 quibus
1308 1590 1506 1630 sacellum
1539 1590 1776 1643 tegebatur,

336 1647 571 1690 abstractis,
604 1646 785 1688 famulos
826 1647 1063 1694 succidendi
1110 1647 1292 1689 ofticium
1324 1649 1509 1702 arripere
1547 1647 1684 1688 iussos
1716 1651 1775 1686 at-

335 1704 498 1746 teueius
531 1717 702 1745 monere
737 1710 953 1759 ceperunt,
988 1710 1033 1745 ut
1065 1705 1289 1747 aduersum
1314 1709 1428 1746 tante
1458 1706 1579 1745 molis
1612 1706 1773 1746 ruinam

336 1762 503 1804 caucius
542 1776 586 1802 se
630 1767 847 1815 gererent,
889 1776 965 1815 ne,
1009 1763 1096 1803 eius
1142 1763 1328 1817 pondere
1362 1764 1575 1817 oppressi,
1616 1762 1773 1804 infesto

335 1820 494 1861 numini
542 1833 675 1874 penas
720 1820 839 1860 lucre
883 1825 1145 1875 putarentur.
1218 1820 1389 1861 Interea
1434 1820 1579 1861 fanum
1624 1821 1774 1873 ingens

337 1878 643 1932 oppidanorum
668 1878 907 1932 frequencia
943 1878 1240 1929 circunstabat,
1266 1878 1595 1919 Suantouithum
1631 1878 1773 1918 talium

333 1936 577 1976 iniuriarum
602 1941 797 1975 auctores
819 1936 981 1978 infestis
1004 1936 1184 1977 numinis
1204 1937 1265 1977 sui
1291 1936 1447 1977 uiribus
1471 1937 1774 1987 insecuturum,

335 1994 612 2048 sperancium.
673 1993 848 2048 Iamque
883 1998 1035 2044 statua,
1070 2000 1259 2034 extrema
1294 1993 1490 2034 tibiarum
1531 1999 1650 2048 parte
1682 2006 1774 2047 pre-

337 2053 434 2103 cisa,
467 2051 703 2105 propinquo
747 2051 898 2105 parieti
942 2052 1089 2105 supina.
1122 2052 1279 2092 incidit.
1343 2051 1472 2092 Cuius
1515 2049 1774 2092 extrahendo

336 2108 478 2163 gracia
525 2108 638 2149 Suno
686 2109 897 2149 ministros
944 2108 996 2150 ad
1041 2108 1225 2149 eiusdem
1274 2110 1445 2163 parietis
1487 2109 1774 2150 deieccionem

336 2167 555 2220 hortatus,
600 2180 751 2207 cauere
791 2167 930 2220 iussit,
972 2181 1024 2207 ne
1066 2166 1304 2208 succidendi
1352 2166 1554 2208 auiditate
1589 2165 1774 2221 pericula

336 2238 412 2266 sua
443 2237 591 2278 parum
623 2224 889 2278 dispicerent,
922 2239 1003 2265 neu
1036 2238 1080 2265 se
1112 2225 1271 2265 labenti
1293 2229 1431 2265 statue
1462 2238 1537 2279 per
1569 2224 1774 2265 incuriam

336 2281 611 2337 proterendos
645 2282 886 2324 obiicerent.
929 2282 1114 2323 Ruinam
1135 2282 1344 2323 simulacri
1376 2296 1459 2322 non
1493 2282 1582 2322 sine
1604 2281 1774 2334 fragore

337 2340 489 2380 humus
514 2336 708 2394 exceflpit.
741 2339 940 2381 Preterea
965 2340 1161 2394 frequens
1179 2339 1300 2381 edem
1322 2354 1506 2395 purpura
1530 2340 1773 2393 circunpen-

337 2396 492 2450 debat,
538 2397 674 2438 nitore
719 2397 886 2451 quidem
935 2398 1118 2452 predita,
1162 2398 1235 2438 sed
1276 2398 1356 2438 situ
1401 2402 1482 2437 tam
1526 2397 1682 2451 putris,
1730 2400 1774 2436 ut

339 2459 498 2496 tactum
541 2454 650 2495 ferre
689 2469 773 2495 non
816 2462 972 2510 posset.
1033 2455 1122 2496 Nec
1162 2455 1416 2496 siluestrium
1458 2455 1684 2495 bestiarum
1716 2453 1775 2494 in-

340 2512 496 2553 usitata
540 2526 696 2553 cornua
738 2511 936 2565 defuere,
980 2527 1061 2554 non
1104 2513 1240 2553 minus
1280 2516 1428 2567 suapte
1468 2517 1620 2553 nutura
1652 2524 1774 2564 quam

337 2570 450 2612 cultu
485 2570 686 2613 miranda.
749 2569 913 2611 Demon
956 2571 998 2611 in
1040 2570 1151 2612 furui
1191 2571 1380 2612 animalis
1413 2570 1549 2624 figura
1581 2574 1775 2624 penetra-
