1884 3126
765 199 1010 241 —I—
1562 204 1616 246 33

167 330 404 387 exegisset,
436 328 610 372 tandem
642 328 852 371 diutinum
883 329 992 372 ruris
1014 330 1175 372 cultum
1208 329 1464 387 nimiamque
1495 331 1619 374 mari-

166 390 365 432 timarum
396 402 537 430 rerum
570 387 875 431 abstinenciam
900 393 1098 454 causatus
1121 393 1163 432 et
1184 389 1303 445 quasi
1323 388 1481 432 bellum
1513 403 1618 446 pace

166 447 393 491 iocundius
433 450 574 501 ratus,
615 445 772 489 talibus
813 461 859 489 se
898 446 1038 502 ipsum
1081 448 1253 503 culpare
1295 447 1455 491 desidie
1485 447 1618 491 modis

167 506 439 563 aggreditur:

119 616 136 643 5
246 634 249 636 >
447 597 560 648 Quid
591 612 734 641 moror
764 597 807 640 in
838 598 1015 642 latebris
1048 599 1204 655 opacis,

444 656 635 699 Collibus
667 657 896 713 implicitus
927 659 1153 714 scruposis,

442 714 533 757 Nec
563 729 679 758 mare
711 729 827 759 more
858 729 1016 783 sequor
1047 716 1208 772 priori?
1639 731 1667 757 p·
1689 723 1722 750 54

441 773 582 830 Eripit
613 789 668 816 ex
699 775 834 817 oculis
869 775 1056 831 quietem

441 831 635 888 Agminis
666 832 923 888 increpitans
955 833 1089 887 lupini

99 908 136 935 10
443 890 626 942 Stridor,
658 896 701 933 et
734 905 870 948 usque
901 892 1049 947 polum
1079 891 1248 934 leuatus

445 949 632 998 Questus
662 949 874 992 inutilium
907 949 1094 992 ferarum

442 1007 756 1065 Inpaciensque
786 1008 902 1064 rigor
932 1008 1117 1052 leonum.

442 1065 599 1108 Tristia
629 1070 729 1109 sunt
759 1067 862 1123 iuga
895 1068 1158 1123 uastitasque

442 1124 697 1168 Pectoribus
730 1128 918 1166 truciora
949 1125 1047 1167 fisis.

98 1200 134 1227 15
444 1182 647 1225 Officiunt
678 1183 844 1239 scopuli
878 1183 1065 1238 rigentes

441 1240 726 1297 Difficilisque
757 1242 863 1284 situs
895 1239 1087 1284 locorum

441 1299 656 1342 Mentibus
689 1314 829 1367 equor
852 1314 995 1342 amare
1027 1300 1172 1342 suetis.

441 1357 553 1400 Nam
585 1357 696 1400 freta
727 1358 913 1414 remigiis
944 1359 1141 1414 probare,

443 1415 586 1458 Officii
617 1417 795 1473 poeioris
829 1421 955 1470 esset,

95 1491 133 1519 20
438 1474 654 1517 Mercibus
685 1489 734 1518 ac
765 1475 911 1531 spoliis
944 1489 1088 1530 ouare,
1622 1480 1670 1509 Xb

0 1563 7 1584 f
441 1532 528 1575 Era.
560 1533 698 1575 aliena
730 1534 850 1590 sequi
880 1533 1049 1587 locello,

0 1585 10 1639 ἱ
439 1590 693 1648 Equor<e>is
724 1592 888 1634 inhiare
918 1592 1060 1646 lucris,

0 1642 10 1665 ¹
442 1649 582 1698 Quam
613 1649 802 1692 salebras
834 1664 1145 1706 nemorumque
1176 1650 1314 1692 flexus
1642 1663 1669 1690 p·
1691 1654 1725 1681 55

440 1707 497 1750 Et
527 1709 691 1752 steriles
723 1707 917 1751 habitare
947 1710 1093 1752 saltus.

96 1827 132 1855 25
304 1812 433 1856 Cuius
460 1829 583 1869 uxor,
625 1815 777 1856 ruralis
818 1815 906 1857 uite
946 1815 1089 1857 studio
1131 1814 1436 1856 maritimarum
1477 1813 1619 1856 auium
1644 1827 1714 1861 (18)

0 1870 26 1943 i}
164 1872 396 1914 matutinos
427 1877 598 1929 pertesa
629 1877 877 1926 concentus,
910 1878 1115 1929 quantum
1146 1873 1188 1914 in
1221 1873 1480 1915 siluestrium
1502 1872 1618 1914 loco-

166 1944 256 1972 rum
288 1945 369 1972 usu
401 1931 636 1987 uoluptatis
668 1935 910 1988 reponeret,
942 1931 1020 1974 hac
1051 1945 1161 1974 uoce
1195 1932 1382 1974 detexit:

333 2024 404 2066 Me
437 2038 618 2067 canorus
650 2025 767 2079 angit
799 2025 886 2067 ales
917 2025 1212 2067 immorantem
1243 2025 1373 2067 littori

331 2081 388 2123 Et
419 2083 584 2140 soporis
615 2083 876 2139 indigentem
909 2083 1136 2138 garriendo
1171 2083 1367 2126 concitat.

96 2154 133 2181 30
331 2140 446 2182 Hinc
476 2151 653 2184 sonorus
685 2145 854 2185 estuose
886 2143 1093 2184 mocionis
1130 2142 1314 2197 impetus

332 2197 401 2239 Ex
433 2199 568 2241 ocello
601 2199 849 2243 dormientis
880 2200 981 2242 mite
1013 2200 1144 2243 demit
1177 2199 1328 2253 ocium,

333 2255 425 2299 Nec
455 2256 552 2299 sinit
582 2271 765 2313 pausare
797 2263 927 2301 noctu
957 2272 1127 2314 mergus
1159 2258 1246 2300 alte
1276 2256 1484 2313 garrulus,

333 2315 521 2357 Auribus
553 2314 775 2358 fastidiosa
806 2316 994 2359 delicatis
1025 2317 1228 2370 inserens,

316 2372 423 2415 *Nec
453 2373 671 2416 uolentem
704 2374 920 2418 decubare
950 2376 1132 2417 recreari
1162 2374 1353 2426 sustinet,

99 2444 136 2475 35
332 2430 536 2474 Tristiore
567 2432 751 2474 flexione
781 2432 872 2476 dire
901 2434 1020 2476 uocis
1053 2433 1318 2488 obstrepens.

2 2500 15 2586 ἱ
334 2488 492 2533 ‘Tucius
523 2489 640 2532 siluis
671 2490 897 2533 fruendum
930 2491 1181 2546 dulciusque
1213 2503 1379 2532 censeo.

14 2583 15 2586 ,
337 2547 441 2596 Quis
471 2549 611 2590 minor
642 2548 792 2604 quietis
823 2563 927 2592 usus
958 2550 1066 2602 luce,
1096 2552 1222 2591 nocte
1255 2547 1453 2602 carpitur,

0 2603 32 2684 {1²
338 2605 474 2655 Quam
504 2606 675 2649 marinis
708 2607 922 2651 immorari
952 2606 1201 2651 fluctuando
1234 2605 1448 2647 motibus?

4 2693 14 2729 i

5 2747 12 2766 t

100 2677 179 2704 Saxo
198 2679 432 2707 Grammaticus.
1593 2672 1615 2707 3
