1884 3126
59 959 96 985 10

66 1287 97 1314 15

57 1580 95 1606 20

52 2159 88 2186 30

53 2446 90 2473 35

712 239 763 245 —
829 215 890 274 Ἡ
961 240 1001 244 -
1497 223 1580 265 213

412 343 630 400 Temporis
662 344 842 388 formam
875 351 1060 401 reuocat,
1092 353 1316 405 monetque

549 401 686 444 Multa
717 402 876 447 dolere.

410 494 519 535 Nam
551 510 674 537 secus
707 511 832 551 quam
866 502 911 539 tu
943 499 1079 540 scelus
1111 500 1355 543 estimamus

410 553 624 607 Hostium,
657 568 763 609 quos
796 570 907 597 nunc
936 556 1171 611 ueneraris3
1204 558 1315 600 unde

410 611 558 653 Prisca
590 613 782 654 noscenti
813 613 941 655 facies
972 615 1152 657 molesta
1186 620 1248 657 est

548 669 771 726 Temporis
803 671 942 714 huius.

407 763 471 805 Re
505 765 638 819 magis
671 765 786 806 nulla
818 779 1015 821 cuperem
1048 767 1175 820 beari,

407 822 449 863 Si
483 823 558 875 tui,
594 822 770 877 Frotho,
803 824 935 878 iuguli
968 830 1170 867 nocentes

410 880 588 922 Debitas
622 881 727 922 tanti
760 882 930 924 sceleris
964 883 1153 926 uiderem

546 939 741 982 Pendere
774 955 919 996 penas.

265 1041 449 1082 Tantum
491 1048 633 1084 autem
678 1043 859 1085 monitus
893 1045 956 1085 sui
998 1045 1268 1086 incitamento
1302 1046 1488 1101 profecit.
1532 1051 1576 1087 ut

127 1099 179 1139 ab
204 1100 349 1141 enerui
373 1106 412 1141 et
435 1100 681 1155 ftigescenti
703 1103 844 1143 animo
871 1103 1004 1143 ueluti
1028 1103 1209 1158 quadam
1237 1104 1575 1158 reprehensionis

128 1158 242 1198 silice
261 1158 631 1213 flagrantissimum
649 1159 909 1202 fortitudinis
929 1161 1067 1215 ignem
1087 1161 1352 1204 extunderet.
1388 1163 1574 1203 Primum

131 1216 240 1257 enim
275 1231 350 1257 rex
384 1231 542 1258 uacuas
575 1217 750 1259 carmini
781 1233 905 1259 aures
936 1219 1116 1274 prebuit⁷
1150 1219 1301 1261 deinde
1334 1218 1575 1275 impensiori

129 1273 368 1316 educatoris
402 1275 463 1315 sui
488 1275 726 1317 hortamine
750 1277 994 1328 concitatus,
1028 1292 1170 1318 serum
1193 1278 1367 1319 ulcionis
1395 1279 1572 1320 calorem

128 1333 283 1389 animo&
303 1334 444 1389 traxit,
479 1334 722 1393 oblitusque
757 1335 951 1383 conuiue,
988 1334 1331 1378 hostem'induit]
1389 1335 1457 1377 Ad
1481 1336 1574 1377 ulti-

126 1384 723 1445 m‘u‘i‘fi'“di'sculiitis‘euolans‘,⁷
744 1392 1001 1433 omnmn‘nc
1033 1408 1104 1434 sue
1129 1407 1371 1447 procursum
1402 1394 1441 1434 in
1476 1409 1573 1435 eon-

127 1454 323 1491 sessores
361 1449 536 1503 effud‘it‚‘
583 1451 640 1491 ita
667 1455 718 1491 'ut
750 1450 907 1492 ferrum
955 1451 1160 1493 aduersus
1208 1451 1419 1505 Suertingi
1466 1452 1572 1493 filios

126 1514 303 1549 cruenta
325 1508 552 1550 seueritate
581 1507 764 1550 nudaret
794 1514 846 1562 et,
880 1523 1058 1565 quorum
1085 1510 1226 1563 gulam
1251 1523 1394 1550 mense
1417 1509 1572 1551 deliciis

126 1564 306 1619 fouerat⁷
340 1565 543 1608 desti-icto
568 1567 779 1608 'mucrone
807 1566 999 1621 ‘iugulum
1033 1572 1211 1622 peteret.
1281 1567 1360 1608 His
1391 1582 1573 1622 namque

126 1624 584 1679 COUffiDEssstllqidflfiS,
608 1638 728 1665 sacra
750 1640 894 1666 mense
916 1626 1120 1680 sanguine
1143 1625 1336 1666 inuoluit.
1362 1625 1570 1666 infirmum

126 1681 337 1723 societatis
377 1683 597 1724 uinculum
635 1683 826 1735 diremit,
870 1683 1287 1738 erubescendumque
1329 1683 1568 1724 conuiuium

127 1739 298 1794 egregia
339 1740 589 1783 crudelitate
632 1741 831 1794 mutauit,
879 1746 1005 1796 atque
1038 1755 1088 1781 ex
1124 1741 1287 1796 hospite
1323 1740 1476 1791 hostis,
1516 1756 1568 1782 ex

124 1798 407 1840 abiectissimo
467 1799 634 1840 luxurie
695 1799 905 1855 mancipio
959 1799 1337 1840 truculentissimus
1396 1798 1569 1839 ulcionis

56 1865 72 1890 ’ί
126 1855 315 1897 minister
346 1857 492 1898 euasit.
557 1856 774 1912 Siquidem
799 1857 1003 1907 industria
1034 1857 1262 1898 hortatoris
1286 1857 1424 1897 oracio
1459 1856 1569 1897 molli

125 1927 174 1954 ac
205 1918 351 1956 tenere
389 1915 562 1957 iuuente
594 1915 873 1956 animositatis
918 1915 1107 1970 spiritum
1147 1914 1422 1970 ingenerauit,
1465 1914 1569 1954 late-

127 1972 292 2027 brisque
325 1973 410 2014 suis
445 1979 681 2015 extractam
714 1973 922 2015 recreauit
954 1973 1190 2025 audaciam,
1223 1972 1488 2027 extuditque,
1522 1977 1569 2012 ut

122 2030 369 2082 grauissime
394 2031 523 2072 cladis
547 2031 790 2073 auctoribus
807 2046 917 2086 pena
938 2031 1061 2072 factis
1085 2030 1225 2072 debita
1251 2029 1566 2086 rependeretur.

124 2087 389 2129 Exulauerat
411 2090 617 2144 siquidem
643 2089 830 2145 probitas
849 2089 1028 2138 iuuenis,
1052 2103 1133 2129 non
1158 2089 1451 2144 expiraueratg
1486 2101 1567 2142 que

121 2145 161 2186 in
194 2147 331 2187 lucem
364 2146 483 2188 senili
507 2148 818 2202 suffragacione
850 2147 1071 2202 producta,
1106 2161 1210 2201 opus
1236 2161 1283 2187 eo
1306 2145 1452 2198 maius,
1485 2159 1566 2199 quo

121 2204 305 2257 tardius,
351 2204 502 2246 edidit.
545 2207 762 2261 aliquanto
802 2206 1032 2261 speciosius
1075 2218 1222 2246 cruore
1264 2217 1387 2258 quam
1412 2202 1425 2256 Η
1449 2217 1562 2243 mero

123 2262 272 2303 calices
290 2262 493 2306 imbuens.
530 2264 667 2311 Quam
685 2278 811 2320 porro
830 2263 1082 2304 industrium
1101 2263 1390 2304 existimemus
1408 2275 1564 2312 senem,

122 2320 190 2374 qui
208 2320 483 2362 disertissima
502 2323 810 2365 ammonicione
827 2322 1075 2362 immensum
1096 2320 1245 2375 regalis
1263 2319 1389 2360 animi
1415 2318 1564 2359 uicium

121 2379 400 2433 expugnauit,
434 2380 607 2434 eiusque
638 2381 744 2431 loco,
776 2379 988 2435 perruptis
1011 2379 1205 2433 nequicie
1239 2376 1444 2426 claustris,
1477 2376 1564 2416 effi-

123 2437 380 2478 cacissimam
397 2438 564 2479 uirtutis
584 2442 815 2480 sementem
832 2436 1039 2478 inseruit?
1063 2436 1162 2491 Ipse
1186 2448 1370 2490 quoque,
1395 2447 1560 2474 manum

122 2495 231 2548 regis
262 2494 353 2549 pari
386 2495 570 2536 facinore
606 2501 870 2551 prosecutus„
911 2494 1200 2535 fortitudinem
1235 2505 1315 2532 non
1355 2491 1492 2532 solum
1523 2490 1562 2530 in

74 2604 78 2608 ⁴
121 2567 166 2594 se
215 2552 501 2606 plenissimam
550 2554 755 2606 exhibuit,
803 2552 876 2594 sed
931 2552 1061 2592 eciam
1109 2565 1162 2591 ex
1209 2549 1346 2591 alieno
1394 2554 1564 2603 pectore

121 2615 284 2651 erutam
318 2611 552 2654 reuocauit.
615 2611 709 2660 Quo
743 2613 916 2667 peracto
945 2611 1004 2651 sic
1036 2609 1165 2663 cepit:

1628 1060 1654 1085 p.
1676 1052 1727 1079 315

1620 2205 1712 2239 (119)
