1884 3126
380 229 440 259 Lx

516 347 710 382 illustrata.
754 349 928 392 Hafniae,
971 350 1082 392 Typis
1116 349 1324 384 Melchioris
1362 348 1532 383 Martzan.
1567 347 1814 392 Tynographi.

517 393 722 437 Sumptibus
755 394 935 428 Joaohimi
963 395 1153 430 Moltkenii
1179 396 1401 438 Bibliopolae.
1452 394 1549 428 1642.
1597 394 1644 428 4⁰.

389 439 509 473 Worm
541 438 708 482 (olaus),
744 441 961 474 Danicorum
998 441 1311 475 Monumentorum
1348 441 1445 475 Libri
1482 440 1564 474 Sex:
1622 440 1650 473 E
1692 439 1816 483 spissis

519 486 771 529 antiquitatum
808 487 968 520 tenebris
1001 492 1035 520 et
1061 487 1096 520 in
1124 487 1243 521 Dania
1269 493 1304 520 et
1329 488 1365 521 in
1395 486 1581 528 Norvegia
1609 486 1816 519 extantibus

518 530 709 565 ruderibus
727 532 869 565 erutiab
896 532 987 565 Olao
1009 533 1142 566 Worm.
1180 533 1323 566 Hafniae
1336 532 1442 574 Apud
1460 532 1687 566 Joaohimum
1706 531 1817 565 Molt-

518 576 663 611 kenium
683 576 923 621 Bibliopolam
949 578 1080 612 ibidem
1100 578 1244 621 primar.
1295 581 1353 612 ΑΟ.
1384 577 1481 612 1643.
1529 576 1577 611 4⁰.

383 643 425 648 —
459 621 556 656 Fasti
596 623 737 657 Danici.
799 623 1012 657 Universum
1052 629 1214 667 tempora
1250 623 1482 667 computandi
1515 624 1692 656 rationem
1725 623 1817 655 anti-

519 670 636 713 qvitus
661 670 697 702 in
719 669 837 702 Dania
863 672 899 702 et
915 669 1053 703 Vicinis
1070 670 1296 713 Regionibus
1319 671 1551 704 observatam
1577 669 1678 702 libris
1705 669 1818 702 tribus

516 715 751 748 exhibentes:
779 715 832 748 Ex
858 715 969 758 varijs
995 716 1119 758 patriae
1153 716 1427 759 antiqvitatibus
1461 719 1496 748 et
1524 715 1718 748 Autoribus
1745 713 1818 746 fide

520 760 640 803 dignis
666 761 772 804 eruti,
798 771 840 794 ac
864 762 899 794 in
927 761 1042 794 lucem
1069 761 1174 794 emissi
1208 762 1321 805 iamq3
1356 761 1452 795 aucti
1487 761 1531 794 ab
1559 760 1649 794 Olao
1682 760 1818 793 Worm.

520 806 665 840 Hafniae
693 807 1047 887 Apudgloachimum
1067 807 1302 841 Moltkenium
1322 807 1560 850 Bibliopolam
1586 806 1719 839 ibidem
1746 806 1818 848 pri-

519 863 608 886 mar.
650 855 709 886 ΑΟ.
736 852 800 887 164
828 878 835 885 .
882 853 929 886 4⁰.

390 898 560 932 Worsaae
597 897 645 939 (J.
680 899 715 932 J.
751 898 825 940 A).
863 898 1029 932 Runamo
1066 910 1112 941 og
1138 899 1465 940 Braavallaslaget.
1523 898 1567 931 Et
1605 897 1740 940 Bidrag
1777 896 1819 930 til

520 944 788 987 arohaeologisk
812 944 944 978 Kritik.
993 944 1233 986 Kjiibenhavn
1262 944 1358 978 1844.
1405 943 1452 978 4⁰.

384 1009 426 1016 --
452 990 521 1024 Zur
547 989 894 1024 Alterthumskunde
921 990 983 1023 des
1008 989 1186 1024 Nordens.
1236 990 1475 1024 Enthaltend:
1518 990 1546 1023 I.
1576 988 1821 1032 Blekingsche

523 1036 741 1069 Denkmiiler
768 1046 831 1069 aus
857 1036 939 1069 dem
963 1036 1195 1070 heidnisehen
1224 1036 1429 1069 Alterthum
1455 1036 1490 1068 in
1517 1036 1630 1068 ihrem
1656 1035 1820 1068 Verhfflt-

520 1083 595 1115 niss
621 1093 663 1114 zu
691 1082 760 1115 den
787 1082 940 1124 iibrigen
967 1081 1297 1116 skandinavischen
1322 1081 1395 1115 und
1421 1081 1682 1124 europiiisehen
1701 1081 1820 1114 Alter-

520 1128 886 1161 thumsdenkmfflern.
927 1127 976 1161 ΙΙ.
995 1127 1158 1161 Runamo
1179 1127 1251 1160 und
1270 1127 1326 1161 die
1344 1127 1714 1161 Braavallesehlacht.
1756 1125 1822 1159 Mit

518 1174 682 1217 zwanzig
708 1173 1011 1216 lithographirten
1032 1171 1175 1207 Tafeln.
1223 1173 1383 1217 Leipzig,
1409 1173 1544 1216 Verlag
1571 1183 1639 1206 von
1659 1171 1822 1215 Leopold

519 1219 626 1253 Voss.
675 1219 774 1253 1847.
823 1220 869 1253 4⁰.

383 1265 573 1303 adzerus,
597 1265 808 1307 Martium,
833 1265 1041 1307 Regnorum
1068 1266 1195 1298 Daniee
1221 1265 1250 1297 Sc
1274 1265 1489 1307 Norwegiae,
1514 1266 1554 1297 ut
1572 1265 1601 1297 ἃ
1618 1263 1821 1297 Ducatuum

518 1311 667 1345 Slesvioi
685 1311 713 1344 &a
732 1311 921 1355 Holsatiae‚
939 1311 1194 1355 regionumque
1212 1309 1268 1344 Ad
1287 1321 1330 1344 ea
1348 1310 1598 1352 spectantium,
1624 1308 1822 1350 descriptio

518 1367 623 1391 nova.
672 1357 842 1391 Iconibus
860 1357 1128 1400 Praeeipuarum
1155 1357 1350 1390 Civitatum
1376 1355 1565 1389 adornata.
1614 1354 1701 1388 Cum
1723 1355 1822 1388 Prae-

519 1403 657 1436 satione
692 1403 737 1436 de
772 1403 895 1437 Rebus
930 1403 1043 1446 gestis
1075 1403 1363 1437 Normannorum
1401 1402 1676 1443 Amstelodami‚
1715 1399 1822 1443 Apud

520 1448 705 1492 AEgidium
732 1449 966 1483 Janssonium
992 1448 1236 1482 Valokenaer.
1288 1446 1382 1483 1655.
1432 1447 1501 1482 12⁰.

385 1496 496 1530 Zeuss
521 1493 706 1539 (Kaspar)‚
739 1494 807 1528 Die
833 1495 1042 1528 Deutsohen
1076 1494 1149 1527 und
1176 1493 1234 1528 die
1258 1494 1589 1528 Naohbarsffimme.
1640 1491 1820 1525 Miinohen

522 1541 620 1576 1837.
669 1541 732 1575 Bei
759 1541 871 1584 Ignaz
897 1541 1037 1584 Joseph
1062 1541 1233 1575 Lentner.
1280 1538 1328 1574 8⁰.
