1884 3126
59 893 95 920 10

58 1184 92 1210 15

55 1473 92 1500 20

53 1763 89 1791 25

52 2052 89 2079 30

50 2342 86 2370 35

52 2632 88 2659 40

668 252 723 260 —-
783 229 921 271 XIIII
985 253 1039 260 —-
1495 229 1578 270 469

133 356 342 398 Assensus
383 356 617 399 condicioni
658 370 734 399 rex
774 357 1028 412 tripertitam
1072 356 1247 398 Kanuto
1295 355 1577 411 prefecturam

130 416 370 469 constituit,
415 417 539 471 eique
576 416 616 457 in
650 415 785 468 Iutia,
827 415 1040 457 Sialandia
1080 430 1129 457 ac
1171 414 1323 457 Scania
1366 414 1580 469 peculiare

131 472 380 514 beneficium
429 473 582 527 tradit,
623 473 865 515 intercisam
911 474 1006 515 loco
1055 472 1395 515 dominacionem
1440 474 1579 515 minus

131 531 265 572 solide
298 532 523 586 potestatis
555 536 774 586 gesturam
805 531 1062 573 existimans.
1126 530 1264 572 Huius
1295 530 1355 572 rei
1378 530 1577 573 Kanutus

130 588 453 631 Waldemarum
486 589 628 631 denuo
653 589 830 645 predem
856 590 1062 644 exposcit.
1111 589 1261 639 Quem,
1296 589 1415 630 uelut
1437 593 1577 642 antea,

129 651 437 702 repugnantem
470 648 627 701 Sueno,
660 646 867 690 condendi
909 647 1063 688 federis
1096 646 1268 699 auidus,
1306 647 1578 702 sponsionem

128 705 282 747 iterare
316 707 468 761 coegit,
495 719 670 760 negans,
702 705 733 747 si
757 710 882 761 pacto
907 705 1077 746 obuiam
1109 705 1222 755 isset,
1246 705 1335 746 eius
1359 704 1576 746 Kanutiue

128 763 413 804 defeccionem
454 778 554 818 egre
596 763 795 807 laturum.
866 763 963 805 Hoo
994 764 1126 804 fretus
1168 763 1346 818 pignore
1378 762 1577 805 Kanutus

128 821 279 877 cupide
312 821 629 864 condicionibus
661 821 827 863 fruitur.

264 879 400 933 Igitur
432 880 597 934 Sueno,
629 879 805 935 perinde
835 893 884 920 ac
916 879 1125 921 bellorum
1158 884 1274 921 metu
1307 879 1493 932 solutus,
1532 879 1575 920 in

129 938 372 992 superbiam
413 938 571 993 lapsus,
596 937 610 991 [j
634 939 794 993 patrios
824 951 985 989 mores,
1017 937 1129 993 quod
1160 951 1308 992 parum
1351 937 1429 978 sibi
1460 937 1576 978 uide-

127 1000 273 1036 rentur
314 996 494 1048 exculti,
539 1000 740 1052 tanquam
781 1000 972 1051 agrestes
1015 1001 1059 1037 et
1098 995 1336 1037 inconditos
1380 995 1514 1050 petita
1553 1009 1577 1036 a

128 1053 314 1095 finitimis
347 1054 591 1096 urbanitate
621 1054 824 1107 mutauit,
869 1058 1096 1109 spretoque
1129 1054 1292 1095 Danico
1324 1054 1429 1107 ritu,
1474 1053 1576 1095 Ger-

126 1112 334 1154 manicum
361 1112 571 1154 emulatus
595 1116 669 1154 est.
711 1111 821 1153 Nam
853 1117 895 1153 et
916 1112 1077 1153 cultum
1100 1111 1360 1153 Saxonicum
1382 1111 1595 1166 sumpsit,-

126 1174 179 1220 et,
211 1183 265 1210 ne
297 1184 346 1211 eo
378 1170 628 1212 inuidiosius
660 1174 876 1223 uteretur,
908 1170 1087 1211 militum
1128 1169 1269 1210 studia
1312 1169 1365 1210 ad
1396 1170 1575 1211 similem

126 1227 257 1268 uestis
290 1242 415 1269 usum
447 1228 639 1270 adduxit.
670 1228 815 1269 rustici
847 1229 975 1269 moris
1012 1228 1125 1268 tedio
1159 1227 1408 1283 compcioris
1439 1227 1575 1269 famu-

125 1285 209 1326 licii
238 1300 370 1339 grege
401 1287 613 1341 palacium
643 1286 870 1328 instruens.
914 1286 1024 1334 Quin
1059 1286 1189 1327 eciam
1223 1285 1423 1341 epulandi
1453 1286 1574 1328 rusti-

125 1343 250 1385 citate
284 1344 486 1399 depulsa,
531 1349 729 1386 externas
772 1344 926 1385 mensis
976 1344 1195 1386 comitates
1238 1343 1418 1394 adciuit,
1462 1357 1574 1385 com-

125 1403 517 1458 messacionumque
549 1403 654 1444 ritus
688 1402 870 1444 culciore
893 1402 1125 1444 ministerio
1148 1402 1357 1455 gerendos
1378 1402 1572 1444 instituit.

124 1459 216 1501 Nec
247 1460 385 1501 solum
417 1461 575 1502 cultum
607 1462 809 1515 nouauit,
851 1460 922 1502 sed
958 1460 1089 1502 eciam
1134 1459 1286 1501 edendi
1316 1460 1573 1516 bibendique

124 1516 304 1559 facecias
336 1518 522 1561 tradidit.
583 1518 703 1560 Idem
744 1518 873 1559 studii
914 1519 955 1559 in
997 1518 1198 1559 nouanda
1240 1519 1438 1560 clientela
1470 1518 1573 1560 asci-

124 1575 371 1631 scendisque
411 1577 667 1618 satellitibus
693 1581 699 1627 l
728 1578 870 1631 gessit.
933 1576 1122 1617 Honoris
1169 1577 1327 1632 quippe
1359 1576 1572 1618 nobilibus

122 1633 319 1689 demptos
360 1634 635 1676 histrionibus
679 1635 913 1687 deferebat,
961 1635 1210 1690 magnisque
1254 1638 1295 1676 et
1337 1634 1571 1676 illustribus

123 1692 223 1733 uiris
254 1706 279 1732 a
317 1692 450 1734 latere
495 1707 571 1734 suo
613 1693 821 1748 sepositis,
862 1693 905 1733 in
939 1706 1085 1734 eorum
1124 1693 1268 1733 locum
1311 1693 1500 1747 turpium
1532 1696 1573 1734 et

122 1750 462 1792 effeminatorum
501 1750 704 1792 familiam
744 1751 1027 1805 subrogabat,
1069 1757 1116 1791 ut
1160 1750 1329 1792 abiectu
1362 1751 1570 1792 maiorum

123 1808 416 1864 minorumque
449 1814 659 1864 prouectu
690 1823 862 1864 prorsus
896 1808 1072 1850 eximias
1111 1809 1309 1864 potencie
1352 1822 1426 1850 sue
1456 1809 1570 1849 uires

123 1865 390 1919 ostenderet,
435 1866 639 1922 ditatique
680 1867 892 1909 fortunam
936 1881 1056 1908 suam
1098 1866 1301 1908 beneficio
1328 1866 1452 1920 regis,
1484 1880 1570 1907 non

121 1924 310 1978 generis,
348 1924 619 1980 imputarent.
682 1924 775 1967 Nec
817 1925 1048 1966 insolencie
1081 1925 1169 1966 eius
1202 1925 1387 1966 auaricia
1420 1924 1568 1966 defuit.

123 1981 338 2037 Siquidem
370 1983 538 2025 lucrosa
569 1983 647 2024 sibi
677 1983 845 2024 illorum
875 1983 979 2034 fata,
1011 1996 1189 2038 quorum
1224 1983 1333 2024 bona
1363 1983 1569 2035 auxisset,

121 2040 358 2093 constituit,
399 2042 755 2096 pupillorumque,
803 2041 1051 2096 parentibus
1086 2041 1311 2090 emortuis,
1356 2040 1569 2096 expilator

122 2099 267 2139 ‹uasit.
316 2073 466 2153 Neque
498 2098 619 2141 nefas
651 2100 773 2141 duxit
806 2113 950 2140 eorum
974 2099 1130 2140 liberos
1154 2100 1334 2153 egestati
1356 2099 1568 2153 subigere,

121 2170 303 2211 qumum
336 2170 464 2222 opeia
495 2158 614 2211 regni
656 2171 759 2212 opes
790 2157 882 2212 ipse
927 2156 1177 2212 susceperit.
1240 2157 1364 2212 Ipsos
1399 2170 1568 2212 quoque

1630 945 1727 980 (263)

1628 1584 1726 1617 p.695

121 2213 295 2263 milites,
344 2215 469 2269 prius.
503 2231 527 2257 a.
568 2230 614 2257 se
655 2215 966 2270 locupletatos,
1011 2215 1064 2255 ad
1109 2213 1772 2280 uilem*paupertatisGXXX1X

121 2277 275 2313 statum
328 2272 520 2314 beneficii
566 2274 630 2314 sui
679 2273 919 2328 penitencia
963 2273 1175 2314 adductus
1224 2273 1382 2314 reiecit.
1454 2272 1568 2320 Quin

118 2331 265 2382 eciam,
297 2330 480 2384 ingentis
512 2331 706 2372 clientele
735 2331 970 2378 uoraoitate
1002 2331 1266 2385 compulsus,
1291 2329 1567 2386 prouincialia

122 2388 352 2429 ministeria
381 2389 678 2444 impensasque
710 2389 765 2430 ab
789 2389 1028 2443 agrestibus
1052 2389 1213 2430 arceius
1238 2389 1412 2443 exigere
1445 2388 1566 2442 cepit.

119 2444 270 2500 Itaque
303 2445 403 2486 dum
435 2447 611 2487 militum
642 2446 761 2487 luxui
789 2447 981 2500 consulit,
1014 2446 1150 2502 plebis
1172 2446 1363 2487 fauorem
1395 2446 1564 2487 amittit.

119 2503 325 2545 Preterea
346 2505 730 2545 controuersiarum
754 2505 857 2556 iura,
880 2509 1055 2546 eatenus
1077 2504 1326 2545 sacramenti
1352 2503 1563 2558 religione

119 2558 396 2617 subnixa-,lad
430 2562 635 2616 palestrae
669 2566 712 2604 et
743 2562 904 2617 palmas
936 2562 1158 2604 athleticas
1189 2561 1421 2615 relegauit,
1453 2560 1562 2602 iudi-
1617 2576 1644 2601 p·
1664 2569 1717 2597 696

121 2619 328 2676 ciumque,
359 2620 539 2663 racionis
572 2619 857 2675 speculacioni
888 2619 1102 2674 debitum,
1144 2619 1187 2663 in
1218 2619 1309 2660 sola
1341 2632 1565 2676 corporum
