1884 3126
75 887 106 915 10

75 1470 112 1497 ‘20

77 2052 114 2079 30

81 2633 117 2662 40

728 222 997 266 —-V-—
1503 227 1582 269 127

135 349 253 393 cione
294 349 521 404 militibus,
561 350 713 402 refert,
754 351 972 408 proprium
1005 352 1151 394 Danos
1198 352 1387 395 fastidire
1431 366 1588 406 regem,

137 411 346 463 exoptare
379 409 521 462 alium,
553 409 587 451 si
618 410 786 466 copiam
819 410 1094 465 accepissent,
1128 425 1258 466 seque
1284 425 1332 452 eo
1357 411 1588 452 exercitum

136 480 264 521 agere
296 466 554 519 decreuisse;
596 467 720 510 facile
751 468 934 510 Daniam
969 470 1166 524 occupari
1198 483 1345 524 posse,
1386 469 1420 510 si
1451 466 1589 524 arllmis

136 525 251 566 adita
282 524 403 566 foret.
463 524 505 566 A
535 525 755 568 Frothone
788 527 899 568 enim
931 530 1017 567 tam
1051 541 1202 579 auare,
1237 541 1362 582 quam
1396 528 1592 568 atrociter

136 584 273 638 patrie
307 583 596 639 imperitatum
630 599 736 626 esse.
798 584 907 626 Tum
954 599 1167 640 exurgens
1201 584 1350 626 Ericus
1385 585 1589 626 contraria

137 656 226 683 rem
258 641 525 696 allegacione
557 642 786 697 prohibuit,
819 643 945 699 Sepe,
978 644 1186 699 inquiens,
1218 644 1346 685 alieni
1382 644 1593 698 appetito-

137 714 205 741 res
260 700 433 755 proprio
481 701 642 755 priuari
683 701 821 742 solere
863 702 1142 752 meminimus.
1220 701 1329 756 Sepe
1371 703 1590 742 amborum

139 762 333 813 captator
364 759 585 813 utriusque
615 759 806 814 perditor
838 759 928 801 fuit.
971 760 1246 801 Preualidum
1282 761 1391 802 enim
1426 764 1592 813 oportet

140 817 280 858 alitem
314 830 430 870 esse,
472 818 543 872 qui
574 816 749 872 predam
790 818 896 859 alius
930 819 1145 872 unguibus
1180 818 1405 860 extrahere
1438 818 1591 872 cupiat.

137 875 313 916 Animat
345 879 385 917 te
416 874 573 916 frustra
605 876 796 918 internus
829 877 1016 931 regionis
1050 877 1169 929 liuor,
1204 890 1328 932 quem
1362 876 1591 930 plerunque

141 932 303 974 hostilis
348 932 543 988 explodit
583 933 808 976 aduentus.
871 934 979 976 Nam
1011 935 1089 976 etsi
1120 945 1232 976 nunc
1263 934 1376 974 Dani
1409 933 1592 975 diuiduis

141 1005 235 1032 esse
266 991 490 1033 sentenciis
522 992 773 1046 uideantur,
818 994 1038 1035 unanimes
1070 998 1214 1035 tamen
1248 1006 1346 1033 mox
1381 992 1594 1046 excipient

141 1050 321 1091 hostem.
399 1048 559 1091 Crebro
613 1051 876 1092 corrixantes
930 1065 1081 1107 porcos
1163 1051 1442 1093 conciliauere
1493 1049 1592 1104 lupi.

141 1108 332 1149 Patrium
367 1108 546 1163 quisque
582 1108 734 1151 ducem
770 1115 920 1164 extero
965 1110 1137 1165 prefert.
1200 1109 1427 1150 Prouincia
1460 1108 1593 1148 omnis

95 1188 111 1204 .›
142 1179 284 1221 regem
308 1165 601 1218 domesticum,
634 1182 759 1223 quam
783 1168 1006 1220 aduenam,
1038 1168 1268 1223 impensius
1292 1167 1404 1209 colit.
1447 1165 1594 1220 Neque

143 1226 252 1266 enim
276 1229 317 1266 te
338 1224 497 1267 Frotho
521 1224 635 1266 domi
658 1227 974 1281 prestolabitur,
1007 1226 1079 1267 sed
1105 1225 1207 1267 foris
1231 1225 1415 1279 excipiet
1438 1224 1595 1265 aduen-

144 1287 318 1325 tantem.
381 1282 596 1324 Extremis
646 1298 691 1325 se
742 1285 883 1339 aquile
944 1285 1148 1340 scalpunt.
1211 1283 1412 1324 Anterius
1475 1282 1596 1323 alites

144 1345 320 1382 certant.
381 1339 507 1382 Nosti
538 1342 628 1396 ipse
660 1340 915 1398 peniltencia
957 1356 1140 1384 uacuum
1174 1341 1327 1382 debere
1359 1341 1593 1382 contuitum

145 1413 237 1442 csse
259 1398 495 1454 prudentis.
537 1399 793 1443 Proceribus
825 1401 994 1442 abunde
1025 1401 1206 1456 stiparis.
1243 1399 1335 1440 Tua
1366 1398 1439 1439 tibi
1474 1399 1595 1453 quies

141 1461 335 1508 maneat3
383 1471 457 1512 per
500 1457 624 1499 alios.
653 1459 828 1514 gerendi
875 1474 977 1500 sane
1026 1458 1123 1499 belli
1168 1457 1415 1499 facultatem
1462 1469 1595 1511 prope

146 1515 317 1557 modum
359 1515 623 1571 exploratam
666 1518 824 1559 habere
869 1516 1039 1573 poteris.
1102 1517 1247 1558 Liceat
1286 1515 1405 1557 militi
1436 1514 1593 1568 regiam

143 1578 387 1629 pretentare
432 1573 661 1617 fortunam.
725 1576 916 1617 Salutem
968 1579 1084 1617 tuam
1137 1574 1309 1630 pacifice
1361 1572 1595 1624 moderare,

145 1633 284 1674 alieno
327 1632 552 1686 negocium
598 1634 788 1688 periculo
836 1634 1072 1675 moliturus.
1134 1633 1279 1674 Sacius
1322 1636 1384 1673 ost
1426 1644 1595 1670 seruum

146 1690 356 1745 deperire,
389 1704 514 1745 quam
548 1690 712 1734 herum.
776 1691 900 1740 Quod
934 1692 1052 1733 fabro
1085 1691 1263 1746 forceps,
1296 1694 1394 1730 tuus
1426 1689 1502 1729 tibi
1534 1702 1596 1728 sa-

144 1749 263 1791 telles
287 1753 400 1803 agat.
444 1748 523 1791 Ille
556 1748 799 1792 ferramenti
822 1749 1007 1792 remedio
1031 1764 1178 1791 manus
1203 1748 1436 1790 cauterium
1461 1750 1595 1796 canet,

144 1813 271 1862 atque
300 1821 324 1846 a
348 1807 578 1861 digitorum
611 1809 690 1850 sibi
722 1809 917 1850 incendio
951 1812 1176 1863 temperat.
1220 1806 1282 1847 Tu
1317 1818 1484 1861 quoque
1518 1804 1594 1845 tibi

1658 481 1727 513 (71)

145 1864 334 1906 ωο*ιίιῐη
377 1879 509 1920 opera
550 1879 723 1921 parcere
767 1872 809 1908 et
850 1867 1069 1908 consulere
1111 1866 1237 1918 disce.
1299 1864 1393 1905 Hec
1431 1862 1592 1904 Ericus.
1616 1870 1777 1899 xxxixa

145 1924 281 1972 Quem
299 1922 539 1977 Gotwarus,
564 1930 610 1966 ut
631 1925 942 1980 imprudentem
965 1925 1171 1966 hactenus
1196 1922 1399 1974 habitum,
1423 1934 1595 1974 respon-

145 1982 274 2023 sionis
325 1995 402 2023 sue
453 1987 701 2025 contextum
755 1984 966 2041 exquisita
1025 1981 1334 2024 sentenciarum
1385 1979 1596 2033 grauitate

146 2038 482 2096 comp[res]sisse
505 2041 694 2093 miratus,
717 2041 875 2083 Diserti
901 2041 1030 2083 donat
1053 2039 1293 2095 agnomine,
1320 2037 1593 2079 excellentem

146 2099 236 2140 eius
268 2098 542 2153 prudenciam
575 2099 878 2154 appellacionis
924 2100 1087 2140 honore
1119 2097 1308 2139 iudicans
1339 2107 1595 2150 prosequen-

147 2157 257 2199 dam.
319 2155 474 2197 Frater
515 2156 720 2212 siquidem
764 2159 854 2199 eius
894 2157 1093 2199 Rollerus
1141 2155 1379 2211 opinionem
1428 2152 1594 2193 iuuenis

146 2214 302 2256 eximio
334 2214 400 2254 sui
431 2213 599 2268 fulgore
631 2220 941 2271 suppresserat.
983 2214 1133 2256 Ericus
1167 2213 1345 2255 nominis
1377 2208 1595 2265 belneficio

147 2287 235 2314 rem
282 2271 407 2313 adiici
452 2273 582 2326 petit,
624 2274 824 2315 uocabuli
857 2274 1131 2328 largicionem
1163 2270 1344 2312 muneris
1377 2267 1595 2309 addicione

148 2329 524 2373 commendandam
566 2335 759 2374 testatus.
820 2331 915 2374 Rex
967 2330 1183 2385 nauigium
1230 2329 1385 2379 donat3
1432 2325 1597 2366 Scroter

146 2388 327 2442 remiges
349 2387 608 2430 uocitabant.
648 2389 783 2431 Erant
814 2394 954 2431 autem
973 2388 1122 2429 Ericus
1141 2391 1181 2428 et
1197 2386 1393 2428 Rollerus
1410 2382 1595 2437 Regneri

142 2446 302 2504 *pugilis
333 2446 422 2500 filii,
454 2451 575 2501 patre
607 2446 755 2489 eodem
790 2448 883 2501 sati,
917 2447 1172 2501 diuersaque
1196 2444 1295 2485 editi
1318 2447 1465 2484 matre.
1510 2439 1596 2480 Ma-

148 2511 254 2548 trem
296 2505 453 2559 quippe
493 2504 653 2547 Rolleri
694 2506 956 2560 eandemque
999 2505 1109 2547 Erici
1151 2514 1375 2544 nouercam
1419 2498 1593 2540 Cracam

151 2562 376 2606 uocabant.

285 2619 424 2674 Igitur
456 2619 596 2663 Rafno
630 2620 820 2675 cuidam,
862 2621 1134 2677 permittente
1169 2618 1345 2669 Getaro,
1384 2616 1591 2656 lacessen-

1651 2226 1678 2249 μ.
1698 2217 1747 2242 192
