1884 3126
268 889 304 916 10

268 1178 303 1204 15

342 230 424 272 448
919 247 967 253 -
1029 220 1168 264 XIIII
1231 245 1283 250 —-

340 370 427 399 rem
459 367 607 409 gerere
638 352 861 393 militarem
896 350 1118 406 expediat,
1163 351 1300 392 uirum
1331 349 1491 392 debere
1521 350 1787 406 circunspici,

342 414 411 469 qui
454 426 585 467 usque
626 410 678 451 ad
725 414 975 465 prouectam
1016 408 1166 464 pupilli
1209 412 1363 449 etatem
1408 409 1565 450 tutorio
1607 422 1788 463 regnum

338 471 507 512 nomine
538 471 799 524 procuraret.
842 468 892 509 In
926 467 1038 522 quod
1071 480 1225 508 munus
1250 467 1393 520 apcius
1426 466 1637 508 neminem
1660 479 1787 521 quam

340 529 525 581 Ericum,
547 526 775 581 superioris
803 525 917 566 Erici
949 539 1003 566 ex
1029 524 1112 565 filia
1144 529 1358 578 nepotem,
1392 523 1505 579 quod
1538 524 1716 566 audacia
1739 538 1788 566 ac

337 586 498 641 pietate
529 588 751 640 prestaret,
784 590 1110 637 maternumque
1141 596 1276 636 genus
1311 595 1364 622 ex
1396 581 1567 636 regibus
1601 582 1786 633 duceret,

341 642 558 697 ad<s>cisci
588 656 727 697 posse,
765 640 911 682 adulto
954 654 1093 681 rerum
1125 653 1329 680 summam
1362 639 1523 695 pupillo
1556 653 1785 682 cessurum.

343 701 410 742 Ita
441 700 566 742 Erico
599 705 642 741 et
673 699 818 755 populi
859 699 979 740 fauor
1019 703 1060 738 et
1100 698 1219 752 pueri
1258 697 1458 739 maiestas
1495 698 1610 740 uires
1650 699 1788 753 regias

341 758 469 800 dedit.
521 757 605 799 Hic
637 763 779 812 preter
811 757 942 797 solam
976 756 1101 796 animi
1124 755 1414 797 fortitudinem
1446 755 1548 797 nihil
1580 771 1604 797 a
1636 762 1785 798 natura

341 814 463 872 doltis
486 821 725 871 acceperat,
758 814 866 856 sicut
887 813 1120 869 prudencia
1142 827 1314 867 uacuus,
1346 814 1403 854 ita
1434 828 1585 869 parum
1612 828 1786 857 amenus

339 874 522 928 eloquio.
586 873 784 914 Ceterum
828 871 936 913 adeo
981 871 1129 912 salutis
1170 885 1247 912 suc
1289 871 1494 926 prodigus
1518 871 1532 927 ΙΙ
1556 887 1647 914 esse
1688 886 1785 914 con-

335 937 550 985 sueuerat,
573 936 619 972 ut
645 930 798 971 bellum
822 929 1135 982 commissurus,
1168 942 1220 970 ne
1244 929 1513 984 singulariter
1543 930 1584 971 in
1616 931 1783 973 hostem

334 993 615 1045 procurreret,
639 989 800 1029 arccius
823 1001 847 1027 a
870 988 954 1028 suis
979 987 1194 1028 obseruari
1217 987 1385 1029 soleret.
1425 987 1546 1029 Tune
1569 988 1783 1044 Eskyllus,

336 1048 507 1102 cognito
540 1059 683 1100 regem
716 1045 828 1101 apud
854 1044 1008 1085 Iutiam
1038 1045 1284 1097 decessisse,
1318 1051 1495 1099 repente
1526 1046 1567 1087 in
1589 1046 1781 1089 Scaniam

337 1105 506 1146 maioris
548 1102 778 1145 sacerdocii
817 1102 1094 1145 affectacione
1137 1103 1396 1157 peruehitur.
1469 1103 1617 1146 Ericus
1663 1119 1781 1157 uero,

335 1163 537 1204 infectum
570 1161 906 1203 antedecessoris
938 1160 1204 1216 propositum
1227 1161 1335 1202 circa
1358 1161 1577 1217 Ryconem
1611 1163 1781 1218 explere

333 1221 518 1275 cupiens,
550 1219 803 1274 pontificalis
837 1219 874 1259 ei
898 1218 1116 1274 dignitatis
1139 1219 1399 1260 incrementa
1422 1220 1607 1262 tribuere
1627 1220 1781 1275 gestie-

332 1279 417 1319 bat.
481 1278 731 1319 Scanienses
779 1281 943 1329 autem,
990 1277 1139 1318 ultima
1185 1291 1353 1332 queque
1409 1278 1600 1333 perpeti,
1653 1292 1779 1333 quam

330 1336 592 1390 pontificium
645 1337 684 1376 in
737 1349 893 1376 nouam
945 1334 1176 1376 transferre
1237 1335 1435 1376 familiam
1488 1341 1777 1392 preoptanteS,

333 1393 487 1435 bellum
521 1394 749 1435 aduersum
784 1407 928 1447 regem
962 1393 1207 1434 decernunt.
1272 1392 1367 1440 Quo
1402 1393 1472 1434 ille
1505 1395 1692 1448 cognito,
1725 1409 1777 1436 ne

259 1467 295 1493 20
326 1451 556 1492 multorum
600 1451 841 1492 inimicicias
885 1451 1008 1492 unius
1053 1451 1131 1491 uiri
1176 1450 1462 1492 familiaritate
1494 1452 1777 1504 contraheret,

256 1756 293 1783 25

254 2044 290 2071 30

255 2333 290 2360 35

254 2617 291 2646 40

328 1510 548 1564 proposito
594 1523 670 1550 suo
719 1508 870 1564 cupide
915 1509 1061 1559 cessit,
1110 1508 1374 1564 Eskylloque
1422 1509 1564 1551 sedem
1610 1516 1775 1552 mutare

327 1568 544 1623 permisso,
577 1567 808 1622 Rykonem
840 1566 1054 1608 Sialandie
1088 1566 1336 1621 presulem,‘
1362 1566 1645 1609 mediantibus
1677 1568 1776 1609 cleri

327 1625 565 1679 suffragiis,
608 1630 733 1666 creat.
796 1624 966 1666 Interea
994 1624 1162 1666 -Olauus
1195 1624 1374 1666 Haraldi
1415 1625 1525 1666 filius
1557 1625 1777 1680 Noruagia

326 1697 548 1737 reuersus,
580 1683 884 1738 patrimonium
925 1696 1073 1737 suum,
1117 1684 1226 1724 inter
1259 1683 1368 1724 bella
1401 1683 1540 1724 ciuilia
1570 1699 1594 1725 a
1625 1689 1775 1739 patruo

327 1746 606 1796 occupatum,
655 1740 902 1782 hereditatis
950 1741 1072 1781 titulo
1120 1740 1319 1796 reposcit.
1404 1740 1533 1783 Cuius
1576 1742 1775 1797 peticioni

326 1799 475 1841 Ericus
508 1799 622 1839 illam
657 1798 916 1853 antiquitatis
950 1798 1088 1853 legem
1131 1799 1349 1854 opposuit,
1381 1813 1464 1854 qua
1495 1800 1576 1841 reis
1603 1800 1608 1852 Ι
1636 1801 1771 1855 patrie

325 1857 533 1898 bonorum
565 1870 676 1912 pena
707 1856 958 1898 decernitur.
1002 1857 1174 1898 Patrem
1197 1856 1404 1912 siquidem
1427 1857 1529 1909 eius,
1553 1858 1773 1914 peregrino

324 1915 458 1956 milite
490 1914 717 1957 aduersum
750 1915 929 1969 patriam
952 1929 1089 1967 usum,
1124 1915 1337 1956 decretam
1369 1915 1447 1956 hac
1478 1916 1574 1969 lege
1606 1923 1773 1958 senten-

326 1973 430 2014 ciam
474 1973 711 2014 incurrisse.
784 1972 919 2026 Igitur
964 1973 1150 2027 Olauus,
1191 1972 1367 2028 perinde
1409 1987 1458 2014 ac
1486 1973 1642 2015 iustum
1677 1974 1773 2015 belli

323 2031 492 2072 titulum
524 2031 768 2086 accepisset,
802 2030 993 2085 cupidius
1027 2031 1212 2073 oblatam
1246 2031 1469 2072 sedicionis
1506 2033 1772 2074 occasionem

325 2088 607 2144 amplectitur.
672 2088 889 2143 Siquidem
923 2094 1142 2144 acceptam
1174 2090 1347 2143 repulse
1381 2090 1684 2131 contumeliam
1719 2089 1771 2130 ad

323 2160 529 2187 nouarum
572 2160 715 2189 rerum
758 2147 978 2188 licenciam
1021 2146 1258 2200 transtulit,
1290 2147 1428 2200 deque
1458 2148 1612 2202 priuati
1644 2148 1772 2203 patri-

323 2204 452 2244 monii
483 2205 712 2260 repetitore
744 2205 880 2245 tocius
912 2206 1034 2259 regni
1064 2203 1246 2247 inhiator
1279 2205 1431 2246 euasit.
1493 2205 1655 2247 Verum
1689 2205 1771 2246 dis-

325 2262 522 2303 simulato
557 2262 669 2315 odio,
700 2276 776 2318 per
806 2262 976 2304 insidias
997 2276 1142 2317 regem
1165 2263 1403 2318 opprimere
1426 2263 1587 2304 statuit.
1631 2263 1770 2311 Quem

322 2320 363 2359 in
395 2320 709 2361 Arualundensi
754 2320 944 2375 hospicio
978 2320 1263 2362 diuersantem
1295 2324 1423 2362 noctu
1455 2320 1655 2374 adortus,
1687 2321 1770 2375 pri-

322 2391 433 2417 mum
467 2393 490 2418 a
522 2378 741 2432 uigilibus,
786 2378 1094 2420 clandestinum
1136 2378 1223 2420 eius
1265 2378 1497 2419 aduentum
1530 2379 1769 2433 speculatis‚

323 2435 542 2490 excipitur.
605 2436 687 2484 Qui
710 2450 823 2488 mOX,
854 2436 1025 2477 reflexis
1048 2437 1179 2490 equis,
1214 2436 1406 2492 sepultos
1439 2450 1584 2477 somno
1618 2437 1768 2478 milites

323 2492 504 2534 clamore
537 2494 698 2535 eminus
730 2496 772 2535 in
806 2507 921 2534 arma
964 2494 1202 2548 concitant,
1233 2493 1443 2549 primique
1476 2500 1622 2549 portas
1655 2495 1765 2536 tueri

321 2555 483 2604 parant.
544 2551 728 2593 Auxiliis
760 2551 915 2594 deinde
946 2552 1341 2608 superueniencium
1371 2552 1583 2594 sociorum
1615 2551 1764 2606 adiuti,

321 2606 515 2650 hostilem
547 2611 741 2664 repulere
774 2614 986 2652 conatum.
1048 2610 1222 2661 Olauus,
1255 2608 1430 2665 perinde
1471 2624 1519 2651 ac
1562 2623 1637 2651 suo
1670 2623 1766 2665 pro-

1839 882 1884 916 (25
