1884 3126
28 907 63 934 10

29 1199 65 1225 15

27 1490 64 1516 20

28 2138 64 2165 30

28 2428 64 2455 35

652 267 706 272 —
765 242 855 286 VII
919 269 967 274 —
1452 249 1530 290 251

94 374 222 414 retur.
310 369 477 418 Quibus
524 371 781 425 impetratis,
832 373 1066 428 predictam
1110 375 1258 417 siluam
1305 376 1535 418 arctissime

93 428 348 485 speculatus,
380 428 560 470 hominis
591 430 775 484 uestigia
806 431 890 471 niui
922 431 1053 473 alcius
1075 433 1278 488 impressa
1311 434 1534 488 cognoscit.

95 487 262 542 Quippe
289 487 465 529 latronis
496 488 706 529 incessum
738 489 889 543 pruina
911 503 1059 543 gressu
1090 492 1248 533 uiolata
1277 491 1534 547 prodiderat.

96 546 190 593 Qua
222 544 328 586 duce
351 560 464 597 usus,
497 551 698 601 superato
723 547 876 587 montis
911 547 1033 601 cliuo,
1067 550 1265 604 precipue
1286 549 1535 602 granditatis

93 617 258 644 amnem
293 602 482 645 offendit.
552 603 648 652 Quo
682 604 899 659 pristinam
932 605 1104 647 humani
1146 608 1311 659 uestigii
1353 608 1535 662 speciem

95 661 330 712 auferente,
363 662 541 703 traiectu
574 661 778 703 utendum
823 664 1053 705 constituit.
1117 664 1277 706 Verum
1308 666 1398 719 ipsa
1429 679 1536 720 aque

95 719 252 773 moles,
284 719 496 774 rapidiore
527 720 647 775 lapsu
681 720 905 776 procipitrs
936 735 1066 774 agens
1100 723 1253 771 undas,
1286 723 1535 764 difficultate

96 778 319 819 transitum
361 792 519 832 negare
562 777 802 820 uidebatur.
874 779 1089 834 Siquidem
1131 781 1303 822 occultis
1345 781 1535 822 cautibus

94 837 290 892 frequens
323 850 495 877 onmem
527 836 636 877 aluei
676 841 857 877 tractum
891 851 1066 892 spumeo
1101 839 1283 894 quodam
1323 839 1535 879 uolumine

96 894 356 936 turbidadat.
429 893 513 935 Sed
559 908 614 935 ex
651 895 790 935 animo
826 894 971 936 Olonis
1012 896 1187 950 periculi
1227 901 1383 938 metum
1423 897 1537 937 festi-

95 953 285 994 nacionis
330 951 483 1008 cupido
527 951 785 994 detraxerat.
856 952 1014 1007 Igitur,
1056 955 1126 995 ubi
1161 955 1342 996 domitus
1383 954 1538 994 uirtute

94 1011 219 1053 timor
268 1015 643 1066 contemptumque
685 1011 923 1052 temeritate
968 1012 1218 1066 periculum,
1260 1012 1381 1063 nihil,
1425 1011 1536 1066 quod

95 1069 234 1111 animo
277 1069 444 1110 libitum
485 1068 617 1114 foret,
660 1074 756 1110 actu
799 1069 967 1110 difficile
1006 1074 1144 1123 ratus,
1187 1070 1387 1111 stridulos
1430 1083 1536 1123 equo

97 1128 278 1169 uertices
310 1127 538 1182 superauit.
602 1127 714 1175 Quos
747 1141 941 1171 emensus
982 1127 1021 1168 in
1056 1129 1271 1183 angustias
1312 1127 1538 1182 paludibus

97 1185 284 1240 undique
316 1200 439 1227 secus
473 1185 653 1226 ambitas
694 1184 850 1238 incidit,
885 1199 1062 1241 quarum
1105 1186 1269 1228 interna
1299 1186 1423 1226 facile
1453 1185 1539 1239 peti

95 1244 269 1300 preiecti
318 1243 486 1298 aggeris
535 1243 798 1285 obstaculum
848 1257 931 1285 non
981 1243 1159 1285 sinebat.
1235 1240 1369 1284 Trans
1416 1256 1538 1297 quem

94 1302 239 1343 leuato
286 1316 420 1356 equo,
467 1302 666 1356 frequens
712 1301 888 1342 stabulis
935 1303 1180 1356 repagulum
1228 1301 1538 1342 animaduertit.

94 1359 222 1401 Vnde
255 1364 400 1415 egesto
442 1374 651 1416 equorum
685 1373 837 1414 grege,
879 1374 1000 1406 suum
1042 1360 1240 1401 inducere
1283 1359 1473 1414 cupiens,
1515 1373 1538 1398 a

95 1417 278 1460 Tokone
310 1418 495 1473 quodam
526 1417 692 1470 (seruus
719 1418 783 1458 hio
804 1417 1023 1459 Gunnonis
1048 1416 1158 1471 erat)
1192 1418 1297 1459 adeo
1330 1417 1538 1458 aduenam

94 1475 345 1519 insoleuisse
392 1476 592 1528 dolente,
634 1476 770 1517 acrius
813 1475 1052 1531 impetitus,
1094 1480 1409 1531 oppugnantem
1447 1474 1537 1515 solo

96 1533 233 1590 clypei
256 1534 541 1576 frustrabatur
565 1534 748 1576 obiectu.
801 1533 936 1582 Quem
957 1534 1067 1574 ferro
1093 1534 1330 1589 opprimere
1354 1532 1539 1572 deforme

96 1592 363 1646 existimans,
409 1591 725 1648 apprehensum
771 1593 1085 1647 artuatimque!
1115 1591 1376 1633 confractum
1417 1595 1538 1638 tecto,

97 1663 179 1705 quo
211 1665 388 1707 preceps
430 1656 696 1703 excesserat,
735 1658 1025 1692 transuersum
1068 1649 1220 1691 iniecit.
1289 1649 1384 1696 Qua
1422 1649 1539 1700 igno-

96 1709 223 1749 minia
273 1709 426 1750 Gunno
483 1722 532 1749 ac
585 1708 730 1749 Grimo
783 1708 896 1750 ocius
942 1708 1129 1759 incitati,
1181 1707 1356 1748 diuersis
1409 1705 1539 1760 elapsi

25 1779 59 1805 ’.Γ
94 1767 280 1821 posticis,
313 1767 471 1823 pariter
512 1767 553 1807 in
586 1766 770 1808 Olonem
803 1780 897 1807 eum
929 1770 1175 1820 contemptu
1217 1765 1338 1805 etatis
1370 1764 1459 1805 eius
1491 1776 1539 1803 ac

96 1825 247 1866 uirium
289 1831 431 1867 ruunt.
507 1825 546 1865 A
588 1839 671 1880 quo
712 1824 893 1866 letaliter
938 1823 1169 1875 uulnerati,
1212 1837 1306 1863 cum
1353 1821 1538 1874 corporis

96 1882 150 1923 ad
168 1882 343 1925 modum
366 1882 527 1924 uiribus
550 1882 843 1931 dcficcrentur,
876 1882 908 1923 G
919 1883 1034 1930 rimo,
1057 1882 1241 1936 supremi
1265 1881 1339 1920 uix
1368 1879 1537 1933 spiritus

97 1944 247 1996 potens
269 1956 318 1982 ac
350 1946 442 1982 toto
464 1955 573 1994 pene
596 1939 768 1994 uigossre
792 1940 1030 1990 defunctus,
1060 1952 1228 1981 carmen
1251 1939 1326 1980 hoc
1349 1942 1537 1978 extremo
1570 1943 1708 1973 llxxvu

98 1999 214 2041 uocis
245 1999 435 2054 singultu
468 1999 715 2040 contexuit:

305 2114 445 2157 Simus
479 2129 631 2171 nempe
662 2115 761 2156 licet
795 2128 971 2169 corpore
1004 2112 1179 2165 debiles,

303 2172 569 2228 Elapsusque
602 2187 723 2215 cruor
754 2173 883 2214 robur
917 2171 1174 2213 obhauserit.

306 2230 413 2273 Cum
445 2245 557 2273 nunc
589 2232 753 2273 elicitus
784 2230 960 2272 uulnere
991 2229 1161 2284 spiritus

305 2288 390 2330 Vix
424 2290 578 2331 sensim
611 2290 750 2331 lacero
782 2293 954 2343 pectore
986 2287 1177 2342 palpitet,

303 2347 554 2397 Discrimen,
586 2362 753 2400 moueo,
787 2346 986 2400 temporis
1021 2344 1154 2385 ultimi

306 2405 390 2446 Per
421 2419 498 2446 nos
530 2405 752 2460 intrepidis
787 2405 943 2445 clareat
975 2402 1170 2451 ausibus3

305 2462 371 2505 Ne
403 2464 647 2504 conflictum
676 2463 827 2517 aliquis
859 2461 1016 2502 forcius
1048 2459 1206 2500 editum

304 2521 605 2575 Pugnatumue
638 2521 773 2576 magis
806 2520 959 2560 dixerit
989 2518 1165 2573 uspiam,

305 2578 362 2620 Et
393 2583 607 2621 certamen
639 2584 765 2620 atrox
791 2591 909 2619 arma
940 2575 1199 2630 gerentibus,

306 2636 412 2680 Cum
444 2651 516 2695 per
550 2637 676 2679 busta
708 2650 804 2677 caro
837 2636 949 2677 fessa
980 2632 1199 2691 quieuerit,

1602 1598 1620 1618 i.
1641 1591 1690 1615 36⁹
