1884 3126
253 895 291 921 10

254 1182 290 1209 15

253 1468 290 1497 20

254 1758 290 1785 25

254 2045 292 2072 30

255 2334 292 2361 35

259 2622 294 2650 40

321 243 403 283 616
858 259 906 265 -
967 235 1105 277 XIIII
1166 258 1216 263 —-

320 367 492 422 liquere,
523 365 690 407 mortali
720 377 848 405 manu
880 376 1023 416 regem
1045 362 1184 417 perire
1217 375 1299 403 non
1322 374 1462 415 posse,
1495 360 1611 401 cuius
1643 359 1754 401 salu-

321 430 408 466 tem
446 424 553 464 inter
591 426 656 462 tot
695 421 883 463 exiciosa
924 432 1163 475 arcanaque
1205 418 1394 473 pericula
1433 431 1518 458 non
1548 417 1755 459 industria

320 482 517 532 humana,
549 478 622 520 sed
656 478 818 520 celestis
850 477 1085 531 protexerit
1106 476 1339 530 diligencia.
1387 475 1509 516 Hanc
1542 475 1754 530 hospitum

320 537 587 588 relacionem,
618 549 643 576 a
674 549 814 576 rerum
844 535 1144 576 ammiracione
1174 534 1421 588 profectam,
1455 533 1653 587 eremita,
1685 546 1755 586 pe-

321 594 439 636 rinde
471 607 519 635 ac
549 591 667 647 si<bi>
698 593 897 634 diuinitus
929 592 1015 633 dati
1044 591 1185 633 indicii
1215 592 1485 646 mysterium,
1516 595 1757 641 ueneratus,

324 651 486 693 cuidam
520 651 827 692 monachorum
857 650 1012 691 rectori
1042 649 1095 690 ad
1127 663 1171 690 se
1193 650 1382 690 uenienti
1412 649 1584 692 memori
1615 660 1756 689 narra-

322 710 442 750 cione
464 709 671 763 replicuit,
695 709 807 749 iusso
831 708 983 748 horum
1007 706 1010 751 l
1034 706 1350 748 indicandorum
1372 708 1517 762 gracia
1538 706 1592 748 ad
1614 719 1757 760 regem

321 767 540 807 transitum
574 779 657 806 non
689 765 900 815 differre.¹
934 764 1097 812 Quibus
1129 764 1311 818 acceptis
1342 779 1438 818 reX,
1472 778 1566 806 cum
1598 777 1651 804 ex
1683 762 1759 803 dif-

320 824 514 865 finicione
545 824 735 864 locorum
766 822 1107 877 argumentisque
1140 826 1378 876 temporum
1409 837 1488 866 nec
1516 835 1601 863 non
1640 821 1760 862 itine-

322 896 413 922 rum
457 895 626 923 suorum
674 880 989 922 circunstanciis
1035 879 1162 920 fidem
1209 880 1378 921 assertis
1424 881 1584 922 habere
1630 878 1761 934 cepis-

321 943 409 990 set,
452 952 537 980 non
580 939 715 979 minus
753 938 830 979 sibi
871 937 1044 978 subsidii
1084 936 1210 977 deum
1251 937 1294 978 in
1334 938 1563 992 prodendis
1602 935 1760 977 insidiis

321 996 581 1051 prestitisse,
644 1011 769 1051 quam
829 995 871 1036 in
930 993 1179 1036 frustrandis
1230 995 1467 1049 tribuisset,
1526 994 1761 1049 gratulatus

322 1058 398 1096 est.
461 1053 589 1095 Cuius
630 1054 690 1095 rei
730 1053 975 1107 ignorancia
1017 1051 1225 1103 Karolus,
1257 1053 1434 1106 pristina
1467 1052 1605 1094 adhuc
1645 1065 1761 1093 secu-

322 1108 445 1153 ritate
484 1112 742 1162 succinctus,
783 1111 873 1151 siue
916 1109 1087 1164 tegendi
1127 1110 1388 1164 parricidalis
1431 1110 1636 1167 propositi
1674 1106 1761 1150 'cal-

321 1169 485 1210 liditate
547 1184 622 1211 seu
680 1167 911 1223 peragendi
974 1167 1298 1223 desperacione,
1358 1168 1645 1222 Absalonem,
1707 1167 1762 1208 ob

323 1226 593 1281 cognacionis
644 1226 841 1267 fiduciam
891 1225 1101 1280 petitum,
1155 1225 1409 1280 impetrandi
1459 1227 1538 1268 sibi
1588 1239 1613 1266 a
1661 1238 1762 1279 rege

322 1284 588 1340 prouincialis
640 1284 832 1325 beneficii
883 1283 1119 1324 adiutorem
1170 1283 1373 1338 deposcit.
1449 1284 1541 1332 Quo
1594 1283 1762 1338 propin-

323 1342 394 1397 qui
454 1356 599 1397 preces
651 1342 858 1383 attencius
909 1344 1200 1396 exsequente,
1255 1340 1555 1384 Waldemarus
1574 1375 1585 1395 ,
1646 1339 1763 1381 dissi-

322 1399 482 1440 mulata
522 1399 766 1440 insidiarum
808 1399 1078 1453 cognicione,
1120 1413 1174 1440 ex
1215 1399 1316 1441 fisco
1358 1414 1433 1442 suo
1476 1413 1521 1441 se
1551 1397 1762 1453 stipendia

322 1456 483 1498 Karolo
516 1458 754 1498 soluturum
784 1457 1014 1512 promittit,
1047 1456 1187 1511 quoad
1219 1456 1391 1499 honoris
1422 1458 1460 1499 ei
1490 1454 1762 1512 imperciendi

322 1515 502 1556 facultas
543 1514 758 1556 incideret.
830 1514 1023 1569 Cumque
1068 1514 1335 1556 Roskildiam
1380 1515 1556 1556 ueniens
1601 1514 1643 1555 in
1684 1512 1762 1555 ede

323 1572 538 1613 Trinitatis
582 1572 739 1628 optime
778 1573 959 1613 maxime
1003 1585 1165 1613 morem
1195 1573 1324 1614 sacris
1355 1573 1580 1627 gessisset,
1611 1571 1763 1612 amotis

322 1630 502 1683 arbitris,
521 1629 781 1671 Absalonem
802 1631 953 1672 adesse
975 1630 1177 1684 precepit.
1217 1629 1311 1678 Quo
1335 1644 1478 1672 secum
1502 1629 1762 1681 considente,

323 1687 501 1729 indicem
522 1687 752 1742 aduocans,
774 1701 856 1743 que
877 1688 955 1730 sibi
979 1687 1192 1741 detulerit,
1220 1688 1373 1729 iterato
1397 1701 1610 1742 exponere
1631 1687 1762 1728 iubet.

320 1745 400 1786 Ille
430 1745 753 1800 propinquitatis
787 1750 918 1799 metu,
950 1759 1033 1801 qua
1049 1745 1240 1787 Absalon
1273 1760 1297 1787 a
1318 1745 1469 1788 Karoli
1490 1745 1585 1787 filiis
1608 1744 1764 1786 contin-

323 1802 517 1858 gebatur,
542 1803 683 1858 eloqui
704 1804 880 1856 ueritus,
898 1807 1024 1858 atque
1042 1817 1088 1843 os
1110 1803 1264 1844 rubore
1287 1803 1498 1858 perfusus,
1520 1801 1763 1857 aliquandiu

322 1861 495 1915 plenum
536 1861 805 1902 hesitacionis
852 1861 1069 1902 silencium
1116 1861 1215 1915 egit.
1295 1861 1423 1903 Cuius
1470 1859 1764 1902 taciturnitatis

323 1931 401 1958 rex
432 1918 543 1959 illico
577 1932 745 1960 causam
778 1919 1031 1972 coniectans,
1064 1917 1175 1973 Hoc,
1206 1918 1362 1974 inquit,
1394 1924 1438 1960 te
1470 1923 1586 1961 metu
1617 1914 1765 1972 Absal-
1815 1969 1817 1971 ,

323 1975 434 2016 lonis
474 1975 577 2017 fides
619 1976 791 2025 liberat,
834 1976 947 2031 apud
987 1990 1110 2031 quem
1156 1990 1250 2017 mee
1294 1981 1533 2032 respectum
1581 1975 1765 2018 caritatis

321 2033 490 2088 proprie
521 2034 846 2075 necessitudinis
880 2034 1096 2076 affeccioni
1116 2035 1431 2089 preponderare
1456 2048 1539 2075 non
1565 2033 1766 2074 dubitem.

326 2090 420 2139 Quo
464 2090 573 2132 dicto
621 2092 798 2133 senioris
843 2106 1019 2145 uocem,
1059 2091 1301 2133 uerecunda
1342 2092 1470 2133 animi
1509 2090 1768 2133 hesitacione

324 2152 579 2203 torpentem,
611 2148 665 2190 ad
698 2149 948 2203 eloquenda,
981 2163 1062 2204 que
1088 2149 1359 2202 iubebantur,
1390 2149 1644 2205 intrepidam
1674 2148 1767 2191 red-

325 2205 443 2247 didit.
506 2205 549 2247 Is
579 2207 722 2261 itaque
754 2208 1011 2250 relacionem
1043 2207 1096 2248 ab
1127 2206 1372 2248 insidiarum
1393 2207 1600 2262 principio
1634 2221 1766 2258 orsus,

326 2268 583 2319 cunctasque
631 2278 777 2305 earum
821 2270 964 2319 partes
1007 2265 1121 2307 ueris
1167 2265 1426 2306 narracionis
1467 2264 1631 2306 indiciis
1671 2277 1768 2319 pro-

323 2325 507 2373 secutus,
530 2321 609 2362 hoc
625 2335 708 2362 non
731 2336 818 2374 sue,
836 2322 910 2364 sed
928 2324 1067 2364 aliene
1089 2322 1393 2377 compercionis
1415 2322 1547 2363 fuisse
1568 2325 1766 2374 testatur,

325 2382 520 2433 rogatum
553 2393 598 2420 se
640 2383 823 2429 tantum,
864 2381 1011 2430 eadem
1042 2381 1132 2434 regi
1163 2380 1386 2421 referenda
1427 2394 1587 2421 curare.
1649 2379 1768 2420 Tunc

324 2451 414 2488 rex,
446 2450 495 2478 eo
527 2436 727 2479 secedere
761 2438 888 2489 iusso,
921 2438 1056 2479 ductis
1080 2439 1164 2479 alte
1189 2438 1391 2492 suspiriis,
1422 2438 1622 2493 priuatim
1655 2436 1765 2492 apud

325 2494 587 2536 Absalonem
619 2487 744 2550 queri
769 2496 892 2550 cepit,
923 2493 1152 2551 numquam
1184 2495 1262 2537 sibi
1293 2496 1362 2536 uel
1397 2495 1668 2550 cognacionis
1701 2495 1766 2535 ius
1824 2518 1827 2522 ·

326 2552 396 2593 uel
426 2552 706 2594 beneficencie
782 2553 930 2594 eritum
962 2554 1152 2595 obtentui
1179 2553 1272 2594 fore
1294 2553 1501 2609 potuisse,
1524 2566 1607 2608 quo
1630 2553 1768 2592 minus

325 2610 764 2667 malispropinquoru
802 2663 805 2669 .
839 2611 997 2652 artibus
1021 2615 1305 2667 appeteretur.
1355 2610 1552 2660 Quorum
1573 2609 1765 2651 fraudem
