1884 3126
254 920 290 946 10

253 1208 290 1234 15

250 1494 288 1522 20

249 1782 285 1809 25

248 2071 285 2099 30

249 2360 285 2387 35

250 2649 286 2675 40

333 272 414 313 586
865 288 913 294 —-
975 260 1114 303 XIIII
1173 285 1226 290 —

330 396 411 436 ueli
444 392 647 434 beneficio
679 392 984 444 penetrassent,
1018 387 1168 429 eodem
1200 385 1454 428 defensionis
1479 399 1649 440 genere,
1681 400 1764 442 quo

328 465 494 507 proram
533 451 839 498 instruxerant,
886 459 930 487 se
973 445 1079 486 duce
1120 444 1295 500 puppim
1336 444 1645 497 communiant,
1692 444 1765 486 ob-

328 513 507 558 seruate,
540 506 686 561 nequis
714 509 858 558 preter
880 517 975 543 eum
998 503 1106 543 int-ra
1128 501 1390 557 preliandum
1413 500 1529 542 fandi
1549 502 1765 542 licenciam

329 568 562 619 usurparet,
595 576 685 618 quo*
706 562 856 603 melius
878 560 1123 615 imperantis
1144 560 1271 600 iussio
1295 559 1581 601 exaudiretur.
1629 559 1763 607 Quem

325 621 418 674 si[c]
443 621 633 662 occidere
666 619 927 671 contigisset,
960 617 1149 659 Touonis
1182 616 1488 670 ner[t]erentur
1518 617 1763 671 imperium3

326 680 391 719 1110
438 679 471 718 81
518 679 722 731 perisset,
768 675 931 731 Esgero
979 676 1249 731 proloquium
1297 674 1559 728 deferretur3
1613 676 1765 730 quibus

326 736 558 789 prostratis,
582 736 795 775 minimum
819 747 961 789 pugne
986 737 1241 774 restaturum
1263 731 1441 773 dicebat.
1485 732 1579 780 Quo
1597 733 1766 774 demum

324 793 492 833 loricam
526 807 693 833 sumere
727 792 914 842 uolente,
946 792 993 843 is,
1035 792 1106 846 qui
1138 789 1424 845 gubernaculo
1458 795 1638 845 preerat,
1682 804 1764 845 quo

325 864 369 891 se
400 851 453 891 sit
484 855 776 903 protecturus,
817 849 1008 904 inquirit,
1042 863 1150 900 cum,
1182 853 1360 902 utraque
1391 861 1518 888 manu
1549 849 1657 889 circa
1688 862 1764 903 gu-

323 907 526 948 bernandi
548 907 730 948 officium
754 913 973 962 occupata,
996 904 1230 960 neutra<m>
1252 905 1491 947 necessarie
1509 905 1764 948 defensionis

327 964 470 1006 usibus
504 970 648 1019 aptare
679 965 827 1020 possit.
881 964 957 1006 Cui
986 965 1183 1006 continuo
1206 963 1423 1005 Esbernus
1445 963 1764 1018 munimentum,

324 1023 435 1076 quod
472 1028 561 1063 erat
593 1027 856 1077 sumpturus,
889 1022 1085 1072 tradidit,
1118 1035 1245 1076 seque
1280 1035 1406 1076 quam
1438 1021 1762 1075 gubernatorem

324 1080 515 1121 hostibus
547 1082 749 1121 inermem
783 1081 933 1122 offerre
965 1080 1127 1121 maluit.
1182 1079 1276 1126 Quo
1299 1078 1411 1120 facto
1436 1079 1559 1120 unius
1583 1079 1765 1120 hominis

324 1151 476 1193 eorpus
509 1138 636 1191 ferre,
670 1138 854 1179 omnium
889 1152 988 1179 uero
1021 1142 1180 1178 mentes
1212 1137 1389 1178 audacia
1420 1136 1632 1190 instruxit,
1673 1142 1765 1177 tan-

322 1200 469 1250 topere
502 1196 644 1237 hostes
676 1210 699 1236 a
731 1210 775 1237 se
814 1196 1026 1237 contemni
1068 1194 1377 1236 demonstrans,
1441 1194 1603 1242 Quibus
1646 1195 1766 1236 iuxta

324 1253 503 1294 Esberni
536 1254 756 1295 consilium
790 1254 1036 1295 obedienter
1059 1267 1106 1293 ac
1128 1256 1326 1294 strennue
1358 1253 1511 1307 gestis,
1543 1257 1765 1308 postquam

325 1311 466 1352 classis
498 1312 671 1365 globum
705 1313 922 1366 aciemque
954 1315 1253 1367 perruperant,
1297 1310 1455 1366 primus
1493 1310 1766 1365 sequeneium

324 1368 574 1409 Sclauorum
597 1370 785 1410 incursus
809 1370 852 1410 ui
874 1370 1053 1411 telorum
1071 1368 1266 1422 abigitur.
1301 1367 1533 1414 Secundus,
1550 1369 1764 1423 aliquanto

323 1427 482 1467 maiore
515 1432 668 1468 conatu
692 1428 842 1478 editus,
877 1428 965 1482 pari
987 1426 1114 1468 modo
1136 1427 1366 1480 repellitur.
1413 1425 1561 1467 Tercio
1586 1426 1765 1479 barbari,

319 1487 477 1524 tantam
503 1486 624 1526 11111118
651 1485 808 1539 nauigii
831 1485 1028 1526 uirtutem
1053 1484 1203 1537 mirati,
1229 1498 1320 1524 cum
1344 1483 1494 1538 quibus
1516 1484 1765 1539 prelientur,

322 1543 598 1596 interrogant.
660 1543 910 1597 Respondet
941 1542 1180 1595 Esbernus,
1222 1542 1376 1583 frustra
1407 1543 1578 1583 nomina
1611 1542 1765 1595 rimari,

320 1600 393 1654 qui
436 1600 608 1654 predam
651 1614 858 1656 occupare
901 1615 985 1641 11011
1034 1600 1208 1654 possint.
1272 1599 1400 1640 Hunc
1447 1599 1562 1640 uocis
1609 1599 1763 1639 iactum

320 1661 520 1711 expertus
552 1657 720 1711 Ericus,
744 1659 883 1699 Iurisii
915 1658 1037 1709 filius,
1072 1658 1135 1698 uir
1167 1657 1334 1710 generis
1368 1657 1489 1709 clari,
1524 1657 1595 1697 sed
1631 1656 1763 1699 cordis

321 1714 480 1767 obtusi,
515 1730 642 1771 quem
672 1716 781 1757 forte
816 1716 955 1757 Sclaui
988 1715 1072 1757 illic
1103 1716 1319 1770 captiuum
1361 1714 1595 1763 habebant,
1639 1728 1765 1770 quam

320 1777 488 1826 poterat
521 1773 632 1814 clara
663 1788 769 1815 uoce
800 1773 1057 1828 predicauit,
1090 1773 1326 1814 Esbernum
1375 1772 1428 1814 ab
1467 1773 1526 1813 eis
1558 1772 1649 1827 capi
1682 1786 1765 1813 non

319 1844 457 1884 posse.
520 1831 614 1879 Quo
648 1831 816 1884 audite,
850 1846 893 1872 se
927 1832 1065 1886 ipsos,
1098 1831 1177 1872 nisi
1208 1845 1258 1872 eo
1291 1830 1549 1886 potirentur,
1582 1830 1765 1871 inuicem

320 1889 527 1934 execrati,
572 1888 732 1930 hostilis
775 1890 934 1944 nauigii
977 1890 1110 1930 latera
1144 1889 1246 1929 citra
1286 1889 1440 1928 malum
1475 1887 1763 1929 communibus

318 1946 465 1986 rostris
497 1946 731 2001 impellunt.
785 1947 834 1987 In
868 1961 950 2001 quo
981 1946 1178 1988 conflictu
1200 1946 1437 2001 complures
1460 1960 1515 1987 ex
1538 1946 1598 1987 eis
1623 1946 1764 1986 exani-

320 2003 422 2044 mati
470 2009 591 2056 sunt,
645 2004 979 2046 Sialandensium
1027 2004 1192 2045 nemine
1244 2004 1492 2059 periclitato,
1570 2002 1764 2059 Cumque

316 2065 481 2111 uentus,
514 2062 631 2103 cuius
662 2077 746 2103 non
769 2062 981 2104 modicum
1015 2062 1219 2102 auxilium
1243 2066 1345 2111 erat,
1378 2061 1685 2116 aliquantulum
1710 2076 1763 2102 ex

319 2118 495 2172 pristino
540 2119 686 2160 habitu
731 2121 946 2162 remittere
992 2120 1230 2170 uideretur,
1284 2120 1565 2173 interrogatus
1608 2133 1633 2159 a
1678 2119 1763 2160 suis

319 2175 558 2229 Esbernus,
600 2191 651 2218 an
694 2179 790 2218 uelo
833 2178 1055 2232 remigium
1097 2176 1278 2218 adiicere
1319 2181 1558 2231 oporteret,
1600 2175 1640 2216 id
1675 2177 1763 2217 fieri

318 2234 555 2288 prohibuit,
613 2250 664 2276 ne
710 2236 1032 2288 nauigacionem
1078 2239 1191 2275 metu
1239 2234 1447 2276 conficere
1494 2239 1759 2288 putarentur.

322 2290 499 2347 Cunque
558 2292 760 2334 barbaros
806 2293 1035 2334 identidem
1082 2292 1256 2334 firmatis
1308 2292 1456 2332 animis
1507 2291 1762 2347 pertinacius

315 2349 473 2390 instare
497 2349 857 2404 cognoscere[n]t,
879 2350 1201 2406 perseuerancie
1226 2363 1368 2392 eorum
1391 2353 1520 2402 metu,
1542 2363 1592 2389 an
1621 2355 1625 2391 i
1655 2349 1763 2390 silex

317 2406 428 2447 intra
458 2408 673 2462 nauigium
707 2412 972 2463 suppeteret,
1003 2411 1302 2463 percontatus,
1346 2413 1572 2462 postquam
1615 2407 1762 2447 haberi

318 2478 415 2504 eum
446 2465 766 2514 animaduertit,
810 2467 963 2506 malum
1009 2465 1235 2506 conscendi
1267 2465 1392 2520 inque
1425 2465 1514 2505 eius
1547 2465 1762 2505 cacumine

317 2521 456 2575 ignem
503 2522 680 2564 extundi
722 2524 921 2578 precepit.
985 2523 1116 2565 Cuius
1164 2521 1263 2564 facti
1309 2522 1501 2563 acumine
1546 2522 1761 2574 barbaros,

317 2584 567 2634 sequentem
599 2581 774 2622 classem
802 2581 958 2635 limitari
993 2583 1218 2635 putantes,
1259 2581 1313 2622 ab
1356 2580 1559 2621 ulteriore
1599 2579 1659 2620 sui
1701 2579 1761 2620 in-

316 2638 553 2680 sectaeione
587 2638 787 2681 cohibuit.
806 2637 948 2726 ⁴&Cum
970 2638 1112 2680 uelum
1139 2643 1260 2681 extra
1284 2642 1556 2694 prospectum
1578 2636 1762 2679 hostium
