1884 3126
268 246 349 302 4⁹24
815 275 869 281 —
932 250 1045 292 XIII
1103 271 1158 279 --

266 387 445 428 aliorum
476 384 584 424 iusta
615 381 889 422 criminantur
911 379 1123 433 obsequia.
1169 377 1262 432 Ego
1292 391 1395 419 uero
1419 391 1501 418 non
1533 391 1712 431 regnum

267 444 332 495 (ut
364 441 475 492 aisti)
498 439 705 480 uocabulo
729 451 896 491 usurpo,
920 437 1006 482 sed,
1028 439 1267 490 temperata
1287 436 1469 476 nominis
1491 435 1710 490 dignitate,

267 500 496 541 fastuosum
527 496 794 537 salutacionis
827 495 954 536 decus
985 493 1114 548 fugio,
1148 493 1421 534 inuidendum
1455 493 1622 534 honoris
1653 494 1712 534 fa-

266 557 436 610 stigium
467 567 632 608 sperno.
693 553 760 592 Ita
792 553 950 606 absque
982 552 1095 592 omni
1127 551 1360 592 maiestatis
1382 555 1453 592 tue
1486 551 1712 604 preiudicio

267 614 445 655 barbara
489 612 596 651 circa
635 624 701 650 me
742 610 919 651 resultat
960 609 1213 650 humanitas.
1287 608 1424 649 Meam
1465 623 1566 649 uero
1605 609 1713 650 inter

268 671 426 711 alienos
448 669 767 709 ueneracionem
800 667 971 721 indigne
994 667 1149 718 ferunt,
1183 666 1254 721 qui
1276 670 1317 707 et
1348 666 1474 707 miehi
1504 667 1639 707 lucem
1673 671 1714 707 et

267 728 395 768 fidum
437 726 560 766 lateri
602 730 673 766 tuo
718 725 895 765 militem
928 725 1090 779 eripere
1135 724 1334 777 gestiunt.
1394 724 1485 765 Hos
1517 738 1621 779 eque
1654 725 1714 765 tui

266 799 366 826 usus
397 798 445 824 ac
477 784 559 824 mei
590 783 738 838 capitis
769 783 908 824 hostes
941 782 1093 823 iudico.
1144 781 1259 833 Esto,
1282 783 1425 823 uocari
1447 796 1513 823 me
1544 795 1711 836 regem,

267 856 329 891 en,
362 841 494 882 filium
526 846 646 882 tuum
679 840 884 894 Magnum
907 853 1040 894 nuper
1070 839 1182 893 apud
1205 839 1407 881 Gothiam
1440 841 1545 894 regii
1577 840 1713 881 cultus

202 910 232 937 10
263 904 305 941 et
336 899 517 940 nominis
550 899 785 952 insignibus
826 898 1006 953 potitum
1038 897 1333 952 comperimus.
1395 898 1524 939 Michi
1548 912 1712 953 quoque

199 1200 233 1227 ὦ

197 1489 230 1515 w

197 1777 230 1804 Q

198 2065 236 2094 30

200 2354 237 2381 35

266 958 299 999 si
329 970 408 1012 par
439 956 550 1011 apud
584 956 791 997 Sclauiam
836 956 1005 997 fortuna
1046 955 1242 1008 fauisset,
1282 960 1393 997 certe
1426 956 1534 997 binis
1564 970 1712 1010 regum

266 1014 479 1068 obsequiis
523 1015 585 1055 uti
624 1014 852 1054 iocundum
896 1013 1049 1054 ducere
1094 1013 1324 1065 debueras,
1363 1013 1559 1069 idemque
1588 1014 1603 1066 ll
1626 1019 1712 1066 tue,

265 1072 380 1127 quod
410 1086 519 1125 mee,
551 1071 720 1113 fortune
751 1072 1058 1112 incrementum
1091 1072 1348 1113 existimare.
1396 1071 1573 1127 Proprio
1598 1085 1714 1112 nam-

265 1144 346 1184 que
371 1134 493 1185 parta
511 1130 687 1184 negocio
721 1134 794 1170 tuo
815 1143 938 1184 quam
957 1129 1205 1170 alacerrime
1227 1129 1505 1171 subiectarem
1530 1130 1712 1184 fastigio,

265 1188 483 1243 foretque,
516 1192 563 1228 ut
593 1187 690 1228 inde
729 1188 1006 1228 scruiciorum
1052 1187 1240 1228 fructum
1286 1188 1557 1243 deccrperes.
1603 1187 1715 1229 unde

267 1246 427 1300 alioqui
458 1245 707 1287 damnorum
740 1245 921 1286 aduersa
952 1244 1178 1299 perferres.
1241 1246 1392 1300 Itaque
1434 1246 1530 1302 plus
1562 1246 1714 1287 amoris

266 1317 390 1359 quam
425 1303 506 1344 odii
540 1304 580 1344 in
612 1317 707 1343 mea
727 1303 867 1344 fueras
891 1302 1095 1344 felicitate
1116 1303 1392 1357 repositurus.
1442 1303 1579 1356 Adde,
1603 1304 1712 1359 quod

266 1375 342 1416 pro
377 1366 450 1402 tua
482 1376 530 1402 30
561 1362 698 1415 patrie
731 1361 1023 1402 incolumitate
1057 1361 1271 1402 excubare
1295 1362 1406 1402 omni
1428 1366 1541 1403 sorte
1572 1362 1715 1413 lecius,

268 1419 379 1460 omni
402 1419 543 1459 studio
568 1419 800 1474 speciosius
825 1419 938 1459 duxi.
977 1419 1088 1473 Ipse,
1112 1432 1163 1459 an
1187 1419 1412 1460 efficaciter
1434 1419 1712 1472 militauerim,

264 1477 386 1518 nosti.
460 1477 641 1519 Littora.
674 1477 796 1518 Dani.
840 1477 871 1517 si
916 1477 1067 1531 placet,
1116 1478 1323 1531 excolite3
1359 1478 1584 1532 equoribus
1617 1477 1715 1518 edes

267 1534 530 1589 quantalibet
560 1535 878 1590 propinquitate
912 1535 1154 1589 iungantur.
1217 1535 1303 1590 Ipsi
1326 1536 1460 1577 undas
1494 1542 1659 1588 cauete,
1691 1549 1715 1575 3

265 1592 483 1633 maritimis
516 1607 595 1647 ego
627 1606 705 1634 uos
740 1591 798 1646 [a]
827 1592 1086 1645 predonibus
1116 1593 1314 1647 prestabo
1337 1608 1523 1635 securos.
1581 1593 1649 1644 Et,
1682 1593 1716 1634 si

266 1650 358 1691 ueri
409 1651 691 1692 confessorem
745 1664 871 1703 agere
923 1665 1005 1691 11011
1064 1650 1290 1701 erubescis,
1328 1652 1417 1705 ipse
1454 1650 1715 1707 iampridem,

268 1707 446 1749 SIesuici
478 1709 726 1760 consistens,
759 1709 941 1749 3311113111
974 1714 1091 1749 tuam
1133 1708 1359 1749 aduersum
1393 1709 1610 1751 Saxonum
1644 1723 1715 1750 ex-

266 1766 531 1808 cursaciones
562 1767 730 1819 iugibus
773 1766 962 1808 excubiis
995 1767 1155 1807 uallare
1194 1780 1365 1808 necesse
1399 1767 1595 1808 habuisti.
1650 1766 1714 1808 Eo

266 1823 299 1864 si
330 1837 444 1864 nunc
475 1824 688 1866 diuertere
719 1824 884 1865 libitum
918 1828 1003 1876 est,
1034 1824 1187 1865 liberas
1219 1830 1332 1865 metu
1367 1830 1512 1867 noctes
1545 1826 1715 1879 exigere

265 1883 438 1936 poteris.
501 1882 706 1924 Preterea
748 1883 965 1936 angustias
997 1882 1115 1936 regni
1148 1882 1229 1935 tui,
1261 1883 1350 1924 sola
1382 1883 1518 1924 Danie
1550 1897 1717 1938 posses-

266 1939 384 1980 sione
428 1945 660 1993 contentas,
700 1940 910 1981 inusitatis
942 1941 1217 1981 terminorum
1248 1942 1487 1995 augmentis
1520 1941 1714 1995 explicui.

269 1996 386 2044 Quos
418 1998 533 2051 prius
564 1997 752 2039 infensos
784 1998 1021 2051 habueras,
1053 2012 1163 2039 nunc
1194 1998 1233 2039 in
1266 2000 1472 2040 tributum
1519 1999 1600 2040 acti
1640 2005 1714 2040 tuo

265 2067 341 2110 per
383 2069 449 2096 me
490 2055 746 2097 famulantur
789 2055 976 2110 imperio.
1039 2055 1202 2111 Itaque,
1235 2070 1409 2111 quarum
1451 2070 1529 2111 ego
1574 2071 1716 2098 rerum

266 2109 510 2166 selmentem
544 2114 641 2163 ieci,
674 2120 720 2155 tu
751 2114 935 2155 fructum
967 2113 1127 2169 absque
1157 2115 1334 2169 negocio
1374 2115 1597 2156 messuisti.
1660 2114 1716 2156 Et

267 2170 436 2225 quidem
482 2171 715 2226 impensam
763 2172 815 2213 ad
861 2172 1058 2226 militem,
1100 2173 1432 2214 emolumentum
1472 2173 1524 2214 ad
1570 2186 1715 2226 regem

266 2228 505 2270 redundare
545 2243 621 2284 par
660 2234 736 2272 est.
797 2229 854 2271 Et
895 2244 947 2271 ne
991 2230 1166 2271 ulterius
1206 2231 1373 2285 priuate
1415 2231 1566 2271 milicie
1603 2230 1716 2272 facta

267 2300 512 2341 prosequar,
536 2288 669 2328 eciam
696 2287 737 2328 in
766 2288 935 2342 publica
968 2287 1149 2330 aduerso
1173 2302 1249 2343 pro
1273 2292 1314 2329 te
1336 2289 1516 2329 uulnera
1540 2302 1717 2344 corpore

268 2345 430 2398 excepi.
492 2343 548 2386 Et
578 2350 720 2386 tamen
754 2345 811 2386 sic
843 2345 894 2386 de
928 2350 970 2386 te
1000 2345 1197 2387 meritum
1235 2346 1472 2401 suspicione
1505 2351 1548 2387 et
1579 2347 1716 2401 queri-

268 2402 413 2443 monia
444 2403 743 2445 causabundus
765 2403 1022 2457 aggrederis,
1046 2404 1288 2459 ueterisque
1312 2403 1453 2445 militis
1484 2404 1546 2445 tui
1576 2418 1716 2459 prom-

270 2460 504 2513 ptissimam
527 2460 652 2502 fidem
675 2466 716 2503 et
737 2461 1011 2503 certissimam
1031 2461 1319 2502 innocenciam
1345 2465 1494 2502 notare
1526 2462 1716 2503 deforme

274 2530 357 2558 non
401 2517 532 2560 ducis.
593 2518 729 2561 Hisne
762 2532 862 2573 ergo
897 2519 1094 2573 operibus
1128 2519 1280 2569 merui,
1312 2524 1359 2560 ut
1389 2520 1616 2561 aduersum
1648 2533 1715 2560 me

274 2575 576 2624 emulacionem
617 2581 733 2630 tuam
775 2577 815 2617 in
857 2577 1059 2618 concione
1093 2577 1408 2631 destringeres?
1480 2577 1630 2619 Hecne
1662 2590 1716 2618 ex

206 2643 240 2670 40
271 2631 416 2675 labore
460 2635 645 2690 premia,
694 2633 763 2707 ekq
776 2634 928 2680 milicia
961 2634 1170 2690 stipendia
1202 2634 1454 2693 decerpam,
1485 2638 1553 2686 ut,
1598 2635 1715 2683 cuius

1734 1023 1884 1052 CXXVH
