1884 3126
78 920 114 946 10

78 1212 113 1238 15

75 1503 112 1530 20

78 2086 115 2112 30

75 2377 112 2404 35

76 2667 112 2695 40

693 274 742 279 —
805 250 945 291 XIIII
1009 274 1057 278 —-
1522 248 1604 289 487

146 392 391 435 quanquam
425 381 466 419 et
497 377 685 420 animum
724 376 836 419 bene
879 377 931 419 de
966 382 1006 419 te
1050 391 1220 433 semper
1250 376 1474 432 gesserim,
1507 378 1550 418 et
1581 389 1607 417 a

146 436 277 493 patris
309 437 370 478 tui
401 436 674 478 interfectore
703 450 821 478 meus
854 450 942 479 non
973 435 1112 478 solum
1145 435 1360 478 ulcionem
1395 433 1604 490 exegerit,

146 495 221 537 sed
269 494 425 548 eciam,
474 498 671 550 suscepto
717 493 949 536 aduersum
994 499 1196 549 patruum
1237 493 1373 548 bello,
1421 493 1603 535 salutem

147 560 282 604 tuam,
326 554 437 595 inter
480 553 756 607 parricidales
798 567 952 594 manus
994 553 1083 594 sine
1125 553 1376 608 cuiusquam
1417 550 1603 607 presidio

146 612 438 664 constitutam,
481 611 618 665 plenis
658 611 830 667 pietatis
862 611 988 653 armis
1032 611 1087 652 ab
1119 611 1254 652 exicio
1296 610 1603 652 uendicauerit.

147 670 254 712 Post
301 684 427 725 quem
474 669 622 711 Ericus
660 669 829 724 Iunior,
870 684 924 711 ne
964 670 1153 725 parentis
1194 670 1302 723 mei,
1345 669 1412 710 cui
1442 667 1621 712 diucius.

146 730 420 781 militauerat,
454 733 626 784 ceptum
658 728 854 770 excidere
886 732 1130 783 pateretur,
1174 732 1222 769 ut
1264 727 1406 781 regni,
1447 727 1506 768 ita
1543 727 1606 768 tui

148 802 316 843 quoque
357 800 500 828 curam
543 787 734 841 arripuit.
805 786 980 828 Tercius
1021 800 1100 842 ego
1149 786 1347 842 pueriicie
1391 790 1465 827 tue
1505 799 1602 841 pro-

146 850 362 902 pugnator
393 845 565 887 accessi.
626 843 716 887 Nec
749 860 845 887 mea
877 846 1045 900 parcius
1091 859 1221 900 quam
1251 844 1442 900 priorum
1475 857 1606 900 opera

145 909 362 947 seruatum
395 908 438 945 te
470 904 590 946 scito.
638 903 724 945 Pro
759 903 897 959 capite
931 909 1006 944 tuo
1029 903 1219 946 nondum
1252 904 1294 944 in
1316 907 1472 944 etatem
1504 916 1602 957 pro-

147 963 275 1004 ducto
323 963 553 1004 aduersum
598 961 733 1014 hunc,
783 962 901 1003 cuius
947 962 1078 1004 fidem
1117 976 1230 1004 nunc
1270 962 1604 1016 societatemque

146 1021 432 1072 exoscularis,
474 1035 590 1061 arma
635 1021 818 1077 suscepi.
892 1020 986 1068 Que
1027 1021 1103 1061 nisi
1153 1020 1318 1062 felicius
1362 1020 1605 1075 auspicatus

145 1080 332 1131 fuissem,
364 1079 451 1120 filio
475 1079 620 1133 Magni
651 1079 882 1121 immerens
913 1093 1046 1133 penas
1078 1079 1243 1121 luisses.
1307 1078 1391 1126 Qui
1426 1078 1505 1120 nisi
1538 1092 1605 1119 me

146 1138 320 1179 tercium
356 1138 669 1190 extimesceret,
696 1137 1029 1193 haudquaquam
1050 1142 1093 1179 te
1115 1137 1351 1179 secundum
1373 1140 1601 1193 pateretur.

145 1196 262 1237 Dum
292 1196 407 1250 uiuo,
439 1197 573 1238 uitam
606 1196 684 1237 tibi
715 1195 922 1237 aduersus
947 1196 1036 1238 eius
1068 1196 1240 1238 insidias
1274 1209 1476 1251 prorogo.
1517 1194 1605 1236 Ex-

145 1256 299 1297 tinctus
331 1259 377 1295 ut
410 1269 564 1306 meum,
596 1255 657 1295 ita
687 1257 808 1295 tuum
850 1268 1019 1310 quoque
1052 1254 1165 1296 diem
1204 1255 1318 1296 finio.
1372 1254 1521 1309 -Igitur
1554 1267 1604 1294 eo

145 1314 284 1355 tucius
317 1313 370 1354 ad
404 1327 527 1368 opem
560 1317 680 1354 tuam
712 1312 982 1367 decurrerim,
1017 1327 1100 1368 quo
1134 1314 1230 1368 plus
1264 1327 1358 1354 eam
1391 1312 1604 1354 beneficio

146 1384 240 1413 meo
294 1371 449 1413 debere
500 1371 785 1426 cognouerim.
868 1371 924 1412 Et
967 1385 1080 1413 nunc
1120 1372 1306 1413 caritatis
1347 1376 1417 1412 tue
1451 1370 1603 1412 fiducia

146 1430 352 1471 arbitrum
393 1433 436 1471 te
474 1430 591 1485 pacis
631 1430 674 1471 in
714 1443 782 1471 me
821 1429 1016 1472 faciende
1061 1430 1289 1473 constituo,
1365 1429 1603 1471 Contentus

144 1502 230 1540 ero,
265 1502 349 1544 qua
380 1503 446 1530 me
479 1501 649 1543 cunque
681 1492 794 1530 sorte
817 1488 1056 1538 domueris,
1091 1494 1255 1530 tantum
1282 1487 1398 1543 apud
1430 1491 1603 1529 exteros

146 1547 401 1588 calamitatis
435 1560 692 1602 perpessus,
730 1551 778 1588 ut
808 1547 1002 1601 priuatus
1044 1552 1117 1588 aut
1141 1561 1292 1602 egens
1325 1547 1436 1588 intra
1466 1546 1606 1601 patric

145 1606 252 1647 fines
295 1604 462 1660 degere.
498 1619 624 1659 quam
669 1605 771 1647 exul
811 1604 953 1647 denuo
987 1606 1149 1647 censeri
1189 1606 1347 1647 malim.
1407 1604 1606 1646 Arbitror

148 1677 335 1719 quoque,
367 1668 427 1716 ut,
457 1678 552 1705 eum
596 1663 763 1717 singula
804 1663 954 1705 iustius
989 1664 1274 1716 estimaueris,
1306 1663 1416 1704 inter
1447 1662 1605 1718 probra

146 1722 350 1764 ducturus
382 1722 452 1776 sis,
485 1722 634 1776 pocius
666 1722 855 1776 parentis
887 1723 950 1763 tui
980 1722 1255 1764 interfectore
1298 1735 1424 1777 quam
1465 1721 1604 1762 ultore

74 1798 90 1821 ·.
144 1786 418 1835 procreatum
449 1780 660 1822 excolere.
723 1779 818 1821 Hec
850 1784 892 1821 et
925 1781 1076 1822 similia
1115 1781 1395 1836 replicantem
1428 1778 1603 1820 Walde-

145 1853 287 1879 marus
319 1838 592 1893 interpellare
613 1851 700 1879 non
724 1837 935 1892 dubitans,
958 1838 1139 1880 Frustra
1162 1853 1314 1889 meam,
1336 1838 1484 1894 inquit,
1517 1837 1603 1879 Ka-

144 1897 322 1952 nutique
355 1896 628 1938 concordiam
671 1910 840 1938 cassare
884 1898 1052 1952 pergis,
1095 1912 1187 1939 cum
1231 1901 1273 1940 et
1303 1897 1395 1952 ipse
1427 1900 1603 1951 paterne

146 1956 269 2010 culpe
300 1954 439 1996 affinis
471 1969 553 1996 non
583 1954 711 1997 fuerit
745 1958 785 1996 et
817 1954 941 1997 michi
974 1956 1017 1996 in
1049 1956 1139 1997 eius
1179 1955 1472 2011 expiacionem
1505 1954 1604 1997 olim

145 2014 255 2054 iusta
285 2013 552 2069 pei-soluerit.
617 2012 742 2061 Quod
782 2017 924 2054 autem
964 2014 1144 2055 ulterius
1184 2014 1260 2056 tibi
1295 2013 1477 2055 militare
1519 2027 1602 2055 non

146 2072 245 2124 tuli,
291 2085 372 2112 non
418 2084 510 2112 mee
552 2071 763 2125 leuitatis,
804 2070 879 2113 sed
920 2077 994 2114 tue
1026 2072 1202 2128 perfidie
1246 2072 1406 2113 crimen
1438 2074 1601 2127 reputa.

145 2130 298 2171 Nonne
332 2129 431 2171 olim
463 2143 528 2170 me
561 2130 924 2185 peregrinacionis
967 2135 1039 2172 tue
1081 2132 1281 2173 comitem
1313 2131 1356 2171 in
1389 2143 1602 2172 carcerem

145 2201 291 2230 socero
325 2187 564 2229 necandum
594 2187 764 2230 tradere
786 2188 1005 2230 statuisti?
1053 2190 1198 2245 Atqui,
1231 2189 1312 2230 nisi
1343 2189 1602 2244 prauitatem

145 2252 262 2288 tuam
288 2246 377 2287 eius
395 2247 596 2287 honestas
613 2246 799 2300 uicisset,
830 2247 941 2289 inter
960 2248 1130 2289 uincula
1147 2247 1378 2289 moriturus
1397 2247 1600 2287 abieram.

146 2304 329 2353 Quocies
364 2319 514 2358 meam,
549 2305 721 2359 quocies
743 2303 906 2346 Kanuti
937 2306 1119 2347 salutem
1151 2321 1227 2362 per
1259 2304 1432 2346 insidias
1465 2308 1600 2346 atten-

143 2368 275 2404 tatam
307 2362 592 2404 fraudulentis
626 2363 791 2404 consilii
822 2362 982 2405 nisibus
1017 2365 1198 2406 obruere
1230 2363 1438 2405 uoluisti?
1486 2362 1600 2410 Qua-

144 2421 242 2463 liter
273 2425 416 2462 autem
450 2434 573 2475 pares
605 2421 715 2462 ferre
743 2422 917 2476 poteris,
951 2435 1056 2476 quos
1079 2422 1232 2464 milites
1254 2421 1415 2463 habere
1448 2434 1600 2475 passus

144 2494 226 2521 non
258 2479 332 2520 es?
383 2478 546 2520 Verum
578 2493 630 2519 ne
662 2493 758 2520 cum
789 2479 1123 2534 reprehensione
1153 2479 1443 2536 propinquum
1475 2493 1600 2522 auer-

147 2542 234 2578 tere
277 2536 445 2588 uidear,
483 2550 549 2578 res
590 2540 686 2578 tuas
728 2536 957 2578 aduersum
1004 2542 1135 2594 caput·
1179 2551 1318 2579 meum
1356 2540 1599 2580 restaurare

145 2595 343 2644 tentabo,
390 2595 485 2648 plus
530 2594 807 2636 miseracione
851 2595 1024 2638 fortune
1064 2601 1139 2638 tue
1179 2609 1305 2651 quam
1350 2594 1599 2636 credulitate

142 2654 432 2714 promissionis
462 2652 675 2696 inductus,
724 2652 863 2706 Quam
895 2652 1204 2698 humanitatem
1236 2667 1332 2699 cum
1362 2654 1525 2700 scelere
1556 2659 1600 2702 et

1658 804 1687 830 p.
1706 794 1757 822 718
