1884 3126
90 885 126 912 10

90 1176 125 1203 15

88 1467 126 1495 ‘20

90 2049 126 2076 30

91 2628 128 2655 40

735 240 781 244 -
845 211 913 255 111
980 179 1067 242 -s
1551 216 1597 259 si

156 341 361 396 bebatur,
393 338 600 383 Othinum
631 340 760 382 uariis
804 341 1039 384 maiestatis
1078 341 1337 385 detrimentis
1377 343 1607 387 diuinitatis

157 401 334 457 gloriam
369 398 608 441 maculasse
652 404 897 449 cernentes,
937 399 1117 454 collegio
1159 416 1236 443 suo
1269 401 1606 444 submouendum

158 460 386 501 duxerunt.
459 456 549 499 Nec
576 460 581 509 Ι
610 457 744 499 solum
787 457 970 513 primatu
1019 460 1215 513 eiectum,
1248 460 1320 501 sed
1363 460 1494 502 eciam
1537 461 1608 503 do·

158 517 335 560 mestico
359 516 523 558 honore
543 515 745 572 cultuque
770 516 1000 571 spoliatum
1017 517 1368 572 proscribendum
1391 519 1608 570 curabant,

156 576 294 618 sacius
339 573 655 627 existimantes,
697 574 894 630 probrosi
935 575 1133 616 antistitis
1174 577 1414 630 potenciam
1452 577 1608 627 subrui,

161 647 288 691 quam
334 632 503 688 publice
534 632 748 687 religionis
791 632 980 674 habitum
1013 633 1293 689 prophanari,
1328 650 1380 676 ne
1419 635 1487 676 uel
1517 635 1609 691 ipsi,

158 693 296 734 alieno
332 690 504 733 crimine
527 690 744 746 implicati,
777 691 968 733 insontes
990 693 1181 734 nocentis
1214 693 1384 734 crimine
1412 693 1609 748 puniren—

158 756 240 791 tur.
309 748 526 791 Videbant
559 749 669 790 enim
713 749 826 804 apud
870 764 953 802 eos,
996 763 1101 805 quos
1141 750 1195 791 ad
1236 750 1490 793 deferendos
1531 752 1610 793 sibi

159 806 412 850 diui*nitatis
447 808 631 849 honores
652 807 889 860 illexerant,
921 809 1099 863 uulgato
1124 809 1295 851 maioris
1319 809 1386 851 dei
1407 809 1603 863 ludibrio,

160 867 411 922 obsequium
438 870 698 921 contemptu,
730 866 981 921 religionem
1003 866 1159 908 rubore
1185 867 1350 913 mutari,
1383 881 1502 909 sacra
1533 881 1609 923 pro

158 925 376 980 sacrilegio
424 923 544 977 duci,
586 928 718 966 statas
760 924 1046 980 solennesque
1091 925 1339 967 cerimonias
1384 926 1609 980 puerilium

158 983 528 1025 deliramentorum
574 983 669 1025 1000
703 983 879 1024 censeri.
940 983 1056 1025 Mors
1098 997 1174 1038 pre
1205 985 1357 1033 oculis,
1400 988 1537 1026 metus
1567 985 1610 1025 in

157 1042 307 1084 am‘mis
340 1044 454 1093 erat,
497 1041 608 1083 etin
651 1042 837 1082 omnium
879 1045 1007 1096 caput
1050 1042 1173 1083 unius
1217 1042 1385 1097 culpam
1424 1042 1609 1084 recidere

156 1105 343 1156 putares.
418 1098 548 1141 Hunc
587 1099 753 1154 itaque,
795 1113 849 1140 ne
891 1100 1105 1154 publicam
1145 1099 1392 1154 religionem
1436 1102 1609 1143 exulare

158 1166 344 1214 cogeret,
388 1157 516 1199 exilio
563 1158 831 1210 mulctantes,
876 1158 1066 1200 Ollerum
1101 1158 1313 1213 quendam
1355 1172 1439 1200 non
1472 1159 1610 1200 solum

155 1217 197 1258 in
229 1217 362 1271 regni,
395 1216 470 1258 scd
503 1216 636 1258 eciam
669 1217 709 1257 in
738 1215 969 1258 diuinitatis
1002 1216 1156 1258 infulas
1188 1216 1489 1272 subrogauere,
1521 1221 1611 1258 tan-

157 1289 283 1330 quam
316 1273 420 1316 deos
453 1288 501 1316 ac
532 1289 657 1329 reges
691 1288 836 1316 creare
868 1275 908 1315 in
943 1288 1050 1330 equo
1084 1275 1266 1329 positum
1300 1274 1423 1317 foret.
1474 1275 1609 1323 Quem

156 1334 254 1375 licet
284 1332 567 1388 perfunctorie
599 1333 815 1374 flaminem
848 1334 1123 1387 creauissent,
1167 1333 1331 1387 integro
1363 1347 1502 1375 rerum
1536 1334 1610 1374 ho-

156 1405 260 1433 nore
292 1390 522 1444 donabant,
566 1406 621 1433 ne
654 1391 784 1433 alieni
829 1390 955 1433 officii
988 1395 1250 1446 procurator,
1293 1390 1366 1433 sed
1398 1391 1609 1446 legitimus

158 1449 376 1505 dignitatis
409 1450 705 1491 aduerteretur
749 1463 842 1491 esse
874 1463 1108 1491 successor.
1170 1448 1224 1490 Et
1263 1449 1421 1504 nequid
1464 1449 1611 1504 ampli-

158 1508 315 1549 tudinis
348 1506 531 1560 deesset,
565 1507 712 1550 Othini
746 1521 915 1563 quoque
957 1508 994 1549 ei
1033 1522 1186 1550 nomen
1218 1508 1451 1563 imponunt,
1483 1521 1610 1548 uoca-

158 1566 246 1607 buli
278 1565 425 1608 fauore
458 1565 662 1607 inuidiam
694 1566 897 1612 nouitatis
933 1564 1156 1608 exclusuri.
1201 1566 1295 1614 Quo
1331 1565 1446 1606 denis
1478 1565 1609 1607 ferme

157 1625 280 1667 annis
312 1623 443 1665 diuini
466 1628 640 1666 senatus
671 1624 968 1679 magistratum
990 1629 1183 1679 gerente,
1214 1623 1384 1665 tandem
1410 1623 1610 1676 Othinus,

159 1683 235 1724 diis
268 1682 535 1724 atrocitatem
558 1682 671 1724 exilii
704 1683 1016 1734 miserantibus,
1048 1682 1148 1724 satis
1179 1682 1260 1723 iam
1292 1696 1445 1736 graues
1478 1695 1610 1737 penas

111 1757 123 1782 τ
158 1741 325 1783 dedisse
355 1741 486 1788 uisus,
519 1741 727 1796 squaloris
751 1741 1065 1783 deformitatem
1097 1741 1272 1795 pristino
1298 1740 1475 1796 fulgoris
1493 1740 1611 1781 habi-

157 1804 203 1841 tu
236 1799 511 1854 permutauit.
573 1798 667 1840 Iam
698 1801 810 1842 enim
844 1799 1071 1854 superioris
1103 1798 1273 1841 infamie
1305 1806 1451 1840 notam
1482 1798 1608 1840 medii

157 1857 361 1914 temporis
392 1857 661 1900 interuallum
696 1857 912 1900 exederat.
961 1857 1154 1911 Extitere
1188 1862 1341 1911 tamen,
1373 1857 1443 1912 qui
1473 1857 1610 1912 ipsum

157 1915 449 1971 recuperande
467 1915 683 1971 dignitatis
705 1916 824 1958 aditu
844 1916 1066 1971 indignum
1092 1920 1320 1968 censerent,
1343 1915 1457 1970 quod
1481 1915 1610 1957 sceni-

158 1975 214 2016 cis
248 1974 410 2016 artibus
452 1979 494 2016 et
526 1975 740 2017 muliebris
772 1974 899 2016 offleii
930 1974 1205 2030 suscepcione
1228 1974 1489 2015 teterrimum
1522 1973 1607 2014 diui

156 2032 337 2075 nominis
388 2032 664 2088 opprobrium
709 2032 920 2075 edidisset.
996 2032 1105 2074 Sunt
1148 2032 1216 2088 qui
1258 2035 1462 2085 asserant,
1510 2046 1607 2073 eum

158 2091 364 2146 quosdam
394 2090 570 2132 deorum
604 2090 834 2145 adulando,
867 2090 1075 2147 quosdam
1107 2090 1276 2146 premiis
1303 2089 1605 2145 permulcendo

158 2148 312 2190 amisse
354 2146 585 2190 maiestatis
625 2149 838 2191 fortunam
876 2148 1056 2205 pecunia
1099 2153 1353 2190 emercatum
1395 2148 1523 2190 fuisse
1565 2151 1607 2188 et

158 2207 212 2248 ad
244 2204 452 2262 honollres,
486 2207 637 2262 quibus
670 2209 752 2249 iam
781 2207 943 2263 pridem
977 2206 1199 2249 defunctus
1232 2206 1393 2257 fuerat,
1425 2205 1607 2259 ingentis

159 2279 323 2307 summe
345 2265 488 2320 precio
520 2265 702 2307 reditum
725 2279 1010 2321 comparasse.
1059 2265 1175 2313 Quos
1199 2265 1245 2313 si,
1277 2264 1422 2320 qua-nti
1444 2263 1605 2316 emerit,

156 2337 296 2378 rogas,
328 2323 420 2365 illos
443 2323 628 2378 consule,
660 2324 742 2379 qui,
774 2324 916 2379 quanti
942 2323 1140 2365 diuinitas
1164 2326 1332 2375 ueneat,
1357 2321 1606 2363 didicerunt.

158 2380 286 2423 Michi
328 2382 463 2423 minus
491 2380 721 2434 {constare
763 2381 915 2424 fateor.
977 2381 1112 2436 Igitur
1143 2380 1322 2433 Ollerus,
1363 2380 1416 2421 ab
1448 2378 1605 2421 Othino

158 2439 350 2480 Bizantio
398 2439 562 2495 pulsus,
607 2440 647 2482 in
694 2440 886 2482 Suetiam
920 2441 1140 2490 concessit,
1186 2439 1270 2491 ubi,
1317 2437 1450 2478 ueluti
1491 2450 1604 2478 nouo

160 2497 343 2552 quodam
378 2497 494 2550 orbe,
539 2498 746 2554 opinionis
778 2512 854 2539 sue
884 2502 1162 2540 monumenta
1195 2500 1431 2538 restaurare
1463 2495 1607 2537 conni-

160 2570 246 2610 sus,
286 2570 311 2598 a
342 2555 477 2597 Danis
517 2556 763 2598 interfectus
796 2561 874 2599 est.
935 2556 1068 2598 Fama
1100 2559 1176 2609 est,
1216 2555 1335 2595 illum
1366 2552 1472 2594 adeo
1512 2566 1607 2608 pre-

157 2614 379 2669 stigiarum
409 2627 488 2655 usu
522 2614 730 2668 calluisse,
763 2618 809 2656 ut
840 2614 893 2656 ad
916 2613 1164 2655 traiicienda
1195 2612 1325 2654 maria
1357 2625 1462 2661 osse,
1494 2609 1606 2666 quod

291 2687 378 2715 ,Saxo
398 2687 631 2716 Grammaticus.
1515 2679 1537 2717 6

1661 481 1688 506 p.
1715 474 1763 499 130

1649 811 1763 842 xva

1676 2210 1746 2246 (46)

1662 2393 1691 2419 p.
1713 2387 1759 2412 131
