1884 3126
319 232 401 273 236
891 252 943 257 —=
1002 230 1093 271 VII
1156 255 1207 261 -

593 358 688 401 Hec
718 362 861 401 uestro
892 358 1054 402 maduit
1084 373 1232 401 cruore
1263 358 1429 414 dextra,

592 417 688 459 Hec
718 416 826 472 proli
855 421 1026 459 teneros
1058 416 1218 459 ademit
1249 431 1396 471 annos,

598 475 735 524 Quam
766 475 850 516 luci
880 479 953 516 tua
983 475 1225 530 procreauit
1255 474 1391 529 aluus,

598 533 677 575 Oui
707 538 807 575 tunc
838 546 916 574 nec
945 533 1132 575 funebris
1163 533 1352 589 pepercit
1383 533 1506 576 ensis.

272 601 288 628 5
592 591 768 633 Infamis
799 591 962 645 mulier,
993 590 1221 646 furensque
1252 595 1405 646 mente,

594 649 752 691 Infelix
782 648 966 704 genitrix
999 652 1041 690 et
1073 648 1175 690 orba
1206 648 1328 700 natis,

595 707 816 749 Sublatum
847 706 922 748 tibi
953 706 1070 747 nulla
1099 705 1249 747 reddet
1281 711 1384 760 etas,

594 764 683 807 Nec
715 770 882 820 tempus
913 763 1108 817 redimet,
1140 764 1286 806 diesue
1320 765 1468 821 queuis

594 823 827 879 Demptum
858 821 1021 864 letifero
1052 822 1193 877 rigore
1224 823 1392 879 pignus.

252 949 286 977 10
457 939 524 981 Ita
546 939 694 981 mortis
718 937 1094 980 comminacionem
1115 937 1431 980 interfectorum
1455 952 1479 979 a
1500 952 1545 980 se
1565 938 1765 980 iuuenum

323 997 658 1053 exprobracione
700 997 837 1050 ultus,
880 997 1039 1039 reiecto
1080 996 1121 1037 in
1161 996 1350 1051 reginam
1381 996 1555 1052 poculo,
1600 1010 1646 1037 os
1677 996 1767 1038 eius

320 1070 465 1111 sparso
498 1055 603 1097 meri
633 1055 794 1110 liquore
827 1053 1016 1096 suffudit.

459 1110 627 1155 Interea
659 1113 803 1168 Sygne
847 1111 1051 1154 deflentes
1090 1110 1293 1165 famulas,
1334 1125 1387 1153 an
1427 1111 1506 1153 sibi
1547 1115 1766 1168 ceptorum

319 1171 433 1213 socie
466 1171 557 1212 fieri
596 1174 863 1226 paterentur,
905 1170 1153 1224 interrogat.
1215 1168 1317 1223 Ille,
1360 1169 1557 1225 quicquid
1600 1170 1767 1212 domine

253 1238 288 1267 15
322 1229 412 1271 uoti
442 1229 670 1283 incederet,
702 1228 786 1270 suis
818 1227 1032 1283 spondent
1063 1227 1286 1269 effectibus
1317 1227 1628 1283 exequendum.
1661 1227 1767 1270 Pro-

320 1287 508 1329 missioni
529 1286 635 1329 fides
663 1286 828 1328 adiecta
861 1290 938 1328 est.
980 1284 1148 1327 Deinde
1178 1285 1403 1341 lachrymis
1435 1285 1608 1340 suffusa,
1640 1300 1767 1342 quem

320 1345 442 1387 unice
475 1345 588 1387 thori
620 1349 860 1387 consortem
892 1343 1098 1394 habuerit,
1130 1343 1219 1385 fato
1252 1343 1415 1399 insequi
1445 1343 1555 1386 uelle
1587 1357 1632 1386 se
1654 1343 1765 1396 dicit,

319 1403 546 1458 iubetque,
591 1417 693 1444 mox
736 1406 782 1443 ut
824 1401 989 1456 signum
1022 1415 1045 1443 e
1075 1401 1248 1456 specula
1291 1401 1436 1443 datum
1479 1406 1612 1453 esset,
1651 1401 1767 1449 faces

323 1460 511 1502 thalamo
543 1460 687 1514 subdi,
719 1460 871 1502 deinde
901 1459 1075 1515 laqueos
1107 1473 1161 1500 ex
1192 1459 1327 1515 peplis
1365 1459 1477 1512 fieri,
1521 1459 1767 1515 hisdemque

250 1528 288 1555 20
318 1520 490 1572 fauces,
541 1519 664 1573 pulso
716 1518 876 1574 pedum
920 1517 1165 1573 fulcimine,
1215 1516 1538 1572 strangulandas
1586 1517 1766 1572 preberi.

318 1576 682 1629 Assencientibus,
716 1590 798 1632 quo
830 1576 1038 1617 minorem
1070 1574 1212 1617 mortis
1243 1578 1402 1616 metum
1432 1575 1653 1627 haberent,
1683 1590 1767 1617 me-

317 1649 411 1676 rum
442 1634 654 1690 propinat.
706 1635 809 1676 Post
838 1634 919 1676 hec
949 1633 1227 1688 Hagbarthus
1260 1631 1313 1674 ad
1343 1636 1539 1685 montem,
1571 1633 1641 1688 qui
1671 1637 1767 1688 post

317 1693 492 1734 modum
523 1692 576 1734 ab
608 1693 699 1748 ipso
732 1692 990 1734 uocabulum
1021 1691 1164 1739 traxit,
1196 1690 1422 1746 suspendio
1457 1691 1766 1733 consumendus

320 1750 558 1793 adducitur.
600 1750 734 1802 Tunc,
765 1754 1019 1805 experturus
1041 1749 1197 1790 amasie
1218 1748 1357 1800 fidem,
1390 1748 1616 1790 amiculum
1646 1763 1768 1790 suum

249 1818 286 1846 ‘25
318 1823 343 1850 a
373 1808 592 1850 lictoribus
624 1807 826 1863 suspendi
856 1809 1060 1863 precepit,
1092 1806 1299 1862 uoluptati
1330 1805 1407 1848 sibi
1439 1820 1532 1848 esse
1562 1806 1767 1862 prefatus,

319 1867 352 1908 si
375 1866 608 1922 propinque
631 1867 777 1909 mortis
808 1866 939 1907 instar
969 1865 1147 1907 alicuius
1170 1865 1401 1919 spectaculi
1422 1864 1605 1919 imagine
1627 1864 1765 1920 perui-

318 1924 461 1966 disset.
507 1924 601 1973 Quo
624 1924 866 1979 impetrato,
889 1923 1062 1978 specule
1084 1928 1238 1975 eustos,
1270 1922 1311 1964 id
1335 1923 1444 1964 circa
1466 1921 1765 1977 Hagbarthum

317 1981 464 2038 peragi
495 1987 626 2036 ratus,
659 1981 868 2024 conclusis
893 1982 1000 2022 intra
1021 1981 1162 2022 aulam
1183 1980 1335 2036 puellis
1358 1984 1584 2035 conspecta
1606 1980 1763 2022 denun-

320 2041 412 2082 ciat.
476 2040 590 2094 Que,
631 2054 731 2082 mox
762 2040 870 2082 datis
894 2038 908 2094 ΙΙ
931 2038 1126 2082 incendio
1170 2038 1313 2088 tectis,
1353 2038 1542 2080 subiecta
1582 2037 1763 2093 pedibus

251 2109 288 2137 30
317 2098 473 2151 robora
504 2098 789 2153 depellentes,
830 2098 953 2152 gulas
993 2096 1154 2152 laqueis
1197 2095 1511 2152 obtorquendas
1543 2095 1764 2139 dederunt.

318 2155 457 2212 Igitur
489 2155 781 2211 Hagbarthus,
820 2156 980 2211 regiam
1009 2155 1096 2210 igni
1133 2154 1389 2209 implicatam
1423 2153 1684 2210 conspiciens
1716 2168 1766 2195 ac

318 2220 468 2256 notum
497 2216 757 2270 conflagrare
789 2213 1040 2265 cubiculum,
1070 2212 1165 2268 plus
1197 2211 1334 2254 leticie
1355 2226 1400 2254 se
1424 2227 1479 2255 ex
1497 2212 1636 2254 <amice
1666 2211 1765 2265 fide,

319 2286 443 2327 quam
474 2273 651 2314 meroris
675 2287 729 2315 ex
750 2272 987 2329 propinqua
1019 2273 1154 2312 morte
1185 2270 1341 2312 sentire
1372 2269 1599 2325 perhibuit.
1652 2269 1764 2318 Quin

320 2330 452 2372 eciam
473 2333 659 2373 astantes
680 2330 733 2372 ad
755 2343 903 2373 necem
926 2329 1004 2371 sibi
1034 2327 1296 2370 inferendam
1326 2326 1533 2379 hortatus,
1563 2328 1605 2369 in
1637 2341 1762 2383 quam

249 2399 288 2427 35
317 2402 451 2443 paruo
484 2393 700 2431 momento
732 2388 868 2431 fatum
898 2390 1098 2443 poneret,
1140 2385 1381 2428 huiusmodi
1412 2385 1594 2427 carmine
1623 2389 1762 2441 prote-

319 2450 476 2489 statur:

459 2560 603 2613 Ocius,
634 2575 657 2603 o
687 2561 878 2614 iuuenes,
910 2563 1126 2615 correptus
1156 2559 1200 2601 in
1230 2572 1329 2601 aera
1360 2558 1498 2601 tollar.

527 2619 665 2663 Dulce
697 2618 834 2672 michi,
863 2622 1010 2677 nupta,
1041 2620 1103 2660 est
1132 2620 1230 2675 post
1258 2620 1332 2660 tua
1362 2616 1452 2660 fata
1477 2616 1595 2659 mori.

1836 2049 1884 2084 (13
