1884 3126
255 860 288 887 10

258 1146 287 1172 15

253 1433 287 1459 ‘20

250 1719 290 1746 25

253 2007 289 2034 30

250 2298 285 2325 35

254 2584 289 2612 40

322 218 404 258 504
854 232 904 239 ——
963 206 1101 248 XIIII
1163 229 1212 235 —-

456 339 572 379 Tunc
602 351 690 388 rex,
721 334 956 386 Absalonis,
987 333 1118 386 Petri,
1151 332 1328 374 8111101110
1360 338 1400 373 ct
1432 332 1654 386 Hcsberni,
1678 333 1748 388 qui

321 397 579 454 potissimum
617 393 796 434 consiliis
832 392 919 432 eius
950 399 1166 445 preerant,
1207 390 1552 445 prudencioribus
1585 391 1749 431 monitis

322 455 582 502 informatus,
615 450 761 491 ciciore
789 463 914 503 quam
935 448 1091 489 maiore
1128 449 1315 489 exercitu
1342 448 1585 502 occultoque
1618 449 1750 502 magis

321 513 486 552 incursu
517 522 639 562 quam
673 511 818 561 aperta
850 506 978 546 classe
1012 505 1294 560 expedicionis
1324 506 1365 545 in
1397 505 1557 546 hostem
1588 505 1749 559 agende

320 567 534 610 consilium
566 565 686 617 cepit
720 577 813 604 cum
846 563 975 603 multo
1008 563 1206 603 facilioris
1237 563 1289 602 sit
1320 563 1486 616 negocii
1516 563 1751 616 inopinatos

321 638 444 679 quam
474 622 672 686 prouidos
704 634 963 675 oppugnare,
994 623 1036 661 et
1056 620 1288 685 plerunque
1318 619 1534 685 preualide
1566 620 1750 661 multitu-

320 681 426 722 dinis
469 679 680 720 sentencia
726 677 977 719 salutaribus
1024 678 1229 718 maiorum
1270 678 1389 718 iussis
1432 677 1562 718 obniti
1605 677 1749 728 soleat,

320 737 431 792 apud
453 750 580 791 quam
600 736 694 790 plus
716 735 868 776 uirium
890 733 1068 776 Sclauici
1089 735 1267 776 nominis
1288 739 1420 776 terror
1442 749 1567 789 quam
1588 735 1749 789 regium

320 794 549 850 possideret
590 793 784 834 edictum
860 792 1019 833 Idciico
1065 796 1206 832 autem
1250 806 1480 847 perpaucos
1525 792 1646 834 huius
1691 793 1751 834 rei

318 852 494 893 arbitros
539 850 716 899 adciuit,
760 849 868 904 quod
909 850 1053 900 sciret
1096 863 1341 904 quecunque
1382 850 1493 890 ferro
1534 854 1750 904 geruntur,

319 909 496 964 publicis
526 908 698 959 uiribus,
732 907 803 948 sed
826 907 1001 961 priuatis
1025 907 1204 948 consiliis
1226 908 1520 948 amministrari
1543 912 1750 962 oportele.

319 967 375 1008 Et
415 966 610 1021 quoniam
651 965 703 1006 (10
746 964 1082 1006 Sialandensium
1127 965 1231 1005 nihil
1278 965 1474 1020 obsequio
1519 965 1751 1017 dubitabat,

320 1018 491 1065 Scanice
523 1023 661 1063 classis
693 1022 840 1063 ducem
872 1036 999 1076 agere
1030 1023 1281 1077 preoptauit.
1329 1022 1531 1077 Cumque,
1565 998 1752 1063 1101010111

319 1082 483 1146 integra
513 1080 768 1132 ualitudine,
801 1080 1066 1131 Scanienses,
1097 1079 1261 1121 Lundie
1293 1085 1550 1132 contractos,
1582 1080 1752 1134 expedi-

320 1139 448 1180 cionis
479 1138 725 1178 sollicitaret
757 1137 914 1189 edicto,
949 1139 1156 1178 maximus
1187 1138 1378 1192 pontifex
1418 1112 1605 1179 Eskillus
1637 1138 1753 1190 (nam

321 1196 359 1237 ei
382 1196 508 1237 ceteri
530 1195 795 1249 proloquium
818 1194 1095 1246 deferebant,)
1128 1195 1311 1249 negabat
1336 1196 1378 1236 in
1401 1195 1598 1249 expedito
1625 1209 1753 1236 naues

321 1267 424 1306 esse,
457 1253 606 1307 quibus
637 1257 723 1293 tam
755 1252 891 1293 subito
923 1253 1079 1293 iussum
1110 1257 1396 1307 perageretur.
1457 1252 1646 1307 Cumque
1677 1267 1751 1294 rex

320 1310 705 1364 obtemperantibus
747 1311 954 1364 graciam,
987 1310 1352 1364 supersedentibus
1394 1311 1499 1351 iram
1533 1324 1575 1351 se
1606 1324 1753 1365 repen-

320 1382 463 1409 surum
495 1367 680 1419 dixisset,
713 1372 914 1422 tantaque
944 1368 1149 1422 propositi
1180 1367 1407 1422 cupiditate
1438 1368 1675 1422 perfusum,
1706 1373 1753 1409 ut

317 1426 439 1466 unico
463 1425 666 1479 proficisci
687 1425 856 1479 nauigio
878 1439 1004 1479 quam
1026 1425 1338 1480 expedicionem
1361 1426 1574 1467 remittere
1596 1426 1752 1478 mallet,

320 1482 518 1533 Eskillus,
550 1482 784 1524 indubitate
815 1483 1043 1524 uoluntatis
1076 1483 1162 1524 eius
1183 1482 1381 1524 firmitate
1413 1488 1640 1537 comperta,
1671 1497 1753 1524 11011

321 1540 458 1581 0010111
489 1540 709 1581 00110111οῃ1
742 1540 951 1595 probauit,
982 1540 1055 1581 sed
1087 1540 1230 1591 eciam,
1262 1541 1333 1595 qui
1364 1541 1453 1595 regi
1483 1541 1653 1582 comites
1684 1541 1753 1582 de-

320 1602 480 1649 essent,
522 1597 575 1638 ad
617 1597 787 1638 modum
826 1602 1065 1650 execratus,
1109 1612 1183 1639 sua
1214 1612 1309 1639 eum
1350 1599 1447 1639 naui
1483 1599 1753 1653 impensaque

321 1656 500 1720 excepit.
562 1654 818 1710 Iampridem
847 1655 957 1696 enim
988 1669 1131 1708 regem
1154 1656 1476 1710 expedicionum
1510 1655 1751 1697 dissuetudo

321 1713 493 1767 nauigio
525 1712 1062 1778 spoliauerat.Post1emi
1092 1712 1378 1754 Lalandenses
1410 1727 1458 1754 ac
1490 1713 1681 1754 Falstrici
1711 1714 1752 1754 in

321 1770 495 1811 classem
528 1770 638 1811 coire
670 1770 782 1822 iussi,
815 1785 878 1819 110,
910 1771 1037 1825 longa
1058 1771 1312 1824 presciencia
1344 1770 1491 1822 edocti,
1523 1770 1668 1812 furtim
1700 1771 1751 1812 ad

320 1827 494 1869 Sclauos
525 1828 729 1882 imperate
760 1828 821 1869 rei
853 1828 1006 1869 indicia
1037 1828 1260 1870 deferrent.
1321 1828 1381 1869 At
1411 1828 1483 1869 ubi
1513 1828 1753 1870 Landoram

320 1885 450 1926 classe
481 1889 757 1950 peruentum,
789 1900 887 1939 rex,
919 1885 1136 1940 spectandi
1176 1886 1384 1928 exercitus
1416 1887 1479 1927 sui
1509 1886 1679 1939 auidus,
1710 1887 1753 1927 in

319 1956 467 1997 campo
514 1943 653 1997 copias
697 1943 908 1998 explicare
947 1943 1181 1997 constituit,
1223 1948 1270 1984 ut
1314 1948 1425 1984 totas
1470 1944 1581 1984 01100
1625 1944 1753 1985 000110

318 1999 590 2053 subiiciendo,
623 2014 675 2041 an
702 2015 752 2042 ea
774 2015 901 2042 manu
922 2005 1011 2042 tuto
1036 2000 1191 2042 bellum
1213 2001 1505 2042 commissurus
1525 2001 1751 2054 uideretur,

318 2058 534 2112 aspiceret.
610 2058 679 2098 Ab
727 2058 848 2099 huius
898 2058 1049 2099 littoris
1100 2058 1328 2100 continenti
1379 2059 1548 2113 longior
1597 2059 1752 2100 harene

318 2119 498 2169 tractus,
541 2115 736 2156 breuibus
786 2116 994 2168 abscisus,
1045 2116 1228 2157 curuatis
1278 2116 1534 2157 anfractibus
1585 2121 1750 2171 portum

317 2172 497 2227 nauigiis
528 2173 651 2226 facit,
682 2173 849 2215 humilis
890 2174 973 2227 ita,
1005 2178 1051 2214 ut
1082 2173 1277 2215 ueniente
1308 2178 1398 2215 estu
1429 2174 1580 2226 lateat,
1612 2175 1752 2215 absce-

318 2229 443 2271 dente
473 2230 647 2271 uisatur.
694 2230 804 2271 Nam
825 2231 1005 2272 uadosus
1036 2231 1123 2271 eius
1143 2231 1336 2272 introitus
1367 2231 1579 2272 diffusiore
1601 2230 1748 2286 spaciol

319 2301 448 2342 opace
479 2287 710 2329 altitudinis
740 2288 873 2329 undas
904 2288 1090 2329 includit.
1138 2288 1220 2330 Sed
1252 2290 1447 2343 quoniam
1479 2289 1588 2330 hunc
1610 2289 1746 2330 locum

319 2346 455 2386 cuncti
476 2344 693 2386 Danorum
724 2359 858 2399 reges,
889 2346 1102 2387 uanissimi
1125 2347 1274 2388 erroris
1305 2346 1579 2387 deliramento
1611 2360 1751 2401 suspe-

318 2407 452 2455 ctum,
493 2402 667 2458 perinde
707 2417 756 2444 ac
795 2403 969 2445 fatalem
1007 2417 1156 2444 cauere
1196 2408 1523 2455 consueuerant,
1556 2405 1750 2459 proximo

318 2464 440 2513 portu
472 2460 655 2502 uniuersi
676 2460 856 2514 agminis
877 2465 1127 2515 apparatum
1149 2461 1426 2503 curiosissime
1448 2461 1751 2516 contemplatus

320 2521 392 2568 est,
424 2517 636 2568 adhibitis,
667 2518 737 2572 qui
769 2518 920 2559 milicie
951 2518 1074 2559 rudes
1104 2518 1164 2559 rei
1197 2519 1345 2560 bellice
1384 2519 1645 2560 documentis
1676 2519 1750 2559 im-

319 2573 517 2629 buerent,
557 2575 751 2634 quatinus
791 2576 901 2618 uires
940 2590 1034 2617 suas
1074 2577 1215 2633 pocius
1258 2576 1388 2622 solida
1421 2577 1639 2620 oculorum
1669 2576 1750 2620 fide
