1884 3126
58 866 92 895 10

59 1162 94 1189 15

53 1452 92 1480 20

54 1743 91 1772 25

54 2033 92 2061 30

56 2322 91 2350 35

60 2612 97 2640 ⁴⁰
127 2613 266 2656 silium
306 2614 647 2671 circunspiciens,
678 2615 842 2658 uultum
887 2616 989 2670 eius,
1020 2630 1074 2659 ne
1106 2616 1198 2660 uiso
1225 2617 1311 2660 telo
1332 2621 1575 2673 terreretur,

715 216 988 259 -Χ-
1490 217 1572 257 329

125 347 271 402 partiti
304 351 416 389 sunt.
479 345 570 388 Nec
591 345 804 389 immerito
831 344 976 388 Sembi
997 346 1215 401 sanguinis
1239 346 1302 388 sui
1326 349 1575 387 contextum

127 419 152 446 a
182 404 348 446 Danice
378 405 517 460 gentis
549 402 722 471 salmilia
753 409 990 446 numetffant
1030 403 1152 446 Adeo
1177 405 1287 446 enim
1311 405 1576 460 captiuarum

127 477 243 505 amor
277 464 483 505 uictorum
518 463 680 505 animos
712 463 846 518 cepit,
880 468 950 515 ut,
995 462 1150 504 omissa
1180 463 1386 505 redeundi
1416 461 1573 518 cupidi-

127 527 230 572 tate,
278 521 516 563 barbariem
561 535 638 577 pro
682 521 820 574 patria
863 521 1064 574 colerent,
1115 521 1260 562 alienis
1312 535 1437 577 quam
1489 520 1574 562 suis

125 579 332 634 coniugiis
362 580 598 635 propiores.

263 638 369 680 Post
400 637 478 679 hec
510 637 667 693 Thym,
700 637 863 678 Danice
894 637 1129 679 maiestatis
1174 643 1315 693 caput,
1347 636 1574 691 absumpta

127 699 203 738 est.
278 695 408 738 Cuius
461 710 614 751 corpus
660 695 876 737 Haraldus
918 695 1175 751 amplissimo
1219 697 1369 737 funere
1416 696 1574 736 elatum

125 767 279 808 magno
314 768 404 794 cum
439 755 625 795 omnium
657 754 861 809 plangore
894 768 979 795 non
1012 754 1138 809 longe
1181 768 1204 794 a
1244 754 1376 809 patris
1409 753 1572 795 tumulo

126 812 344 867 sepulture
376 812 606 854 mandauit.
669 811 821 868 Neque
854 812 963 853 enim
997 816 1083 853 tam
1118 812 1202 854 acri
1233 813 1395 854 iactura
1437 811 1574 852 cuius-

123 884 249 925 quam
297 875 472 926 penates
524 871 701 914 meroris
754 874 950 925 expertes
999 885 1091 912 esse
1138 875 1359 926 poterant,
1405 870 1572 925 priuato

124 928 278 970 funere
331 928 545 984 publicam
597 928 732 984 patrie
784 927 1000 969 fortunam
1047 930 1285 984 exspirasse
1336 928 1572 970 credentes.

125 986 210 1027 Vbi
243 1000 353 1028 nunc
386 1001 555 1043 quoque
588 988 816 1029 sacrarium
844 988 1085 1042 perspicere
1118 992 1193 1041 est,
1228 987 1408 1028 duorum
1432 987 1574 1028 coniu-

126 1058 226 1099 gum
257 1045 484 1087 socialibus
519 1046 651 1087 bustis
681 1045 932 1088 intersitum.

263 1102 352 1145 Nec
396 1103 570 1146 silencio
612 1103 949 1159 implicandum,
1012 1103 1127 1159 quod
1171 1105 1376 1159 sequitur.
1450 1103 1572 1145 Toko

128 1161 313 1216 quidam,
346 1162 592 1217 aliquandiu
610 1163 722 1217 regis
754 1162 966 1216 stipendia
999 1163 1187 1215 meritus,
1221 1162 1385 1214 officiis,
1421 1162 1573 1217 quibus

126 1219 456 1262 commilitonum
479 1220 622 1263 studia
645 1220 888 1276 superabat,
911 1221 1149 1276 complures
1172 1220 1379 1262 uirtutum
1401 1235 1570 1261 suarum

125 1277 268 1320 hostes
302 1278 514 1320 effecerat.
576 1278 658 1320 Hic
679 1278 802 1329 forte,
835 1293 1032 1320 sermone
1062 1279 1171 1320 inter
1203 1279 1405 1321 conuiuas
1438 1283 1573 1319 temu-

122 1335 284 1378 lencius
316 1336 475 1389 habito,
508 1341 593 1379 tam
627 1337 800 1393 copioso
825 1350 870 1377 se
892 1336 1121 1392 sagittandi
1152 1351 1230 1378 usu
1264 1337 1416 1379 callere
1447 1337 1573 1378 iacta-

124 1395 210 1447 bat,
242 1398 289 1436 ut
318 1408 489 1450 pomum
524 1401 901 1451 quantumcunque
932 1395 1135 1450 exiguum
1169 1395 1318 1437 baculo
1358 1410 1380 1437 e
1419 1395 1574 1436 distan-

122 1453 186 1494 cia
231 1454 549 1508 superpositum
592 1454 726 1509 prima
769 1453 922 1508 spiculi
963 1453 1199 1495 direccione
1238 1453 1397 1495 feriret.
1480 1452 1573 1501 Que

124 1524 234 1563 UOX,
281 1512 463 1566 primum
498 1512 834 1554 obtrectancium
866 1511 1037 1553 auribus
1071 1515 1264 1566 excepta,
1295 1512 1406 1566 regis
1440 1511 1572 1553 eciam

124 1568 316 1610 auditum
369 1571 524 1623 attigit.
565 1573 569 1576 ’
605 1570 688 1612 Sed
740 1584 840 1611 mox
892 1570 1091 1626 principis
1141 1569 1390 1625 improbitas
1440 1569 1571 1625 patris

124 1627 326 1669 fiduciam
357 1627 408 1668 ad
442 1628 516 1669 filii
538 1628 773 1683 periculum
796 1627 1024 1680 transtulit,
1056 1627 1345 1669 dulcissimum
1369 1628 1457 1668 uite
1481 1628 1571 1669 eius

123 1685 276 1740 pignus
309 1685 448 1727 baculi
480 1687 574 1727 loco
617 1687 747 1727 statui
787 1686 1012 1740 imperans,
1053 1686 1120 1728 cui
1161 1687 1240 1727 nisi
1282 1686 1570 1741 promissionis

122 1747 269 1785 auctor
300 1744 435 1798 primo
470 1745 627 1799 sagitte
662 1748 818 1785 conatu
839 1758 1013 1799 pomum
1035 1745 1280 1800 impositum
1303 1744 1570 1796 excussisset,

122 1801 292 1856 proprio
325 1803 464 1857 capite
495 1803 631 1844 inanis
663 1802 868 1844 iactancie
899 1815 1030 1857 penas
1062 1803 1211 1844 lueret.
1272 1801 1466 1857 Vrgebat
1496 1802 1571 1842 im-

122 1861 288 1915 perium
342 1861 453 1915 regis
505 1861 682 1902 militem
734 1860 896 1901 maiora
959 1861 1178 1916 promissis
1231 1860 1382 1915 edere,
1433 1859 1571 1901 aliene

123 1917 452 1960 obtrectacionis
482 1918 643 1960 insidiis
675 1933 827 1974 parum
857 1918 995 1960 sobrie
1026 1919 1143 1961 uocis
1173 1918 1331 1960 iactum
1364 1916 1572 1974 carpenti-

124 1975 215 2017 bus.
277 1975 429 2031 Itaque
461 1991 516 2019 ex
548 1977 669 2019 dictis
701 1977 832 2017 eciam
878 1990 961 2017 non
1003 1976 1207 2018 dictorum
1253 1976 1424 2019 effectui
1466 1975 1568 2017 obli-

122 2033 317 2088 gabatur,
350 2035 591 2090 euenitque,
623 2038 669 2076 ut
700 2038 878 2076 conatus
907 2035 912 2087 1
939 2049 1038 2076 suos
1071 2034 1124 2076 ad
1167 2035 1222 2088 id,
1269 2035 1382 2090 quod
1423 2037 1562 2078 minus

123 2092 410 2147 presumebat,
443 2093 636 2148 erigeret,
669 2098 723 2145 et,
755 2092 869 2148 quod
892 2107 1042 2148 parum
1073 2093 1337 2149 professione
1368 2095 1570 2147 coluerat,

122 2149 290 2205 plenius
323 2151 592 2205 experiencia
623 2152 872 2193 celebraret.
934 2150 1087 2206 Neque
1121 2152 1233 2194 enim
1263 2152 1398 2194 solida
1420 2153 1569 2204 uirtus,

122 2208 292 2250 tametsi
354 2207 670 2251 detraccionum
728 2209 890 2263 laqueis
944 2210 1182 2265 implicata,
1241 2210 1395 2252 iustam
1444 2211 1570 2252 animi

124 2266 323 2307 fiduciam
375 2266 556 2309 abiicere
606 2268 757 2323 potuit.
822 2266 936 2315 Quin
983 2268 1114 2308 eciam
1162 2282 1212 2309 eo
1260 2270 1441 2320 cercius,
1486 2283 1569 2324 quo

123 2324 335 2366 difficilius
368 2326 709 2380 experimentum
740 2325 915 2391 accepit.
976 2325 1227 2367 Exhibitum
1267 2327 1412 2382 itaque
1444 2327 1568 2369 Toko

124 2381 443 2435 adolescentem
475 2383 684 2425 attencius
716 2383 896 2436 monuit,
929 2388 975 2424 ut
1007 2385 1126 2439 equis
1148 2384 1321 2426 auribus
1345 2385 1570 2451 capiteque

124 2439 340 2482 indeflexo
387 2454 512 2495 quam
562 2441 875 2497 pacientissime
920 2442 1145 2498 strepitum
1195 2443 1322 2483 iaculi
1358 2443 1568 2485 uenientis

126 2499 356 2552 exciperet,
388 2512 442 2540 ne
474 2498 558 2540 leui
591 2499 779 2554 corporis
811 2503 929 2541 motu
962 2499 1249 2542 efficacissime
1281 2501 1383 2543 artis
1406 2501 1570 2555 experi-

127 2556 291 2598 enciam
336 2556 628 2600 frustraretur.
690 2556 894 2600 Pretelea
941 2557 1149 2599 demende
1192 2558 1426 2600 formidinis
1472 2572 1569 2600 con-

1631 409 1658 434 p.
1676 400 1728 428 486

1618 2051 1645 2076 ρ,
1666 2032 1718 2061 487
