1884 3126
251 899 287 926 10

250 1184 287 1211 15

247 1470 284 1498 20

249 1756 285 1785 25

244 2043 282 2071 30

243 2329 279 2356 35

323 253 402 293 646
884 267 931 273 —
992 240 1076 282 XV
1136 264 1190 270 -

320 388 368 415 ac
399 371 530 427 rigida
561 370 791 410 animorum
812 367 965 408 iudicia
986 366 1128 417 fuisse,
1160 366 1260 421 quin
1282 364 1333 406 ad
1357 369 1616 420 postremum
1640 364 1747 404 alter

320 430 488 471 alterius
525 426 696 467 arbitrio
736 426 989 466 flecteretur.
1052 422 1186 465 Orare
1217 422 1368 463 deinde
1400 436 1520 474 eum,
1552 434 1746 475 progres-

322 487 448 528 sionis
478 485 516 524 in
536 483 729 524 scaniam
760 481 1019 535 propositum
1054 481 1234 526 deserat,
1257 478 1596 532 Sialandiamque
1630 492 1748 533 repe-

321 549 409 585 tere
440 541 627 581 deforme
658 552 742 580 non
765 538 905 590 ducat,
938 538 1138 592 speciosis
1161 537 1385 592 aliquando
1417 536 1598 577 consiliis
1630 536 1749 576 utilia

320 600 568 655 prelaturus.
629 596 695 636 Ad
729 596 805 636 hec
835 595 1039 648 Absalon,
1072 609 1126 636 ne
1154 599 1254 635 tunc
1286 593 1455 649 quidem
1487 607 1532 634 se
1562 598 1748 634 ueterem

322 653 578 708 obsequendi
618 666 775 693 morem
818 652 1082 705 relicturum,
1114 652 1324 706 prefatus,
1366 651 1534 693 consilio
1578 664 1747 691 usurum

320 712 509 763 affirmat,
542 710 734 765 quamuis
765 709 999 751 absenciam
1033 724 1150 750 suam
1174 709 1314 750 multis
1338 716 1378 749 et
1410 708 1609 762 grauibus
1636 722 1750 749 men-

321 769 531 810 daciorum
563 767 672 808 notis
702 766 968 808 lacerandam
991 767 1107 808 sciat.
1154 766 1263 810 Rex,
1296 766 1446 820 graciis
1469 770 1586 807 tante
1610 764 1751 806 mode-

319 826 474 867 racioni
507 824 735 879 impensius
768 824 891 877 actis,
925 824 1087 878 equites
1127 824 1215 865 eius
1247 824 1287 864 in
1320 828 1594 876 augmentum
1625 822 1751 863 comi·

318 887 429 924 tatus
462 882 664 936 deposcit.
712 881 780 922 Illi
811 882 851 922 in
883 881 1030 935 plenos
1051 881 1148 923 fidei
1181 881 1447 935 caritatisque
1471 881 1595 922 fletus
1617 880 1751 927 effusi,

318 940 429 981 hunc
469 939 545 981 sibi
587 939 773 994 supremi
811 939 1087 994 perpetuique
1130 938 1348 980 dedecoris
1381 938 1491 979 diem
1531 937 1752 985 affirmant,

318 995 455 1050 hu[i]c
486 997 711 1051 ignominie
742 1009 825 1036 non
859 996 1049 1050 propria,
1078 996 1150 1037 sed
1184 997 1417 1037 alienorum
1454 996 1626 1047 ignauia
1657 1008 1752 1049 pro-

317 1054 474 1107 tractis,
508 1058 564 1105 ut,
597 1054 661 1094 cui
682 1053 910 1094 famulatus
934 1052 1070 1094 officia
1092 1053 1287 1106 debeant,
1321 1053 1574 1094 desercionis
1596 1053 1752 1107 probra

317 1112 576 1165 persoluant.
636 1111 704 1152 Ita
736 1110 949 1152 Absalone
994 1125 1071 1165 per
1111 1125 1314 1152 summam
1346 1111 1582 1152 animorum
1613 1110 1751 1151 mesti-

319 1168 424 1209 ciam
456 1169 616 1220 relicto,
646 1181 788 1223 regem
812 1168 1194 1223 prosequebantur.
1255 1168 1419 1210 Graues
1451 1168 1512 1209 illi
1543 1167 1752 1208 difficiles-

319 1239 399 1280 que
446 1239 537 1267 cum
584 1227 708 1280 plebe
756 1225 978 1267 conciones
1020 1226 1150 1267 fuere.
1224 1225 1392 1280 Vbique
1444 1227 1553 1266 enim
1604 1238 1752 1266 causas

318 1289 480 1324 armata
513 1283 690 1336 dicebat,
722 1283 904 1324 animum
934 1282 1080 1325 habitu
1114 1288 1388 1325 ostentatura.
1430 1276 1593 1324 Cotidie
1617 1283 1753 1324 Absa-

317 1341 455 1382 lonem
484 1341 488 1393 Ι
515 1340 619 1381 falso
663 1346 703 1382 et
746 1339 932 1382 inaudito
975 1341 1294 1383 obtrectacionis
1336 1354 1488 1395 genere
1520 1340 1747 1382 lacerabat.

317 1398 413 1440 Hec
454 1398 672 1440 audientes
714 1397 905 1439 lutenses
944 1399 1109 1440 occulto
1141 1399 1401 1440 laudacionis
1441 1398 1577 1440 studio
1608 1411 1751 1453 prose-

315 1456 564 1511 quebantur,
586 1455 803 1497 blandiciis
822 1455 1029 1508 fouentes,
1053 1457 1165 1512 quod
1190 1457 1315 1497 armis
1332 1456 1481 1511 punire
1504 1451 1748 1497 debuerant.

318 1513 412 1561 Qua
443 1513 705 1555 adulacionis
737 1513 1003 1556 deformitate
1036 1515 1266 1555 maximum
1292 1513 1490 1556 sedicioni
1515 1513 1750 1555 irritamen·

316 1575 403 1611 tum
435 1571 599 1612 dedere.
647 1571 755 1622 Rex,
787 1571 912 1612 finitis
945 1572 1260 1624 commeatibus,
1292 1571 1484 1613 Scaniam
1516 1571 1748 1622 relicturus,

315 1628 446 1669 lectos
480 1641 502 1668 e
533 1628 657 1683 plebe
689 1629 801 1670 uiros
836 1629 1114 1683 componendi
1149 1644 1242 1670 cum
1274 1629 1488 1670 Absalone
1521 1629 1674 1683 gracia,
1696 1628 1748 1668 ad

314 1685 415 1726 illud
438 1684 652 1726 Sialandie
684 1686 815 1738 littus,
849 1686 959 1741 quod
983 1687 1036 1727 ab
1060 1687 1267 1741 Helsingo
1303 1686 1458 1742 oppido
1494 1686 1746 1727 uocabulum

317 1748 446 1794 tenet,
478 1744 668 1785 traiicere
699 1743 830 1784 iubet.
892 1744 975 1785 Vbi
1017 1744 1186 1785 demum
1213 1750 1217 1794 Ι
1247 1744 1437 1785 Absalon
1479 1745 1567 1798 regi
1597 1743 1744 1786 obuius

314 1799 466 1853 factus,
484 1801 770 1856 compluribus
792 1802 1039 1844 innocencie
1064 1802 1310 1843 testimoniis
1333 1802 1496 1843 obiecta
1511 1801 1748 1856 purgando,

316 1863 486 1899 cunctas
518 1858 832 1900 mendaciorum
866 1863 1020 1913 partes,
1054 1860 1206 1914 quibus
1227 1860 1380 1900 absens
1403 1864 1573 1900 notatus
1596 1858 1747 1911 fuerat,

314 1914 418 1957 adeo
450 1916 599 1957 ualidis
631 1917 893 1971 copiosisque
926 1917 1160 1959 racionibus
1192 1917 1448 1969 subruebat,
1479 1924 1525 1958 ut
1558 1917 1747 1957 crimina-

314 1977 426 2014 tores
456 1978 621 2014 reatum
653 1974 844 2015 confiteri
878 1978 1046 2015 coactos
1078 1974 1131 2015 ad
1163 1975 1331 2015 ueniam
1354 1988 1378 2015 a
1399 1988 1443 2015 se
1474 1973 1749 2028 flagitandam

312 2029 561 2081 adduceret,
599 2030 744 2086 ,deque
788 2032 1101 2073 accusatoribus
1142 2033 1206 2073 sui
1237 2036 1508 2074 ueneratores
1550 2031 1747 2073 efficeret.

313 2086 404 2128 Nec
435 2101 566 2142 parua
599 2089 709 2142 apud
743 2104 886 2131 omnes
921 2090 1166 2144 eloquencie
1201 2090 1288 2131 eius
1322 2090 1562 2131 ammiracio
1597 2088 1747 2140 extitit,

314 2145 615 2200 compluribus,
648 2146 716 2200 qui
739 2146 929 2199 aderant,
962 2146 1104 2188 diuino
1129 2162 1200 2189 ore
1223 2161 1316 2188 eum
1340 2148 1476 2200 egisse
1498 2146 1746 2188 dicentibus,

313 2202 395 2243 Sed
437 2202 515 2244 hec
555 2204 695 2244 omnia
738 2203 1022 2246 scaniensium
1064 2205 1194 2260 legati
1237 2204 1288 2245 ad
1334 2205 1491 2245 ciuium
1531 2204 1746 2245 arbitrium

312 2259 553 2314 relegantes
584 2260 826 2315 discedunt,
860 2262 1019 2316 absque
1060 2263 1194 2317 patrie
1225 2276 1434 2303 consensu
1476 2262 1638 2303 nullum
1669 2261 1747 2301 sibi

312 2317 588 2371 componendi
630 2318 693 2359 ius
735 2333 825 2361 esse
869 2319 1025 2361 testati.
1089 2319 1171 2361 Sed
1202 2333 1337 2375 neque
1380 2334 1522 2361 eorum
1558 2319 1641 2360 fida
1673 2318 1745 2359 ad-

312 2373 551 2416 hortacione
597 2376 780 2430 populus
821 2376 1058 2418 Scaniensis
1090 2377 1141 2418 ad
1175 2376 1471 2432 deponendam
1503 2382 1742 2417 consterna-

313 2431 442 2473 cionis
475 2447 546 2474 sue
579 2434 734 2475 rabiem
766 2433 918 2477 adduci
948 2434 1097 2489 potuit.
1145 2434 1252 2476 Nam
1276 2434 1291 2487 Η
1315 2448 1392 2475 nec
1424 2434 1607 2476 decimas
1640 2447 1742 2487 pon-

313 2488 534 2531 tificalibus
575 2491 718 2533 usibus
759 2486 863 2541 solui
906 2498 1118 2541 curatum,
1160 2506 1236 2533 nec
1268 2493 1516 2547 quicquam,
1549 2491 1659 2546 quod
1691 2490 1744 2531 ad

314 2546 540 2598 prestanda
580 2563 793 2590 sacrorum
833 2546 925 2590 iura
968 2549 1195 2602 attinebat,
1235 2549 1483 2591 exhibitum.
1554 2551 1743 2596 Quorum

244 2614 279 2648 φο
309 2603 520 2645 infandam
571 2607 901 2667 sacrilegamque
953 2607 1224 2666 pertinaciam
1277 2606 1487 2659 Absalon,
1547 2606 1742 2662 proximo

1804 1356 1834 1380 p.
1852 1348 1884 1374 94

1795 2436 1884 2471 (3681
