1884 3126
81 880 114 908 10

81 1170 114 1197 15

75 1460 112 1488 ‘20

73 1752 110 1779 25

73 2042 111 2069 30

73 2330 110 2356 35

72 2620 109 2647 40

708 240 763 247 -—
823 215 912 259 VII
971 242 1024 248 —
1501 225 1582 267 223

147 344 332 387 cei-itatis
364 344 453 387 eius
485 344 689 388 dimensio
722 346 981 390 tenderetur.
1032 347 1144 392 Huic
1175 349 1398 394 duodecim
1427 351 1584 394 athlete

147 402 474 446 contubernales
505 403 647 455 fuere,
690 404 841 459 quibus
874 405 1011 447 officio
1051 412 1162 458 crat,
1194 409 1362 463 quocies
1404 409 1461 451 illi
1492 424 1585 465 prc-

146 476 249 517 saga
274 460 279 516 Ι
308 475 450 517 pugne
481 461 619 504 rabies
649 462 901 516 incessisset,
934 463 1199 507 uinculorum
1231 467 1418 509 remedio
1445 467 1582 509 oborti

146 520 299 561 furoris
322 520 528 574 impetum
548 521 813 575 propulsare.
859 520 927 562 Ab
961 521 1023 563 his
1047 523 1269 565 Haldanus
1291 524 1585 567 Harthbenum

146 579 322 633 eiusque
351 576 516 633 pugiles
554 577 709 619 uiritim
742 578 981 634 impetere7³<
1012 581 1170 634 iussus,
1214 595 1297 622 non
1329 583 1466 624 solum
1498 597 1583 624 cer-

145 640 285 678 tamen
328 635 580 691 spopondit,
612 636 687 678 sed
729 637 861 678 eciam
903 637 1120 679 uictoriam
1167 639 1244 680 sibi
1289 640 1448 695 ingenti
1491 655 1583 682 uer-

145 695 295 736 borum
326 693 480 735 fiducia
518 694 722 748 promisit.
795 694 890 743 Quo
923 695 1067 737 audito
1101 696 1397 751 I-Iarthbenus,
1439 713 1584 753 repen-

145 752 234 793 tino
251 751 454 794 furiarum
472 750 621 792 afflatu
645 757 879 807 correptus,
902 767 1086 795 summas
1110 755 1243 810 clypei
1260 760 1401 809 partes
1423 771 1582 798 morsus

146 810 377 852 acerbitate
400 810 672 865 consumpsit,
704 810 851 865 igneos
884 812 1022 852 uentri
1045 813 1244 854 carbones
1275 814 1475 856 mandare
1500 828 1582 856 non

145 868 319 922 destitit,
352 873 496 923 raptas
529 881 601 909 ore
631 881 789 922 prunas
821 869 861 909 in
894 869 1100 910 uiscerum
1125 870 1208 911 ima
1230 871 1466 924 transfudit,
1498 886 1583 913 cre-

145 926 330 981 pitancia
351 926 615 968 flammarum
636 927 824 981 pericula
846 928 1065 982 percurrit,
1097 928 1149 969 ad
1170 933 1440 983 postremum,
1473 930 1584 970 omni

145 985 299 1026 seuicie
345 997 503 1039 genere
546 983 852 1036 debacchatus,
901 985 941 1025 in
991 999 1066 1026 sex
1111 986 1368 1028 athletarum
1412 1001 1582 1028 suorum

144 1041 368 1097 precordia
397 1042 562 1084 furente
594 1056 720 1084 manu
752 1042 907 1084 ferrum
931 1044 1151 1085 conuertit.
1215 1044 1350 1092 Quam
1381 1045 1582 1087 insaniam

145 1100 204 1141 illi
235 1100 455 1156 pugnandi
486 1099 669 1142 auiditas
701 1115 755 1142 an
787 1105 937 1143 nature
970 1100 1163 1143 ferocitas
1195 1102 1348 1154 attulit,
1378 1102 1581 1144 incertum

146 1162 223 1201 est.
286 1158 534 1200 Haldanum
567 1157 721 1201 deinde
753 1158 922 1199 residua
951 1159 1139 1214 pugilum
1172 1173 1298 1201 manu
1329 1161 1493 1214 petiuit.
1545 1161 1583 1201 A

145 1230 227 1271 quo
271 1217 374 1258 mire
424 1215 675 1270 granditatis
721 1217 872 1258 malleo
921 1221 1144 1270 contusus,
1191 1218 1279 1258 uita
1322 1232 1370 1258 ac
1410 1218 1585 1259 uictoria

116 1275 292 1328 caruit,
326 1274 528 1330 deditque
559 1288 691 1329 penas
725 1279 767 1316 et
790 1274 1003 1328 Haldano,
1036 1289 1160 1330 quem
1188 1281 1510 1330 prouocauerat,
1543 1280 1584 1317 et

143 1332 332 1388 regibus,
366 1346 546 1387 quorum
578 1332 784 1387 sanguine
816 1346 892 1387 per
923 1333 1006 1374 uim
1038 1333 1194 1388 potitus
1225 1333 1376 1376 fuerat.

283 1389 340 1432 At
357 1389 557 1445 quoniam
576 1389 777 1432 Haldano
799 1390 884 1432 fors
907 1390 1098 1446 inopinae
1119 1405 1260 1446 pugne
1283 1405 1429 1433 causas
1454 1392 1584 1446 porri-

143 1462 246 1502 gere
280 1449 514 1499 censueuit‚
547 1449 666 1503 quasi
696 1462 925 1504 numquam
968 1449 1119 1490 uirium
1155 1450 1243 1490 eius
1285 1449 1581 1504 experimentis

144 1510 359 1561 contenta,
392 1506 555 1560 accidit,
590 1510 638 1547 ut
671 1506 886 1560 Egtherus
922 1506 1155 1562 Fynnensis
1186 1506 1359 1562 piratico
1393 1506 1582 1548 Sueones

140 1564 388 1607 molestaret
415 1565 599 1610 incursu.
645 1564 782 1613 Quem
804 1564 1023 1606 Haldanus
1049 1565 1173 1606 ternis
1195 1564 1366 1606 adortus
1389 1565 1580 1618 nauigiis,

143 1623 262 1675 (nam
297 1627 339 1664 et
369 1623 407 1665 ei
439 1622 616 1666 totidem
652 1637 745 1665 esse
778 1625 1062 1677 compererat)
1096 1636 1209 1675 cum,
1241 1626 1363 1664 nocte
1403 1622 1579 1676 prelium

142 1680 326 1733 finiente,
361 1680 577 1723 debellare
607 1694 692 1722 non
724 1685 882 1736 posset,
913 1686 1085 1736 postera
1103 1680 1170 1721 die
1202 1695 1254 1722 ex
1276 1679 1581 1735 prouocacione

142 1752 284 1780 secum
317 1738 613 1781 decernentem
648 1739 869 1794 oppressit.
922 1739 1087 1780 Deinde
1119 1752 1211 1780 cum
1237 1737 1417 1780 Hatheri
1447 1737 1580 1791 reguli

142 1797 269 1838 filiam
303 1796 550 1839 Thorildam
582 1812 607 1839 a
640 1797 895 1848 Grimmone,
929 1797 1175 1838 eximiarum
1222 1796 1371 1836 uirium
1408 1795 1580 1846 athleta,

142 1855 220 1897 sub
254 1854 385 1898 duelli
422 1856 755 1897 comminacione
797 1855 937 1910 expeti
981 1854 1272 1909 comperisset,
1315 1853 1579 1907 edictumque

144 1927 168 1954 a
200 1916 320 1968 patre
353 1917 477 1966 esset,
509 1913 739 1969 potiturum
773 1927 835 1965 ea,
870 1913 939 1968 qui
971 1913 1155 1967 pugilem
1177 1912 1418 1964 amouisset,
1450 1924 1580 1966 quan-

144 1984 270 2025 quam
301 1971 354 2012 ad
387 1975 651 2014 senectutem
683 1971 824 2013 celebs
856 1974 1122 2025 peruenerat,
1162 1983 1245 2011 non
1276 1969 1413 2010 minus
1444 1968 1579 2022 reguli

143 2029 418 2084 promissione
440 2043 565 2085 quam
589 2029 747 2071 athlete
779 2028 1019 2084 petulancia
1042 2028 1290 2072 concitatus.
1322 2026 1579 2080 Noruagiam

140 2087 259 2142 petit.
322 2087 417 2136 Qua
458 2088 561 2129 inita
592 2092 765 2129 cunctas
797 2087 1026 2141 agnicionis
1067 2100 1142 2128 sue
1181 2090 1302 2126 notas
1343 2083 1578 2125 adulterina

142 2144 224 2186 oris
271 2145 416 2187 illuuie
448 2159 733 2201 respergens,
779 2150 825 2186 ut
864 2158 1005 2199 pugne
1048 2144 1185 2185 locum
1227 2143 1419 2194 accessit,
1464 2142 1576 2197 prior

142 2216 284 2244 ensem
327 2203 567 2258 destringit.
640 2203 777 2251 Quem
824 2202 877 2243 ad
925 2202 1119 2243 hostilem
1163 2201 1297 2242 sciens
1345 2200 1577 2253 obriguisse

142 2265 429 2316 conspectum,
462 2261 577 2302 humi
609 2261 775 2313 deiecit,
808 2260 977 2314 alioque
1004 2264 1008 2308 ἱ
1036 2260 1193 2314 uagina
1225 2258 1421 2299 submoto
1444 2256 1577 2297 Grim-

140 2333 307 2361 monem
353 2325 586 2375 appetens,
643 2323 856 2361 extremos
900 2318 1027 2359 lorice
1074 2331 1210 2358 nexus
1260 2329 1351 2356 eum
1402 2313 1575 2356 occidua

142 2376 278 2431 clypei
311 2381 431 2433 parte
462 2377 688 2433 persecuit.
737 2376 862 2425 Quod
894 2375 1053 2416 factum
1075 2375 1260 2416 Grimmo
1283 2372 1578 2414 ammiracione

141 2440 403 2489 persecutus.
426 2435 647 2486 Vetulum,
669 2435 816 2489 inquit,
838 2434 975 2474 acrius
997 2432 1260 2473 dimicantem
1281 2444 1362 2471 non
1385 2430 1576 2481 memini;

140 2492 367 2549 statimque
399 2492 558 2535 ferrum
591 2506 770 2534 exerens
811 2491 1019 2533 obiectam
1054 2490 1193 2545 gladio
1226 2502 1414 2544 parmam
1454 2500 1578 2541 pene-

140 2550 279 2592 trabili
311 2551 505 2593 seccione
537 2550 758 2592 conuulsit.
801 2548 929 2590 Cuius
951 2549 1243 2590 immorantem
1264 2546 1361 2587 ictui
1384 2544 1576 2586 dextram

139 2607 366 2651 Haldanus
413 2609 517 2650 nihil
564 2608 749 2651 hesitans
800 2607 927 2649 obuia
970 2606 1071 2648 ferri
1116 2604 1327 2646 celeritate
1366 2602 1577 2657 corripuit.

1637 487 1662 511 p.
1683 478 1732 505 328

1634 579 1755 610 [aKVlb

1634 2272 1661 2296 p.
1681 2262 1730 2289 329
