1884 3126
137 887 171 914 10

139 1179 168 1205 15

132 1469 170 1496 20

131 1757 168 1785 25

131 2048 168 2075 30

131 2339 167 2366 35

131 2630 168 2658 40

790 221 1057 264 ..X-
1570 220 1653 263 359

203 347 413 403 perspicui
461 348 621 392 roboris
672 349 963 404 spectaculum
1014 348 1198 404 prebuit.
1263 347 1394 391 Cuius
1445 349 1654 404 impetum

203 406 458 461 Richardus,
492 406 677 448 Siciliam
709 412 873 463 petens,
907 407 1009 462 fuga
1040 421 1290 463 precurrere
1322 408 1565 450 maturauit.

342 465 513 506 Interea
545 464 744 507 Kanutus
791 465 844 506 ob
885 465 1026 520 grauis
1068 466 1218 507 milicie
1259 466 1427 507 labores
1471 465 1651 507 aduersa

203 523 439 565 ualitudine
472 536 667 579 pressus,
700 537 794 564 cum
827 537 871 565 se
905 524 1095 578 corporis
1127 524 1327 565 firmitate
1359 523 1574 565 defectum
1605 537 1654 565 ac

202 595 304 622 mox
326 582 475 636 spiritu
499 582 727 623 cariturum
751 581 1125 630 animaduerteret,
1158 587 1415 624 conuocatos
1438 596 1653 637 proceres,

205 653 289 680 non
321 640 404 681 nisi
436 639 545 682 bello
579 639 794 690 confecto,
835 639 982 682 domos
1015 640 1172 681 reuerti
1205 640 1348 693 iussit,
1391 640 1495 681 haut
1527 640 1652 681 dubie

203 698 384 739 uictoria
425 699 655 753 potituros,
694 698 729 740 si
760 697 928 739 funebri
975 698 1064 740 eius
1106 698 1217 739 lecto
1259 698 1456 741 humeros
1489 699 1530 740 in
1563 699 1653 740 acie

203 755 483 798 subiecissent
524 761 651 812 atque
690 756 798 797 inter
839 757 996 810 primos
1037 757 1311 812 preliancium
1354 757 1503 810 globos
1535 756 1654 798 ducis

204 815 373 855 nomine
405 828 558 870 corpus
591 829 712 857 suum
745 814 941 856 exanime
982 815 1277 869 pertulissent,
1309 814 1462 869 idque,
1503 815 1651 870 fugato

201 871 336 926 hoste,
370 886 452 927 quo
485 872 635 914 clarius
669 873 852 914 cinerum
884 887 1056 914 suorum
1085 872 1090 926 Ι
1118 873 1425 915 monimentum
1450 879 1651 926 exstaret,

203 930 316 986 apud
352 931 680 985 Rothomagum,
712 931 921 987 promissa
951 931 1159 986 indigenis
1194 931 1401 983 libertate,
1435 932 1654 987 sepulture

204 988 474 1037 mandarent;
507 989 629 1031 facile
658 1004 810 1031 usuros
835 989 1081 1031 condicione
1104 989 1264 1042 Gallos,
1298 989 1331 1031 si
1352 989 1461 1030 illico
1488 991 1652 1032 hostem

203 1047 356 1088 finibus
388 1047 473 1089 suis
506 1062 784 1090 excessurum
818 1054 1147 1102 cognoscerent,
1184 1061 1405 1102 paruoque
1437 1048 1652 1103 impendio

203 1104 353 1160 grandi
398 1105 577 1160 patriam
625 1112 742 1148 metu
788 1106 966 1148 liberare
1014 1107 1262 1161 quiuissent.
1326 1105 1361 1147 O
1405 1106 1651 1148 immensam

202 1163 376 1218 perituri
407 1165 521 1218 regis
554 1164 818 1218 industriam,
851 1178 934 1219 que
965 1165 1051 1205 suis
1083 1164 1122 1204 in
1157 1164 1325 1206 ultimas
1359 1179 1499 1206 rerum
1521 1179 1652 1219 angu-

202 1221 302 1263 stias
327 1221 538 1263 deuolutis
562 1222 782 1278 disciplina
804 1236 929 1278 quam
951 1222 1097 1277 spiritu
1123 1222 1302 1264 uiuidior
1325 1222 1461 1265 affuit.
1509 1223 1652 1265 Enim-

202 1293 308 1322 uero
357 1281 634 1335 superstitum
682 1281 794 1323 salus
842 1280 1087 1322 decedentis
1134 1280 1302 1336 ingenio
1350 1281 1480 1323 stetit.
1542 1280 1651 1322 Nam

203 1352 357 1394 corpus
390 1339 494 1392 eius,
526 1338 694 1380 funebri
725 1340 835 1380 lecto
871 1353 893 1379 a
926 1339 1129 1381 militibus
1162 1340 1201 1380 in
1235 1339 1323 1380 acie
1343 1339 1566 1394 perlatum,
1598 1340 1651 1381 ad

201 1395 425 1437 Danorum
448 1411 583 1452 usque
606 1398 828 1439 uictoriam
850 1397 985 1439 ueluti
1008 1399 1109 1439 uiua
1130 1396 1437 1439 adhorta-cione
1459 1398 1652 1453 profecit,

203 1459 248 1495 ut
288 1468 372 1495 non
419 1455 556 1496 minus
599 1456 776 1497 extincti
818 1469 942 1510 quam
986 1456 1222 1511 superstitis
1270 1455 1442 1497 fortune
1483 1456 1651 1511 pondus

202 1513 339 1554 inesse
363 1512 569 1555 crederes
623 1513 701 1555 Cui
722 1527 823 1554 mox
855 1514 1141 1579 sepulturam,
1173 1513 1434 1556 discessuros
1457 1528 1503 1556 se
1523 1515 1651 1569 pacti,

202 1586 225 1611 ι
256 1570 675 1626 Rothomagensibus
723 1572 1039 1627 expetiuerunt.
1110 1572 1310 1627 Rapuere
1357 1571 1649 1614 condicionem

202 1629 367 1681 hostes,
410 1629 708 1685 cineribusque
742 1630 830 1671 eius
862 1630 903 1671 in
937 1631 1043 1671 urbe
1075 1645 1152 1671 sua
1183 1629 1480 1696 acquiescendi
1511 1630 1649 1672 locum

200 1686 553 1729 dederu11t.Ita
583 1689 763 1742 milites,
806 1688 992 1743 suscepti
1032 1689 1216 1729 monitus
1248 1689 1415 1730 racione
1445 1702 1650 1743 pugnam,

199 1745 468 1800 paccionem,
529 1747 791 1801 sepulturam
848 1751 977 1802 atque
1028 1747 1230 1802 exequias
1272 1746 1508 1802 prosecuti,
1559 1746 1648 1788 fato

200 1803 392 1845 functum
425 1804 610 1846 humeris
642 1805 727 1846 suis
760 1819 904 1860 regem
936 1805 977 1845 in
1010 1805 1099 1846 acie
1133 1805 1410 1858 pertulerunt,
1444 1805 1647 1847 uictores·

201 1862 327 1917 que.÷¹÷
351 1861 545 1904 funerato
567 1876 628 1914 eo,
655 1864 834 1917 sumptis
856 1867 1022 1904 tantum
1045 1863 1363 1915 commeatibus,
1396 1862 1451 1904 ad
1471 1863 1644 1918 propria

199 1919 382 1960 reditum
426 1920 678 1963 habuerunt.
742 1920 870 1962 Hunc
912 1920 1110 1962 Kanutus
1151 1921 1312 1962 exitum
1357 1921 1517 1974 habuit,
1565 1935 1647 1976 quo

201 1992 324 2018 nemo
357 1984 598 2020 nostrorum
620 1994 783 2034 regum,
815 1979 984 2021 tametsi
1006 1979 1130 2034 plura
1163 1979 1232 2020 alii
1254 1979 1443 2021 uictoriis
1464 1979 1648 2020 illustra-

200 2036 360 2089 uerint,
392 2036 651 2091 splendidior
690 2037 782 2079 fuit.
844 2037 970 2080 Adeo
1012 2038 1123 2078 enim
1156 2051 1333 2091 operum
1366 2039 1452 2078 eius
1486 2038 1647 2091 magni-

202 2094 387 2136 tudinem
428 2095 615 2150 propicie
657 2096 769 2137 fame
810 2095 913 2137 fides
945 2099 1140 2146 auxerat,
1175 2101 1234 2149 ut,
1266 2109 1373 2151 quos
1405 2110 1546 2138 rerum
1577 2109 1648 2150 ge-

199 2158 359 2194 starum
381 2153 514 2207 gloria
534 2167 658 2208 pares
682 2153 903 2203 habuerat,
926 2153 1204 2208 amplitudine
1226 2154 1429 2195 claritatis
1452 2153 1647 2196 excellat.

201 2210 393 2266 Cumque
444 2211 624 2252 a-l'iorum
676 2212 944 2268 splendorem
1006 2212 1251 2266 ignorancie
1313 2213 1548 2255 obscuritas
1600 2225 1649 2252 ac

200 2269 426 2310 uetustatis
459 2270 609 2323 rubigo
642 2269 869 2324 perederit,
901 2270 1026 2311 huius
1060 2270 1203 2323 decus,
1235 2270 1363 2325 longa
1384 2269 1496 2311 fame
1527 2283 1647 2311 usur-

199 2327 378 2382 pacione
411 2327 653 2380 subnixum,
686 2329 904 2384 perpetuis
938 2329 1134 2370 memorie
1166 2328 1374 2370 fructibus
1417 2328 1648 2380 reuirescit,

190 2385 430 2451 (siquidem,
489 2386 711 2427 sanctitate
758 2400 806 2428 ac
851 2386 1098 2428 fortitudine
1145 2386 1510 2439 instructissimus,
1562 2399 1647 2427 non

200 2444 337 2484 minus
388 2443 638 2498 religionem
692 2458 820 2499 quam
870 2457 1048 2499 regnum
1100 2444 1291 2500 proferre
1343 2458 1441 2485 cure
1483 2443 1645 2486 habuit.

202 2501 394 2557 Quippe.
436 2514 527 2541 cum
570 2498 742 2556 belllicis
782 2501 865 2543 late
913 2501 1044 2543 titulis
1086 2502 1370 2555 inclaruisset,
1417 2500 1648 2556 placidiore

201 2558 343 2601 studio
375 2573 494 2612 usus,
526 2573 581 2600 ex
612 2559 714 2600 fisco
747 2572 824 2600 suo
859 2560 1147 2614 compluribus
1176 2561 1217 2601 in
1249 2559 1352 2601 locis
1383 2560 1669 2613 priuatorum-

199 2617 448 2660 clericorum
473 2616 670 2660 conuictu
691 2617 899 2674 instituto,
932 2616 1180 2661 cellularum
1210 2617 1498 2675 frequenciam
1526 2618 1646 2662 nouis

1709 893 1736 917 p.
1756 884 1806 911 537

1699 1870 1807 1899 cvllb

1703 2519 1731 2543 p.
1750 2511 1801 2538 538
