1884 3126
187 883 222 910 10

189 1176 223 1201 15

187 1462 223 1489 20

186 2039 223 2066 30

187 2329 222 2355 35

259 231 339 271 358
842 220 1110 261 —X—

260 354 500 397 occurritur,
532 364 650 391 mens
682 349 859 390 militum
891 362 915 388 a
944 348 1088 403 litigiis
1130 347 1292 389 aberat.
1355 347 1404 388 In
1447 346 1694 402 exequenda

259 413 364 454 enim
412 409 574 450 ulcione
615 421 696 448 non
739 406 971 461 sanguinis,
1012 420 1096 447 non
1141 401 1476 460 necessiltudinis
1522 406 1689 447 uinculo

256 468 519 524 parcebatur,
553 479 632 519 quo
664 464 799 505 minus
833 464 1120 504 damnacionis
1153 467 1292 516 partes
1336 462 1522 517 legitimo
1557 465 1695 518 rigore

258 524 546 581 procederent.
622 521 746 562 Nunc
797 535 921 571 uero,
975 521 1124 562 solutis
1172 520 1466 576 hebetatisque
1511 522 1695 576 pristinis

256 582 405 624 milicie
437 579 599 629 neruis,
641 580 840 633 grauiora
881 579 989 619 inter
1022 579 1332 619 commilitones
1370 593 1494 634 quam
1527 585 1696 620 exteros

257 639 467 681 dedecora
511 637 758 691 pariuntur,
807 650 898 677 cum
946 641 988 678 et
1037 636 1170 677 omnis
1217 635 1441 677 aduersum
1483 637 1696 691 improbos

256 697 369 738 accio
400 695 523 736 sileat
555 698 611 744 et,
644 694 712 748 qui
745 695 866 748 culpe
899 694 1070 748 punitor
1102 707 1193 734 esse
1225 693 1453 746 debuerat,
1495 700 1696 749 patronus

256 754 433 805 existat,
475 765 551 792 nec
593 752 664 802 sit,
708 752 775 806 qui
817 751 1043 793 dissolutos
1077 751 1227 793 milicie
1263 765 1402 793 mores
1442 753 1694 807 prefraccius

255 810 512 864 rigidiusque
555 809 825 862 constringat.
897 808 1020 849 Hanc
1062 809 1203 864 itaquo
1246 809 1432 851 militaris
1478 809 1696 865 discipline

254 867 616 919 consuetudinem,
641 867 841 907 diuturna
868 867 1151 921 usurpacione
1176 868 1395 920 firmatam,
1428 869 1561 909 nostri
1594 874 1701 909 tem-i

256 926 367 980 poris
398 925 609 980 principes
641 925 851 979 abrogare
892 925 1059 966 minime
1106 925 1439 967 erubescendum
1473 925 1693 967 duxerunt

257 983 342 1026 Vbi
383 983 491 1023 enim
532 982 764 1023 domestica
808 983 925 1037 quies
967 982 1226 1024 sedicionum
1270 984 1466 1024 fluctibus
1499 985 1695 1038 agitatur,

257 1041 390 1097 prisce
423 1040 739 1081 consuetudinis
770 1039 906 1082 forma
945 1041 1206 1083 conuellitur.
1269 1041 1436 1097 Quippe
1469 1041 1694 1084 aduersum

260 1099 438 1142 effrenes
461 1099 742 1152 concitatique
762 1098 921 1152 ingenii
943 1103 1114 1153 tyrones
1137 1099 1366 1141 seueritate
1389 1099 1535 1153 pocius
1570 1114 1694 1155 quam

256 1157 382 1198 nimio
416 1156 562 1197 fauore
585 1170 635 1197 ac
656 1155 832 1210 profusa
853 1156 1121 1211 indulgencia
1152 1156 1358 1198 utendum
1381 1162 1456 1198 est.
1501 1157 1550 1198 In
1573 1172 1695 1212 quem

257 1214 428 1256 modum
460 1213 618 1255 Kanuti
661 1213 866 1254 industria
906 1228 980 1268 pro
1023 1214 1362 1256 administrandis
1407 1215 1597 1256 militaris
1637 1215 1696 1256 di-

256 1272 429 1327 scipline
452 1273 639 1326 negociis
663 1285 840 1327 syncere
862 1286 941 1313 acu
960 1273 1123 1313 alenter
1143 1273 1392 1315 excubuisse
1416 1273 1695 1327 cognoscitur.

255 1330 459 1371 Preterea
501 1330 619 1370 militi
659 1342 815 1384 regem,
860 1330 929 1370 uel
970 1331 1059 1384 regi
1091 1331 1286 1381 militem,
1330 1344 1413 1371 non
1452 1331 1529 1372 nisi
1562 1330 1695 1386 pridie

255 1387 406 1430 Kalen.
476 1387 694 1429 Ianuarias
732 1387 952 1428 abdicandi
997 1387 1059 1429 fas
1104 1392 1208 1430 erat.
1280 1388 1483 1430 Eiusdem
1530 1402 1697 1444 quoque

254 1452 351 1502 post
390 1445 562 1486 modum
607 1444 881 1486 obseruancie
923 1445 1110 1500 grauitas
1150 1446 1201 1487 ab
1235 1446 1331 1487 aula
1363 1460 1508 1500 regum
1550 1447 1591 1488 in
1625 1447 1697 1488 ali-

255 1508 412 1559 quanto
462 1503 715 1544 obscurioris
764 1500 931 1558 falmilie
976 1504 1214 1545 conuictum
1260 1504 1491 1559 prorepsit,
1538 1504 1692 1559 diuque

256 1561 483 1617 superioris
515 1561 732 1615 discipline
765 1562 895 1602 eciam
918 1561 1031 1616 apud
1064 1562 1260 1616 supparis
1293 1562 1549 1604 condicionis
1582 1563 1695 1604 uiros

254 1619 437 1661 imitacio
470 1619 616 1661 ualuit.

394 1677 562 1719 Interea
603 1675 857 1729 Suenonem,
898 1677 1030 1719 tutele
1073 1681 1173 1718 tunc
1215 1676 1430 1731 Noruagie
1460 1685 1696 1726 uacantem,

257 1749 379 1777 casus
411 1734 657 1790 absumpsit,
692 1749 875 1789 moxque
910 1734 961 1775 ad
994 1740 1159 1790 patrem
1191 1735 1458 1790 prouincialis
1480 1735 1696 1778 ministerii

255 1806 420 1835 summa
460 1792 678 1834 concessit.
739 1792 799 1833 Vt
841 1796 983 1833 autem
1015 1792 1210 1834 Kanutus
1243 1808 1267 1834 a
1299 1792 1539 1845 Richardo,
1581 1793 1694 1849 quod

255 1850 411 1892 sororis
463 1864 536 1891 sue
587 1850 811 1904 repudium
873 1850 1030 1904 egisset
1082 1856 1208 1906 atque
1263 1850 1466 1892 aduersus
1515 1865 1695 1893 uxorem

256 1909 446 1950 seuerius
478 1922 584 1962 equo
616 1908 797 1948 maritali
830 1909 1055 1962 supercilio
1087 1923 1187 1950 usus
1219 1907 1388 1961 fuisset,
1435 1913 1637 1965 tanquam
1671 1923 1695 1950 a

256 1965 495 2020 coniugalia
527 1965 647 2006 'sacra
678 1965 981 2007 contumeliose
1014 1970 1244 2016 tractante,
1285 1980 1417 2021 penas
1449 1971 1692 2022 sumpturus

253 2037 302 2065 ac
353 2023 461 2065 thori
514 2023 689 2077 genialis
746 2023 938 2063 iniuriam
992 2024 1249 2079 repulsurus
1298 2024 1339 2064 in
1391 2023 1690 2065 Normanniam

255 2095 409 2136 magna
433 2079 513 2135 [se]
538 2081 671 2123 classe
694 2081 869 2122 traiecit.
911 2080 994 2121 Vbi
1027 2095 1121 2122 cum
1154 2082 1281 2136 paulo
1313 2087 1411 2137 post
1443 2083 1561 2123 triste
1593 2095 1694 2137 quo-

256 2153 336 2194 que
368 2139 419 2180 de
452 2138 630 2179 Haraldi
671 2138 760 2180 fato
792 2139 993 2180 nuncium
1026 2140 1283 2194 accepisset,
1326 2140 1497 2195 propior
1527 2140 1695 2196 publice

257 2197 519 2252 expedicioni
542 2211 669 2252 quam
691 2196 855 2251 priuato
880 2196 1061 2249 affectui,
1093 2211 1244 2251 agmen
1271 2197 1430 2249 eadem,
1462 2212 1544 2253 qua
1565 2199 1693 2253 prius,

257 2255 474 2297 celeritate
505 2255 740 2309 promouit,
791 2268 927 2309 neque
959 2255 1097 2296 animo
1131 2260 1203 2296 aut
1236 2255 1401 2305 officio,
1443 2269 1526 2311 quo
1559 2257 1695 2297 minus

255 2318 378 2367 cepto
410 2312 634 2362 insisteret,
668 2313 879 2353 remissior
911 2311 1010 2366 fuit3
1043 2312 1118 2354 sed
1151 2326 1288 2367 neque
1312 2313 1455 2354 oculos
1479 2313 1531 2362 ad
1557 2314 1694 2368 singu-

255 2371 384 2412 larem
425 2370 584 2411 luctum
618 2385 642 2411 a
673 2370 882 2424 generalis
929 2370 1079 2411 milicie
1111 2371 1475 2425 contemplacione
1507 2371 1692 2413 deflexit.

256 2428 377 2469 Adeo
418 2442 558 2469 rerum
591 2442 639 2469 ac
672 2427 871 2482 temporis
914 2431 1070 2469 statum
1111 2428 1217 2469 inter
1256 2427 1407 2470 fortem
1452 2433 1613 2483 patrem
1646 2443 1695 2469 ac

257 2490 503 2526 strennuum
536 2485 686 2527 ducem
719 2486 889 2539 egregia
921 2485 1048 2526 animi
1079 2486 1377 2527 moderacione
1409 2486 1571 2537 diuisit,
1616 2499 1694 2527 nec

258 2544 394 2584 minus
416 2544 457 2584 in
480 2542 698 2585 toleranda
729 2542 802 2584 filii
833 2548 971 2584 morte
1004 2556 1127 2599 quam
1159 2544 1198 2586 in
1232 2543 1417 2587 hostium
1452 2544 1694 2600 appetenda

1746 417 1844 449 p.535

1749 1514 1846 1547 p.536

1747 2033 1843 2067 (201)
