1884 3126
163 881 197 908 10

166 1170 198 1197 15

162 1458 199 1486 20

162 1749 199 1776 25

166 2041 202 2068 30

164 2329 201 2357 35

161 2619 198 2648 40

233 218 315 275 274
786 242 835 250 -
897 216 1009 263 vm
1070 242 1124 252 -

233 348 342 389 enim
364 352 544 404 poterat,
577 352 624 389 ut
645 348 869 390 saltantem
901 348 1041 390 eximii
1064 347 1284 391 cadaueris
1305 350 1438 391 moles
1461 350 1671 392 obrueret.

232 404 364 460 Igitur
395 405 614 447 Hatherus
645 405 795 448 adacto
826 411 981 461 uegete
1011 406 1156 461 gladio
1187 421 1331 450 senem
1363 408 1499 464 capite
1531 407 1673 450 demu-

230 464 378 504 tilauit.
442 463 564 512 Quod
599 465 760 520 corpori
791 465 988 506 auulsum
1019 465 1333 520 impactumque
1365 470 1475 508 terre
1506 465 1672 521 glebam

232 535 372 562 morsu
406 522 609 577 carpsisse
648 521 802 574 fertur,
843 522 1107 564 ferocitatem
1146 523 1274 564 animi
1316 523 1553 565 moribundi
1591 525 1673 565 oris

230 579 453 621 atrocitate
486 579 716 621 declarans.
776 580 1007 621 Percussor
1038 585 1195 635 tamen,
1227 581 1443 636 promissis
1481 581 1674 623 fraudem

230 637 404 679 subesse
448 637 620 688 ueritus,
661 637 770 679 saltu
809 652 893 679 non
937 637 1128 679 incautus
1172 638 1389 681 abstinuit.
1461 639 1595 687 Quem
1638 640 1673 681 si

231 699 388 737 temere
420 695 667 750 peregisset,
700 695 811 738 forte
839 695 945 751 lapsi
977 695 1196 737 cadaueris
1228 697 1316 738 ictu
1340 697 1515 739 obrutus
1549 697 1674 739 occisi

228 753 341 794 senis
373 767 505 808 penas
527 754 697 809 proprio
732 753 881 796 funere
905 754 1191 809 persoluisset.
1229 753 1391 795 Verum
1422 769 1476 796 ne
1507 759 1673 797 tantum

231 810 432 852 athletam
477 812 588 852 busti
629 812 797 866 inopem
840 813 977 853 iacere
1016 816 1257 867 pateretur,
1299 826 1451 868 corpus
1499 813 1586 855 eius
1631 814 1673 854 in

229 882 400 924 campO,
442 869 511 924 qui
543 869 672 924 uulgo
706 870 875 923 Rolung
916 869 1090 922 dicitur,
1129 871 1345 925 sepulture
1389 870 1672 912 mandandum

232 927 406 968 curauit.

369 984 591 1026 Omundus
634 990 796 1036 autem,
838 989 884 1026 ut
927 985 1090 1040 accepi,
1133 999 1237 1040 pace
1281 986 1467 1039 integra,
1511 1000 1675 1028 summa

231 1056 324 1083 cum
357 1042 656 1097 tranquillitate
689 1042 883 1095 decessit,
916 1042 1081 1083 duobus
1114 1043 1205 1085 filiis
1239 1047 1281 1085 et
1310 1043 1488 1086 totidem
1510 1044 1673 1086 filiabus

230 1100 399 1142 relictis.
450 1100 486 1141 E
519 1100 672 1155 quibus
696 1101 903 1141 maximus
935 1104 1037 1141 natu
1059 1100 1289 1156 Synardus,
1320 1101 1450 1143 fratre
1472 1100 1671 1156 Buth<l>0

230 1159 368 1200 adhuc
391 1163 547 1210 tenero,
571 1172 750 1213 regnum
769 1158 1007 1200 hereditate
1027 1159 1314 1214 consequitur.
1367 1159 1461 1207 Quo
1486 1165 1674 1214 tempore

231 1216 447 1257 Sueonum
478 1230 554 1257 rex
589 1215 768 1258 Gotarus
800 1217 975 1258 alteram
1005 1215 1191 1257 Omundi
1222 1217 1401 1258 filiarum
1434 1217 1487 1258 ob
1520 1218 1672 1259 eximie

230 1274 523 1329 pulcritudinis
546 1274 698 1315 famam
731 1274 894 1315 infinito
927 1288 1071 1316 amore
1094 1275 1356 1329 complexuS,
1387 1274 1555 1317 Ebboni
1587 1276 1670 1316 cui-

232 1333 328 1373 dam
375 1331 572 1373 Sibbonis
618 1333 701 1374 filio
749 1332 1006 1385 postulande
1050 1332 1223 1387 uirginis
1269 1333 1411 1387 gracia
1450 1333 1673 1388 negocium

231 1389 456 1444 legacionis
504 1390 690 1445 imponit.
764 1390 829 1443 Is,
881 1389 1021 1431 officio
1067 1390 1322 1445 prudencius
1367 1390 1672 1445 administrato,

230 1451 397 1502 gratum
430 1447 483 1488 de
513 1447 655 1503 puelle
688 1462 896 1489 consensu
929 1447 1127 1489 nuncium
1161 1449 1320 1489 retulit.
1373 1448 1548 1504 Iamque
1571 1448 1674 1490 nihil

232 1509 333 1546 uoto
376 1509 518 1560 preter
558 1507 730 1561 nupcias
773 1505 943 1558 deerat,
985 1518 1090 1560 quas
1133 1505 1316 1547 Gotarus
1357 1506 1470 1561 apud
1515 1506 1672 1548 alienos

232 1577 359 1618 agere
383 1567 588 1615 metuens,
620 1578 694 1618 per
715 1563 952 1617 Ebbonem,
984 1577 1066 1618 quo
1090 1563 1205 1618 prius
1228 1564 1369 1618 legato
1392 1578 1492 1606 usus
1519 1564 1671 1617 fuerat,

233 1635 432 1676 sponsam
463 1622 543 1662 sibi
574 1621 941 1663 transmittendam
961 1621 1192 1675 efflagitat.

371 1679 412 1720 Is
435 1693 528 1720 cum
553 1693 685 1734 parua
707 1679 759 1720 ad
782 1679 954 1721 modum
976 1679 1133 1720 familia
1156 1679 1379 1720 comitatus
1402 1678 1672 1722 Hallandiam

230 1737 465 1792 preteriret,
497 1736 792 1791 ad'agrestem
824 1737 964 1778 uicum
1000 1751 1045 1778 se
1080 1737 1356 1792 pernoctandi
1395 1738 1538 1792 gracia
1580 1752 1674 1780 con-

234 1795 342 1845 tulit,
373 1795 412 1835 in
447 1809 529 1850 quo
554 1795 734 1836 duorum
764 1795 939 1836 fratrum
972 1795 1259 1837 habitaciones
1291 1794 1491 1837 aduersas
1513 1795 1673 1838 medius

234 1854 366 1894 amnis
398 1850 664 1908 secrefluerat.
712 1853 767 1894 Et
798 1853 840 1894 hi
872 1853 1042 1907 quidem
1074 1853 1422 1895 consuetudinem
1443 1854 1672 1908 iugulandi,

235 1925 339 1966 quos
372 1910 637 1965 hospitaliter
667 1912 940 1965 recepissent,
973 1911 1200 1964 habebant,
1240 1911 1503 1952 liberalitatis
1535 1913 1673 1967 specie

233 1969 499 2010 latrocinium
531 1969 755 2011 obscurare
798 1969 1011 2011 callentes.
1073 1968 1253 2010 Trabem
1289 1970 1397 2010 enim
1430 1970 1469 2010 in
1503 1970 1673 2011 modum

231 2027 338 2082 preli
370 2026 595 2082 oblongam
630 2027 893 2083 eandemque
925 2027 1023 2068 ferri
1055 2027 1247 2067 acumine
1284 2027 1490 2081 preditam
1511 2030 1673 2070 arcanis

234 2083 484 2139 quibusdam
521 2085 698 2126 uinculis
731 2085 770 2126 in
812 2085 982 2126 excelsa
1013 2083 1161 2125 domus
1193 2088 1311 2139 parte
1353 2085 1673 2141 suspenderant,

235 2156 361 2197 quam
411 2146 617 2184 nocturno
663 2147 853 2196 tempore
902 2142 1120 2183 subductis
1169 2142 1346 2184 nexibus
1393 2143 1672 2195 demittentes,

233 2200 519 2242 subiectorum
561 2202 698 2255 capita
736 2201 935 2242 desecare
967 2199 1172 2242 solebant.
1242 2200 1291 2241 In
1336 2213 1459 2255 quem
1502 2201 1672 2252 modum

234 2258 508 2313 complurium
572 2259 751 2300 uertices
811 2258 959 2312 pensili
1015 2258 1127 2299 mole
1178 2258 1456 2311 preciderant.
1535 2259 1672 2314 Igitur

232 2315 399 2357 Ebboni
432 2317 605 2371 suisque
639 2321 732 2371 post
770 2316 917 2371 epulas
945 2315 1113 2357 abunde
1147 2315 1331 2370 prebitas
1363 2329 1490 2370 penes
1530 2317 1670 2358 focum

232 2374 409 2414 ministri
451 2374 620 2415 thorum
665 2378 892 2426 extruunt,
936 2378 981 2414 ut
1013 2373 1245 2428 applicatas
1276 2374 1362 2428 igni
1396 2374 1580 2415 ceruices
1611 2375 1671 2415 in-

232 2432 386 2473 sidiose
426 2432 556 2473 trabis
596 2431 778 2486 impulsu
809 2431 1085 2473 demeterent.
1149 2431 1314 2479 Quibus
1345 2432 1671 2474 abscedentibus

230 2489 378 2543 Ebbo,
428 2489 665 2544 impensum
727 2489 930 2544 capitibus
992 2489 1376 2531 machinamentum
1427 2489 1670 2544 suspiciens,

231 2547 368 2588 socios
400 2547 596 2599 simulato
620 2561 765 2589 somno
797 2561 976 2601 corpora
1006 2551 1281 2601 transponere
1302 2547 1432 2599 iubet,
1465 2547 1666 2602 prefatus,

227 2618 430 2661 perquam
461 2605 688 2647 salutarem
730 2605 787 2646 eis
820 2604 902 2646 loci
937 2604 1221 2646 uariacionem
1262 2604 1458 2647 existere.
1531 2604 1668 2647 Fuere
