1884 3126
38 896 72 923 10

40 1187 70 1215 15

34 1478 72 1505 20

33 1766 70 1793 25

33 2057 70 2084 30

33 2348 70 2375 35

35 2639 71 2668 40

610 253 664 260 —-
724 228 865 272 XIIII
927 253 979 259 —
1476 229 1558 270 447

102 357 291 410 ueniens,
323 358 477 400 milicie
498 358 621 400 titulo
642 358 904 425 stipendium
928 358 1188 414 postulabat.
1252 357 1347 407 Quo
1371 361 1561 412 recepto,

103 418 247 458 datum
298 417 377 458 sibi
429 417 560 459 cladis
613 418 703 458 eius
754 418 963 472 premium
1016 417 1260 472 reputabat.
1340 415 1397 457 Et
1448 415 1559 458 forte

104 474 268 527 Ericus,
301 475 410 518 inter
442 475 653 531 quosdam
684 476 916 531 populares
960 476 1100 516 acrius
1143 474 1393 516 dissidentes
1428 474 1560 530 regali

103 533 366 575 iudicacione
399 547 655 589 componere
686 539 876 589 rogatus,
909 533 1080 587 publica
1108 533 1150 574 id
1174 533 1379 575 concione
1407 533 1561 588 exequi

103 591 334 635 statuebat
398 592 445 632 In
491 606 574 647 qua
614 606 708 633 cum
741 592 902 646 Plogus
947 591 1112 632 cuidam
1161 605 1212 632 ex
1256 591 1380 645 plebe
1426 591 1478 633 de
1515 605 1559 632 se

106 650 300 706 querenti
341 649 584 691 satisfacere
625 650 867 705 iuberetur,
907 649 1074 691 dicendi
1116 649 1389 691 simulacione
1431 649 1560 704 facta,

104 721 190 748 non
223 708 314 749 sine
359 709 508 750 lancea
549 722 820 764 progressus,
852 708 1046 749 auditum
1078 707 1156 748 sibi
1199 708 1365 763 preberi
1396 709 1559 763 petiuit.

105 766 255 807 Stabat
295 770 440 808 autem
485 770 526 808 et
567 781 644 808 rex
677 767 797 808 haste
827 766 998 808 innixus
1030 766 1306 822 turbantique
1340 766 1560 808 silencium

103 825 261 879 populo
302 838 454 877 manu,
495 838 548 866 ne
590 825 877 880 obstreperet,
920 824 1139 866 innuebat.
1204 824 1341 873 Quem
1382 824 1560 879 Plogus,

102 883 278 924 loricam
332 887 451 925 ueste
501 888 660 925 tectam
706 898 858 938 gerere
906 882 1221 936 existimatum,
1269 882 1346 927 diu
1385 882 1560 924 curiosis

105 940 348 996 speculatus
383 941 536 993 oculis,
577 946 624 983 ut
663 942 869 983 inermem
902 940 1206 997 deprehendit,
1245 941 1395 982 lancea
1426 944 1562 983 trans-

105 998 361 1040 uerberauit.
426 999 482 1041 Et
514 1012 567 1040 ne
598 1000 786 1041 timidius
820 999 959 1041 dicere
991 995 1118 1055 qudm
1156 999 1296 1041 facere
1329 999 1561 1050 uideretur,

104 1071 250 1112 regem
282 1071 307 1098 a
337 1071 383 1099 se
413 1062 675 1113 prostratum
709 1057 964 1112 uociferans,
998 1062 1166 1100 ceteros
1199 1057 1253 1099 ad
1286 1058 1465 1099 militum
1499 1057 1560 1098 in-

105 1115 382 1158 ternicionem
415 1118 624 1161 hortatur.
677 1116 838 1158 Aulicis
870 1116 1014 1171 itaque
1036 1115 1193 1171 passim
1226 1121 1341 1158 metu
1375 1115 1561 1157 dilaben-

103 1173 239 1226 tibus,
281 1173 430 1214 Ericus
464 1173 654 1229 Haquini
688 1175 819 1229 filius,
864 1174 929 1216 cui
961 1189 1016 1215 ex
1047 1174 1265 1229 paciencia
1297 1172 1560 1228 cognomen*

105 1231 305 1285 obuenit,
345 1233 562 1287 egregium
603 1232 861 1274 fortitudinis
916 1233 1159 1288 exemplum
1209 1232 1391 1287 prebuit.
1469 1232 1554 1273 Diu
1576 1236 1751 1265 CXXXW’

104 1289 312 1346 siquidem
347 1290 543 1332 exanime
573 1292 686 1346 regis
720 1305 873 1345 corpus
918 1290 1059 1346 gladio
1093 1292 1308 1345 protexit,
1349 1290 1558 1346 sociisque

102 1348 145 1389 in
177 1348 322 1402 fugam
355 1348 508 1403 lapsis,
550 1350 666 1390 solus
711 1364 766 1390 ex
806 1354 872 1391 tot
904 1349 1258 1392 commilitonibus
1301 1349 1559 1403 intrepidum

103 1408 256 1448 mentis
290 1406 483 1448 habitum
514 1408 665 1461 tenuit,
699 1407 868 1461 dignus,
900 1413 949 1449 ut
983 1408 1022 1448 ei
1054 1408 1095 1448 in
1127 1421 1305 1463 regnum
1339 1421 1560 1449 successor

104 1464 241 1518 fieret,
274 1478 349 1519 pro
383 1478 466 1520 quo
501 1466 631 1507 eciam
665 1466 855 1507 extincto
887 1480 1076 1522 pugnam
1109 1479 1258 1520 gerere
1289 1465 1557 1520 perstitisset.

243 1522 420 1578 Iamque
442 1529 665 1566 uacantem
688 1524 826 1566 Danie
851 1524 1164 1579 possessionem
1189 1538 1314 1565 nemo
1339 1524 1557 1578 sanguinis

103 1580 330 1622 uirtutisue
382 1581 538 1623 fiducia
589 1587 660 1623 aut
717 1589 864 1638 petere
923 1587 995 1623 aut
1057 1596 1205 1638 rapere
1266 1582 1555 1637 presumebat.

105 1638 274 1694 Quippe
326 1638 468 1681 Sueno
521 1639 655 1694 Erici,
705 1639 903 1682 Kanutus
951 1640 1119 1695 Magni,
1166 1645 1206 1681 et
1254 1640 1557 1682 Waldemarus

103 1696 267 1739 Kanuti
296 1697 408 1738 filius
441 1698 631 1740 nondum
663 1712 795 1752 regno
828 1698 1069 1754 tempestiui
1091 1698 1224 1740 fuere.
1270 1697 1557 1740 Christiernus

101 1769 204 1796 uero
247 1755 594 1810 waldemarum,
636 1754 869 1813 paterlnam
909 1757 1025 1798 cuius
1067 1756 1277 1798 ulcionem
1319 1756 1557 1807 adiuuerat,

101 1827 233 1868 regno
286 1813 575 1868 dignissimum
628 1814 891 1870 predicabat.
969 1815 1109 1863 Quem
1153 1816 1359 1856 honorem
1404 1819 1555 1869 mater,

102 1871 243 1913 multis
299 1876 342 1914 et
399 1874 604 1928 grauibus
658 1874 854 1928 periculis
911 1873 1097 1915 obsitum
1149 1887 1198 1915 ac
1256 1873 1331 1914 uix
1386 1873 1554 1928 quidem

103 1929 257 1971 adultis
298 1931 571 1984 gestabilem,
620 1932 899 1987 perniciosum
943 1933 1124 1987 paruulo
1170 1930 1362 1972 futurum
1404 1931 1555 1972 aduer-

102 1991 217 2038 tens,
281 1990 473 2043 poscenti
538 2004 716 2045 puerum
781 1990 1045 2032 Christierno
1109 1989 1280 2030 tradere
1332 1990 1556 2043 recusauit,

100 2046 331 2087 maioribus
374 2047 414 2088 id
462 2062 614 2089 munus
662 2047 807 2090 deberi
855 2048 1032 2103 prefata.
1103 2047 1330 2090 Postremo
1372 2048 1556 2103 pertina-
1606 2082 1609 2086 .

103 2103 189 2146 cius
240 2104 505 2146 insistentem
552 2106 825 2148 iureiurando
879 2106 1127 2160 obstringit,
1180 2107 1220 2148 in
1267 2119 1412 2161 regem
1456 2121 1555 2147 eum

102 2162 203 2217 eligi
244 2177 329 2203 non
371 2177 609 2218 passurum.
682 2163 778 2212 Quo
826 2163 1113 2205 Chiistiernus
1160 2164 1213 2205 ad
1262 2164 1468 2219 populum
1513 2170 1556 2206 et

102 2219 349 2261 concionem
391 2234 525 2277 usque
566 2222 755 2276 perlato,
798 2223 930 2277 patris
963 2222 1054 2264 eius
1098 2222 1301 2264 beneficia
1333 2226 1554 2275 memorat,

101 2282 148 2319 ut
181 2277 293 2319 domi
318 2280 432 2333 leges
457 2285 498 2320 et
521 2281 612 2321 iura
636 2280 871 2332 stabilierit,
905 2284 950 2321 ut
972 2280 1076 2322 foris
1100 2279 1264 2321 hostem
1288 2281 1554 2335 represserit,

102 2339 149 2376 ut
180 2335 302 2377 furtis
336 2338 580 2393 rapinisque
613 2339 793 2393 patriam
827 2338 1127 2390 uacuefecerit,
1162 2342 1207 2379 ut
1231 2338 1412 2379 Daniam
1444 2351 1556 2393 pene

103 2394 355 2436 exhaustam
387 2399 429 2436 et
460 2409 699 2451 exanguem
732 2396 899 2438 Sclauie
931 2397 1178 2450 magistram
1210 2395 1463 2447 reddiderit,
1508 2400 1555 2437 ut

103 2453 234 2493 eciam
278 2452 502 2508 unicuique
548 2468 622 2509 per
663 2455 748 2495 uim
781 2455 932 2495 amissa
973 2455 1025 2496 ad
1060 2455 1272 2509 integrum
1304 2454 1550 2506 restituerit,

103 2514 236 2565 utque
279 2511 439 2553 cunctis
484 2512 548 2553 his
586 2512 792 2567 operibus
833 2513 1026 2567 sanguini
1068 2526 1143 2554 suo
1187 2526 1366 2566 regnum
1399 2511 1556 2553 deferri

103 2570 318 2610 meruerit.
366 2569 532 2612 Verum
554 2583 651 2611 cum
671 2570 781 2611 filius
813 2570 903 2612 eius
937 2570 1127 2612 nondum
1158 2575 1344 2612 maturos
1376 2570 1553 2625 imperio

102 2640 233 2668 annos
279 2627 514 2683 acceperit,
568 2641 709 2684 neque
755 2627 889 2671 Danis
943 2628 1021 2671 sub
1072 2628 1269 2684 auspiciis
1320 2627 1555 2684 puerilibus

1612 1773 1638 1798 p.
1660 1764 1714 1790 606
