1884 3126
31 882 66 908 10

27 1173 62 1200 15

22 1462 60 1493 :30

20 1755 57 1782 25

18 2047 54 2074 30

15 2337 52 2365 35

15 2627 51 2654 40
82 2614 274 2656 asseruit.
336 2613 466 2656 Albia
497 2618 766 2671 pertransito,
799 2631 896 2660 cum
930 2618 1129 2662 Bremarn
1162 2633 1339 2664 uersum
1373 2621 1556 2663 conten·

650 231 701 240 -
763 209 903 252 XIIII
964 233 1019 241 —-
1479 209 1562 251 535

108 339 315 382 meatibus
358 339 614 392 abundaret,
659 339 771 381 haud
816 354 1027 396 quaquam
1074 354 1119 381 se
1159 339 1343 382 salutem
1391 339 1560 394 spiritus

106 399 171 441 sui
204 399 498 453 neglecturum
531 398 727 441 affirmat.
790 398 911 449 Reiz,
944 412 1029 439 non
1061 413 1106 440 se
1141 398 1278 439 minus
1310 397 1448 439 anime
1481 412 1559 440 sue

105 457 342 499 studiosum
366 462 561 510 testatus,
585 457 638 498 ob
661 457 742 498 hoc
764 457 947 497 maxime
970 458 1061 498 eius
1079 457 1331 498 comitatum
1354 456 1557 498 affectare

106 515 338 571 respondit,
370 521 428 565 ut,
461 516 494 556 si
526 512 691 557 iusticia
725 520 940 570 posceret,
985 530 1058 570 per
1091 529 1186 555 eum
1230 516 1283 556 ab
1316 514 1556 556 Octauiane

103 574 232 628 partis
266 575 471 615 societate
505 573 747 615 facesseret.
802 573 963 614 rAdhuc
996 573 1213 615 Absaloue
1244 572 1556 628 profeccionein

102 632 329 686 abnuente,
362 632 615 688 publiceque
661 633 877 686 religionis
911 632 1055 673 hostes
1097 631 1317 672 adeundos
1359 638 1556 685 negante,

102 691 304 732 hactenus
339 705 436 732 euin
465 705 489 732 a
521 705 565 733 se
597 704 673 746 pre
705 691 856 732 ceteris
892 691 1066 742 cultum,
1101 690 1400 743 asseuerabat3
1437 690 1556 731 cuius

101 749 133 790 si
167 762 282 790 nunc
314 762 395 804 ope
429 748 706 801 deficeretur,
738 763 785 790 se
817 748 920 789 nihil
953 749 1130 790 ulterius
1173 761 1224 788 ex
1260 762 1309 789 eo
1345 748 1556 790 commodi

101 812 382 863 speratarum.
445 808 566 849 Tunc
608 807 824 859 Absalon,
868 806 1171 861 exprobratam
1215 806 1290 847 sibi
1325 807 1461 848 abeo
1495 807 1555 847 in-

98 869 217 920 grate
252 866 405 907 mentis
436 866 574 907 labem
606 866 820 918 iudicans,
855 865 921 905 Ad
957 863 1258 915 deserendam,
1291 865 1451 920 inquit,
1493 866 1554 906 tui

99 924 278 965 nominis
311 924 547 966 amiciciam
578 924 703 965 nullis
736 924 925 979 corporis
958 923 1155 978 periculis
1190 921 1344 964 adduci
1377 928 1553 978 poter03

99 987 152 1033 at,
187 997 280 1023 cum
314 982 367 1023 de
398 983 536 1024 anime
568 983 746 1036 negocio
779 983 937 1037 agitur,
972 982 1157 1022 humano
1192 981 1326 1023 timori
1360 982 1552 1023 diuinum

98 1041 290 1096 preferre
321 1040 385 1082 fas
418 1045 492 1082 est.
555 1041 647 1095 Ego
683 1055 809 1094 uero,
844 1040 1011 1081 tametsi
1059 1040 1365 1081 circunstancia
1398 1040 1551 1082 dammi

96 1099 358 1154 peruidearn,
392 1104 549 1150 tamen,
583 1107 628 1140 ut
655 1100 793 1141 anime
827 1103 899 1139 tue
934 1098 1161 1152 uestigium
1194 1100 1246 1140 ab
1280 1112 1423 1140 errore
1455 1114 1549 1154 pro-

94 1157 277 1210 hibeam,
309 1171 446 1199 meam
480 1158 676 1212 periculis
707 1157 926 1212 implicare
959 1171 1045 1198 non
1068 1159 1269 1198 metuam.
1320 1157 1438 1198 Tunc
1464 1172 1551 1210 rex,

96 1221 316 1270 assumpto
350 1230 415 1269 eo,
447 1218 563 1257 uiros
596 1230 753 1270 genere
787 1215 1084 1257 et-honestate
1119 1216 1239 1257 iuxta
1271 1215 1441 1260 nobilesq
1475 1217 1551 1258 sci-

94 1274 193 1315 licet
225 1289 246 1315 e
279 1274 497 1316 Sialandia
530 1274 748 1317 Simonem
781 1280 822 1315 et
854 1273 1110 1326 Esbernum,
1143 1287 1165 1313 e
1202 1274 1350 1315 Fionia
1376 1273 1551 1316 'Takam

95 1336 136 1372 et
168 1332 400 1387 Esgerum,
444 1334 622 1374 comites
663 1333 824 1375 asciuit.
890 1332 1081 1373 Burisius
1123 1331 1355 1383 duntaxat,
1388 1333 1548 1385 nequid

94 1391 260 1432 interim
292 1392 332 1433 in
366 1393 506 1448 patria
539 1396 730 1444 nouaret,
764 1406 817 1433 ex
852 1390 1099 1433 necessariis
1132 1397 1390 1446 assumptus.
1460 1390 1549 1432 Nec

93 1449 280 1502 defuere,
313 1464 420 1505 quos
455 1465 507 1492 ex
540 1450 652 1491 Iutia
683 1449 964 1506 profeccionis
988 1449 1215 1504 participes
1238 1450 1422 1503 legeret.
1473 1450 1548 1491 At-

92 1508 354 1561 tingentibus
386 1508 587 1550 Eidoram
620 1509 819 1565 principis
854 1507 1163 1550 Holtsatiorum
1199 1507 1344 1549 Adulfi
1376 1509 1547 1562 ignotus

93 1579 224 1621 eques
257 1566 411 1609 obuius
434 1567 591 1621 extitit,
614 1569 1002 1622 interrogatusque,
1026 1580 1078 1607 an
1100 1566 1215 1624 ipsos
1240 1572 1546 1621 prosecuturus

93 1625 293 1676 uenisset,
313 1625 532 1666 dominum
548 1641 670 1667 sunm
696 1627 821 1667 huius
836 1626 898 1667 rei
918 1624 1148 1680 prestande
1162 1626 1306 1680 gracia
1324 1626 1545 1666 transitum

93 1696 238 1723 eorum
274 1684 315 1724 in
348 1684 486 1725 uicino
519 1685 745 1739 prestolari
777 1685 1022 1726 denunciat.
1072 1683 1203 1725 Cuius
1238 1684 1381 1725 ductui
1414 1683 1545 1724 fiden-

89 1740 188 1781 dum
228 1743 473 1784 uetantibus
514 1743 704 1795 arbitris,
752 1756 851 1795 rex,
891 1741 1070 1798 perinde
1114 1757 1162 1783 ac
1204 1742 1389 1797 ingenuo
1439 1741 1545 1782 duce

91 1797 246 1850 fretus,
293 1801 454 1855 primus
501 1809 677 1856 pontem
724 1815 832 1855 equo
880 1801 1212 1856 transgreditur,
1265 1799 1544 1856 profeccionis

89 1857 295 1900 auiditate
341 1865 499 1900 metum
531 1861 690 1914 pariter
736 1859 1007 1915 monitusque
1052 1865 1338 1901 contemnens.
1414 1858 1541 1900 Hunc

89 1917 218 1957 ceteri
251 1917 561 1973 subsequentes
579 1918 846 1960 sentenciam
871 1932 990 1959 suam
1015 1932 1142 1973 quam
1166 1931 1311 1972 regem
1344 1917 1541 1958 deserere

88 1974 342 2017 maluerunt.
404 1976 689 2018 Procedentes
722 1976 944 2031 paululum
989 1975 1171 2018 Adulfus
1204 1977 1392 2030 excepit,
1431 1975 1541 2017 salu-

86 2035 306 2089 tatumque
338 2048 483 2088 regem
513 2038 516 2081 Ι
545 2034 856 2090 benignissimis
880 2034 1020 2076 uerbis
1043 2035 1384 2090 amicissimoque
1415 2034 1538 2074 uultu

87 2092 372 2146 prosequitur.
444 2091 523 2134 Cui
566 2107 661 2134 cum
706 2107 927 2135 occursum
973 2107 1096 2134 suum
1145 2094 1197 2134 ol)
1249 2100 1396 2134 uetera
1446 2091 1540 2133 odia

88 2154 287 2190 onustum
318 2151 612 2206 magisquam
653 2156 822 2206 gratum
855 2151 1052 2201 sentiret,
1098 2156 1144 2193 ut
1186 2152 1289 2192 iram
1323 2150 1538 2205 obsequiis

85 2207 290 2260 flecteret,
322 2208 434 2263 apud
457 2207 611 2251 Ekeho
637 2209 841 2265 oppidum
872 2210 957 2251 suis
988 2224 1085 2251 eum
1107 2209 1308 2265 impensis
1342 2209 1538 2263 excipere

86 2266 245 2306 statuit.
308 2265 393 2307 Sed
425 2265 551 2322 re*ge
582 2267 833 2309 beneficium
866 2272 1105 2324 spernente,
1137 2268 1287 2323 nequis
1322 2268 1360 2308 ei
1392 2281 1534 2308 neces-

84 2324 195 2365 saria
238 2323 499 2378 uenditaret,
541 2325 688 2367 edixit.
765 2325 885 2367 Tunc
931 2326 1066 2367 Danis
1114 2326 1368 2368 domesticos
1416 2325 1534 2366 cibos

85 2382 374 2432 sumentibus,
425 2383 640 2425 confectas
663 2383 678 2435 11
703 2383 849 2437 epulas
899 2398 975 2439 per
1027 2385 1238 2426 ministros
1290 2382 1533 2425 inferendos

85 2440 263 2486 curauit,
293 2441 438 2496 sicque
471 2441 655 2493 demum,
688 2442 945 2484 uerecundia
968 2447 1207 2498 superatOS,
1242 2441 1534 2483 munificencia

85 2511 161 2539 sua
194 2498 256 2539 uti
288 2498 441 2553 coegit.
504 2498 795 2554 Interrogatus
828 2500 1023 2553 tandem,
1055 2515 1108 2547 an
1143 2500 1255 2555 regis
1287 2514 1534 2555 processum

85 2556 213 2596 tutari
246 2561 402 2611 posset,
434 2570 559 2612 posse
599 2571 645 2599 se
676 2558 871 2613 quidem,
916 2559 1058 2614 quoad
1092 2560 1290 2602 Bremam
1322 2559 1535 2613 ueniatur,

1596 2044 1622 2068 p.
1644 2035 1694 2063 777

1573 2269 1727 2297 onvilib

1590 2386 1684 2421 (302)
