1884 3126
0 911 83 938 110

46 1202 82 1229 15

46 1494 82 1520 ‘20

46 1785 83 1812 25

44 2074 81 2102 30

45 2364 81 2392 35

660 270 714 277 —-
773 247 913 290 XIIII
975 274 1024 278 —
1483 251 1562 291 571

118 374 266 415 urbem
298 388 455 415 corona
486 375 597 429 cingi
622 376 824 431 precepit,
857 390 905 417 ac
927 378 1135 432 plotinus,
1158 377 1260 419 sella
1284 382 1405 419 extra
1429 383 1567 420 castra

117 433 273 488 posita,
322 446 464 487 pugno
511 437 725 488 spectator
772 434 975 477 consedit.
1036 435 1156 477 Tunc
1196 435 1367 492 quidam
1398 435 1566 479 Danice

118 491 270 532 milicie
302 491 550 532 fortissimus
583 490 853 543 adolescens,
896 493 996 534 dum
1029 493 1081 534 ad
1114 495 1436 549 piopugnacula
1468 500 1565 535 ante

118 549 221 589 alios
257 549 412 590 eximia
445 549 703 603 capessende
735 549 873 592 laudis
895 551 1098 593 auiditate
1129 552 1313 594 euadere
1345 553 1564 605 niteretur,

114 607 368 662 letalemque
410 607 541 648 ictum
588 621 766 662 corpore
813 610 1072 663 excepisset,
1120 610 1177 651 ita
1226 609 1477 651 collabendo
1521 624 1565 652 se

117 666 262 720 gessit,
296 670 343 706 ut
373 678 455 706 non
491 665 581 707 fato
615 679 844 721 oppressus
878 681 1020 711 ruere,
1054 668 1126 709 sed
1162 667 1212 708 de
1245 667 1454 710 industria
1486 669 1566 710 sal-

118 729 205 764 tum
249 722 375 764 edere
420 723 652 766 uideretur.
716 724 809 772 Qua
851 725 1029 777 uirtute,
1073 726 1260 780 pulciius
1302 725 1566 767 dimicauerit

118 796 169 822 an
218 780 444 833 occiderit,
492 782 699 823 incertum
745 782 928 837 reliquit.
998 783 1224 824 Pomerani
1270 798 1440 840 quoque
1488 785 1565 826 sub

118 839 345 880 Kazimaro
380 844 421 880 et
453 839 710 894 Bugiszlauo
745 840 946 890 ducibus,
979 846 1200 896 spectante
1233 856 1334 896 rege
1366 843 1564 884 dimicare

116 898 333 951 egregium
369 898 470 951 rati,
504 897 782 939 audacissima
823 899 936 939 urbis
983 900 1308 954 oppugnacione
1350 901 1566 955 singulare

118 956 286 997 uirtutis
319 956 531 1011 specimen
563 956 801 998 ediderunt.
847 956 1037 1005 Quorum
1062 958 1273 999 excellens
1297 971 1424 1013 opera
1447 963 1565 1010 grata

117 1014 416 1055 ammiracione
456 1015 565 1068 regis
609 1015 754 1056 oculos
798 1015 1030 1070 permulsit.
1093 1015 1160 1056 Ex
1202 1016 1421 1071 oppidanis
1454 1031 1564 1058 com-

117 1073 270 1127 plures,
294 1073 465 1126 ancipiti
493 1073 683 1128 periculo
709 1074 984 1125 circunuent-i,
1007 1075 1157 1127 partim
1182 1074 1389 1125 incendio,
1412 1075 1564 1129 partim

119 1131 331 1171 hostilium
363 1130 544 1172 telorum
570 1131 752 1186 impulsu
786 1132 985 1186 prostrati
1022 1131 1243 1184 cadebant,
1276 1133 1564 1188 incertumque

115 1195 229 1241 erat,
273 1188 367 1243 plus
412 1189 552 1243 ignem
595 1204 646 1229 an
690 1189 854 1230 hostem
902 1190 1032 1230 metui
1078 1195 1309 1243 oporteret.
1383 1190 1564 1237 Quidam

118 1261 235 1299 uero,
268 1246 404 1288 salute
437 1247 686 1302 postposita,
720 1247 827 1288 adeo
853 1247 1105 1289 obstinatam
1140 1262 1188 1288 ac
1219 1254 1564 1303 perseuerantem

118 1305 233 1346 urbis
276 1304 565 1346 defensionem
608 1312 809 1361 egerunt,
853 1310 898 1347 ut
937 1306 1060 1346 simul
1091 1306 1323 1372 ‘deflagrati
1364 1304 1566 1361 aggeris*

118 1363 283 1404 excidio
318 1363 623 1412 obruerentur,
666 1379 708 1406 0(
715 1379 797 1419 que
829 1378 957 1419 supet
989 1364 1172 1405 menium
1206 1379 1381 1405 suorum
1414 1379 1562 1419 rogum

116 1423 329 1476 proiectos
363 1422 655 1463 communibus
678 1423 856 1463 flammis
880 1422 1125 1464 cremandos
1147 1422 1384 1476 preberent.
1427 1396 1566 1463 Tanta

115 1479 323 1535 siquidem
366 1480 490 1533 patrii
534 1480 785 1522 munimenti
825 1480 1002 1521 caritate
1050 1480 1332 1532 101101111111111·,
1381 1485 1426 1521 111
1474 1481 1563 1522 01110

117 1539 333 1579 ruinarum
366 1538 468 1578 socii
500 1552 623 1593 quam
657 1538 906 1594 superstites
941 1539 1125 1580 existere
1158 1542 1445 1594 preoptarent.
1498 1538 1565 1579 Ita

118 1595 353 1650 desperatis
386 1596 693 1656 oppidanorum
736 1597 887 1648 rebus,
933 1597 1185 1652 excidioque
1228 1605 1270 1637 et
1302 1597 1425 1637 morti
1470 1610 1565 1650 pro-

116 1654 432 1709 pinquantibus,
466 1652 651 1709 quidam,
685 1669 707 1696 e
729 1655 1060 1735 piopugnaculis
1085 1655 1252 1696 excelsa
1284 1669 1390 1696 uoce
1424 1654 1564 1695 clami-

115 1717 227 1767 tans,
258 1711 487 1754 Absalonis
529 1713 762 1768 alloquium
804 1714 939 1767 postu
946 1713 1058 1755 31111
1122 1712 1256 1760 Quem
1292 1712 1479 1754 Absalon
1523 1713 1564 1753 in

116 1770 503 1825 tranquillissimam
548 1771 664 1812 urbis
707 1777 895 1826 partem,
931 1785 1013 1826 que
1057 1771 1214 1811 seilicet
1247 1785 1268 1809 a
1305 1770 1405 1811 cede
1436 1771 1563 1826 pluri-

117 1842 231 1869 mum
249 1828 511 1884 strepituque
528 1828 719 1879 distaret,
738 1828 938 1870 secedere
956 1829 1131 1879 iussum,
1154 1828 1354 1884 quidnam
1377 1828 1562 1879 afferret,

116 1886 359 1939 interrogat.
421 1887 522 1937 Ille,
566 1888 682 1928 uocis
715 1888 911 1928 affectum
947 1901 1071 1927 manu
1104 1900 1151 1926 ac
1193 1887 1382 1940 gestibus
1416 1900 1563 1940 prose-

116 1949 258 1993 cutus,
300 1944 451 1985 bellica
493 1950 735 1986 nostrorum
778 1959 906 2000 opera
940 1945 1120 1986 relaxari
1153 1945 1378 2000 poscebat,
1424 1943 1561 1998 quoad

117 2002 339 2057 oppidanis
371 2002 632 2045 dedicionem
667 2005 851 2069 arripere
883 2003 1019 2045 liceat.
1081 2002 1223 2057 Negat
1256 2002 1466 2050 Absalon,
1500 2002 1561 2042 ul-

113 2060 196 2100 lam
231 2061 567 2115 oppugnacionis
609 2062 901 2103 remissionem
934 2062 1048 2114 fore,
1090 2061 1132 2102 ni
1167 2067 1207 2101 et
1238 2061 1316 2114 ipsi
1350 2061 1506 2114 pariter
1538 2073 1562 2099 a

115 2118 380 2184 prohibendo
420 2118 614 2160 incendio
659 2133 830 2175 operam
874 2115 1176 2176 reltiaxissent.
1240 2118 1374 2165 Quam
1419 2117 1559 2158 condi-

115 2176 278 2217 cionem
320 2176 498 2218 barbaro
539 2178 866 2244 comprobante,
911 2181 1110 2232 acceptas
1153 2190 1302 2230 preces
1331 2175 1439 2218 illico
1472 2175 1558 2229 regi

114 2235 316 2289 porrexit,
350 2248 482 2289 eoque
516 2236 710 2291 protinus
745 2235 857 2288 113011
882 2235 932 2277 (10
966 2250 1012 2276 re
1037 2239 1238 2276 euocatos
1272 2247 1413 2288 pugna
1445 2233 1559 2287 prin-

116 2293 227 2348 cipes
261 2293 529 2343 consulente,
563 2294 730 2336 barbari
764 2293 874 2335 uotis
908 2293 1181 2335 annuendum
1224 2292 1464 2338 subiunxit,
1497 2291 1556 2331 di-

114 2350 256 2402 cendo,
290 2351 522 2406 oppidanos
543 2351 773 2407 grassantis
804 2351 986 2393 incendii
1007 2352 1210 2406 impetum
1235 2349 1312 2390 hoc
1335 2349 1557 2400 difficilius,

115 2423 195 2463 quo
219 2409 394 2460 tardius,
417 2410 648 2465 0ορ11111οο;
681 2409 793 2465 quod
818 2411 851 2450 si
874 2409 1104 2464 reprimere
1127 2407 1399 2455 destitissent,
1425 2407 1558 2447 eciam

114 2471 278 2507 remoto
302 2467 438 2521 hoste,
461 2468 682 2509 uictoriam
705 2468 791 2520 igni
816 2467 1003 2509 daturos.
1052 2465 1230 2507 Nostros
1253 2479 1370 2516 uero,
1394 2464 1560 2505 tametsi

116 2525 207 2565 0010
254 2525 546 2578 indulgerent,
593 2526 634 2566 id
683 2526 1049 2591 propugnancium
1096 2524 1358 2570 flammarum
1402 2522 1560 2562 uiribus

117 2583 385 2633 obtenturos,
430 2583 545 2638 quod
585 2598 638 2624 ne
679 2583 855 2639 propriis
894 2582 1063 2637 quidem
1105 2581 1271 2635 assequi
1312 2579 1558 2621 ualuissent.

7 2685 9 2690 ,
53 2653 89 2682 40
123 2640 247 2690 Quod
281 2654 522 2698 quanquam
564 2641 616 2682 ad
660 2641 807 2683 horam
840 2641 964 2682 armis
995 2639 1246 2690 abstineant,
1279 2638 1441 2679 ociosos
1474 2637 1561 2678 exi-

1602 1373 1756 1401 CthX³

1617 2137 1644 2161 p.
1664 2128 1715 2155 834

1613 2243 1707 2277 (324)
