1884 3126
165 880 201 907 10

166 1170 201 1196 15

166 1459 203 1486 20

165 1749 202 1776 25

167 2037 204 2064 30

168 2328 204 2354 35

232 218 315 259 264
783 237 838 244 -
896 212 1008 256 VIII
1069 239 1121 245 —

373 343 503 385 Cuius
533 342 674 398 Ringo
706 356 809 385 nece
842 342 1021 397 cognita,
1063 342 1162 385 dato
1193 343 1314 398 signo
1357 342 1501 384 laxare
1542 343 1674 384 aciem

233 417 334 444 suos
366 401 608 456 bellumque
650 401 865 443 remittere
907 400 1034 442 iubet.
1103 401 1270 442 Deinde
1312 407 1531 454 sequestra
1570 415 1674 455 pace

233 460 356 501 fedus
396 473 491 500 cum
532 458 726 500 hostibus
768 458 885 511 ferit,
930 458 1086 500 frustra
1131 473 1318 513 pugnam
1362 459 1520 514 absque
1569 460 1675 500 duce

234 517 426 572 protrahi
457 517 639 559 monitis.
707 517 813 558 Post
845 517 923 558 1100
955 517 1194 558 Sueonibus
1232 517 1388 571 passim
1432 518 1538 558 inter
1579 531 1674 572 pro-

235 576 416 616 miscuas
459 574 715 616 cadauerum
758 580 896 616 strues
926 581 928 615 ἰ
959 574 1140 616 Haraldi
1184 588 1336 630 corpus
1379 575 1541 630 exquiri
1585 589 1676 629 pre-

235 634 357 688 cepit,
391 647 444 674 ne
476 633 640 687 regium
672 633 796 674 funus
829 632 980 674 debitis
1015 632 1284 674 fraudaretur
1315 632 1487 675 inferiis.
1538 633 1677 688 Igitur

235 690 506 733 reuoluendis
541 690 860 732 interfectorum
894 691 1140 745 corporibus
1182 690 1306 731 auida
1350 690 1467 744 plebs
1507 691 1677 732 iniicere

235 763 408 804 operam
450 749 570 802 cepit.
638 749 689 790 In
730 750 836 790 banc
879 762 1021 790 curam
1062 748 1280 789 dimidium
1320 748 1403 789 diei
1436 753 1675 790 extractum

234 812 306 849 cst.
355 806 546 848 Tandem
570 820 663 847 cum
696 820 868 862 corpore
904 811 1071 861 reperta
1105 807 1239 860 claua,
1273 806 1453 848 Haraldi
1485 806 1676 848 manibus

237 863 544 920 parentandum
587 869 724 915 ratus,
758 879 937 920 equum,
970 878 1093 919 quem
1125 865 1356 911 insidebat,
1396 865 1512 919 regio
1545 865 1676 920 appli-

235 928 374 964 catum
408 923 547 965 currui
588 923 812 978 aureisque
844 922 1052 964 subselliis
1097 922 1294 964 decenter
1326 923 1549 963 instratum
1586 923 1676 964 eius

234 982 365 1023 titulis
398 980 626 1023 dedicauit.
696 981 802 1022 Inde
837 986 936 1022 nota
966 985 1197 1036 nuncupat,
1236 980 1462 1036 adiicitque
1495 994 1676 1035 precem,

233 1041 294 1081 uti
326 1039 540 1081 Haraldus
583 1053 634 1082 eo
668 1044 840 1080 uectore
878 1053 980 1080 usus
1023 1039 1100 1080 fati
1144 1044 1362 1080 consortes
1403 1039 1455 1080 ad
1499 1038 1676 1080 Tartara

234 1097 525 1148 antecederet,
576 1101 701 1152 atque
744 1097 857 1152 apud
897 1098 1114 1151 prestitem
1156 1097 1253 1138 Orci
1290 1097 1519 1138 Plutonem
1552 1097 1675 1138 sociis

234 1156 512 1209 hostibusque
542 1155 730 1210 placidas
764 1159 987 1209 expeteret
1019 1155 1155 1197 sedes.
1216 1154 1382 1196 Deinde
1418 1170 1567 1209 rogum
1606 1169 1678 1195 ex-

234 1215 370 1264 struit,
402 1213 537 1255 Danis
576 1214 812 1254 inauratam
845 1213 956 1267 regis
999 1213 1064 1253 sui
1107 1213 1279 1279 puppim
1319 1213 1361 1253 in
1405 1214 1571 1254 flimino
1614 1213 1677 1254 fo-

235 1277 422 1313 mentum
447 1271 807 1313 coniicereiussis.
853 1270 1043 1326 Cumque
1061 1271 1345 1337 superiectum
1363 1271 1470 1325 ignis
1494 1271 1678 1313 cadauer

234 1330 488 1380 absu1ner,et
512 1334 726 1371 merentes
749 1329 923 1370 circuire
946 1342 1142 1384 proceres
1166 1330 1479 1384 impensiusque
1503 1333 1677 1370 cunctos

235 1388 397 1429 hortari
438 1387 569 1442 cepit,
613 1387 675 1428 uti
714 1402 851 1438 arma,
885 1401 1049 1440 aurum,
1082 1391 1125 1428 et
1167 1386 1452 1442 quodcunque
1493 1387 1677 1442 opimum

236 1450 360 1499 esset,
392 1445 622 1487 liberaliter
652 1446 692 1486 in
726 1446 1030 1486 nutrimentum
1073 1445 1164 1498 rogi
1196 1445 1274 1486 sub
1317 1445 1422 1486 tanti
1454 1446 1677 1500 taliterque

235 1504 348 1560 apud
369 1517 512 1545 omnes
534 1503 671 1545 meriti
694 1503 805 1568 regis
825 1503 1105 1545 ueneracione
1129 1504 1471 1544 transmitterent
1506 1502 1677 1544 Cineres

237 1576 405 1618 quoque
436 1561 600 1616 perusti
633 1561 818 1616 corporis
851 1575 956 1602 urne
987 1560 1246 1602 contraditos
1268 1560 1470 1602 Lethram
1502 1560 1678 1615 perferri

236 1620 376 1674 ibique
410 1633 505 1661 cum
548 1630 657 1685 equo
700 1624 741 1660 et
774 1619 898 1660 armis
939 1615 1055 1673 regio
1089 1633 1204 1660 more
1249 1618 1433 1660 funerari
1472 1619 1675 1674 precepit.

235 1678 329 1718 Tali
351 1677 659 1732 parentacionis
683 1691 781 1718 cura
813 1677 932 1718 iustis
954 1677 1165 1717 auunculo
1188 1677 1427 1731 persolutis,
1459 1677 1676 1719 Danorum

234 1735 311 1777 sibi
369 1735 560 1777 fauorem
620 1736 804 1776 conciuit
866 1735 1091 1789 odiumque
1155 1734 1337 1776 hostium
1389 1734 1442 1776 ad
1495 1735 1679 1789 graciam

237 1792 424 1835 deflexit.
486 1793 591 1834 Post
631 1794 710 1834 hec
741 1808 766 1835 a
797 1793 951 1847 Danis‚
995 1793 1057 1833 uti
1093 1792 1285 1833 Hetham
1331 1793 1448 1846 regni
1492 1792 1679 1847 reliquiis

237 1851 485 1907 preficeret,
529 1855 753 1902 exoratus,
797 1865 850 1892 ne
892 1854 1067 1904 repente
1110 1849 1296 1891 recidiue
1346 1849 1523 1892 hostium
1570 1850 1680 1891 uires

238 1909 536 1962 coalescerent,
569 1909 763 1950 Scaniam
795 1923 818 1949 a
840 1908 978 1949 Danie
1012 1921 1188 1962 corpore
1211 1908 1433 1962 abruptam
1467 1908 1507 1949 in
1531 1906 1679 1950 Olonis

237 1966 522 2022 prefecturam
561 1967 764 2018 secreuit,
808 1965 1062 2007 Sialandiam
1104 1979 1207 2007 uero
1250 1966 1519 2021 reliquosque
1561 1966 1677 2020 regni

239 2027 340 2066 fines
385 2023 528 2066 Hethe
567 2024 776 2066 duntaxat
825 2038 975 2079 parere
1018 2023 1151 2065 iussit.
1236 2023 1303 2064 Ita
1340 2024 1381 2064 in
1423 2027 1677 2079 potestatem

238 2083 449 2124 Sueticam
479 2082 648 2124 fortune
680 2083 865 2124 uarietas
896 2081 1105 2123 Danicum
1138 2081 1301 2136 redegit
1331 2081 1564 2137 imperium.
1625 2080 1681 2122 Et

238 2141 303 2183 hie
336 2140 507 2196 quidem
541 2141 638 2182 belli
668 2140 836 2182 Brauici
867 2139 974 2182 finis.

375 2198 433 2240 At
463 2198 774 2252 Sialandenses,
812 2198 883 2253 qui
914 2197 1107 2240 Haraldo
1140 2197 1245 2239 duce
1277 2197 1339 2239 usi
1371 2196 1553 2250 fuerant,
1585 2211 1679 2238 cum

237 2256 375 2298 adhuc
415 2256 565 2312 prioris
604 2257 773 2298 fortune
812 2256 975 2311 species
1019 2255 1166 2297 animis
1210 2254 1447 2308 oberraret,
1489 2255 1679 2296 femineis

235 2328 386 2369 parere
425 2315 589 2369 legibus
633 2314 881 2368 probrosum
912 2314 1015 2366 rati,
1049 2313 1230 2355 Olonem
1262 2313 1490 2360 accedunt,
1534 2318 1678 2368 postu-

237 2373 394 2423 lantes,
437 2387 489 2414 ne
521 2372 735 2414 clarissimi
767 2372 878 2425 regis
918 2371 1070 2413 milicie
1114 2374 1306 2413 assuetos
1348 2370 1535 2412 muliebri
1579 2370 1678 2425 iugo

239 2430 443 2471 obnoxios
485 2430 633 2472 haberi
674 2434 905 2484 pateretur.
977 2429 1183 2470 Preterea
1224 2428 1277 2470 ad
1320 2429 1457 2484 ipsum
1494 2443 1536 2469 se
1566 2427 1680 2470 defe-

238 2492 391 2540 cturos,
424 2489 460 2529 si
490 2503 565 2544 pro
600 2487 856 2529 condicionis
889 2501 1034 2528 eorum
1063 2485 1335 2528 deformitate
1357 2485 1543 2527 tollenda
1565 2499 1680 2526 arma

240 2545 492 2599 susciperet,
535 2546 799 2601 pollic.entur
861 2544 950 2586 Nec
997 2545 1183 2599 segniter
1226 2543 1306 2585 010
1349 2543 1680 2599 supplicantibus

170 2617 208 2646 40
240 2603 373 2659 affuit,
406 2610 491 2646 tam
525 2605 637 2647 auite
662 2603 890 2646 maiestatis
913 2602 1113 2647 memoria
1136 2615 1259 2664 quam
1283 2601 1458 2644 militum
1480 2602 1682 2647 inuitatus

1731 589 1759 613 p.
1779 581 1827 607 391

1735 2214 1763 2239 p·
1783 2206 1832 2232 392
