1884 3126
686 214 730 219 «-
794 190 882 235 Vn
946 218 992 224 —-
1481 198 1564 240 253

115 320 378 364 decerneret.
453 320 578 369 Quod
622 334 718 362 cum
755 321 836 363 Olo
878 322 1031 364 nuncio
1078 324 1374 379 comperisset,
1419 324 1564 366 oblata

114 394 256 436 pugne
288 379 492 421 facultate
529 379 720 434 gauisus,
754 379 878 421 Olaui
917 386 1092 435 penates
1133 382 1363 436 agrestium
1405 384 1562 424 cultum

116 442 331 480 mutuatus
383 437 558 479 accedit.
634 436 718 478 Vbi
775 451 869 478 cum
922 439 1033 480 inter
1085 446 1298 481 extremos
1351 440 1562 482 discubitu

114 496 347 546 frueretur,
384 499 616 536 merentem
652 495 761 550 regis
795 495 995 537 familiam
1028 498 1311 552 conspicatus,
1350 499 1439 539 eius
1477 499 1561 539 filio

65 573 81 599 5
114 554 166 596 de
198 553 401 596 industria
443 553 641 609 *propius
683 555 911 608 accersito,
954 554 1050 610 quid
1091 556 1150 596 ita
1194 557 1323 597 ceteri
1362 557 1558 598 luctuosa

113 612 220 654 facie
253 616 408 665 essent,
440 611 626 667 inquirit.
670 611 764 659 Quo
795 613 948 654 sororis
971 626 1046 654 sue
1067 613 1329 668 pudiciciam,
1362 615 1403 655 ni
1426 615 1561 656 cuius-

114 671 224 726 piam
270 669 460 712 defensio
499 670 614 711 ocius
657 669 955 720 intercederet,
988 672 1182 725 proxime
1219 686 1293 727 per
1335 673 1562 714 acerrimos

114 728 278 784 pugiles
326 727 635 783 profanandam
683 727 874 780 dicente,
914 734 1188 784 percontatur
1229 744 1418 778 rursum,
1462 731 1562 786 quid

115 786 264 842 premii
308 791 555 841 recepturus
596 785 728 839 foret,
777 787 849 842 qui
889 788 1067 829 salutem
1111 802 1231 829 suam
1277 802 1352 843 pro
1399 790 1563 843 uirgine

45 864 81 891 10
113 844 365 887 deuoueret.
442 843 580 900 Super
627 858 710 899 quo
759 844 922 887 Olauus
969 860 1045 901 per
1091 845 1224 887 filium
1264 846 1561 901 interrogatus,

114 902 244 943 filiam
263 902 571 958 propugnatori
587 916 804 944 cessuram
820 903 1048 958 respondit.
1094 904 1189 952 Que
1210 918 1297 945 uox
1319 906 1563 960 precipuam

116 960 242 1002 Oloni
275 961 485 1002 subeundi
526 960 775 1002 discriminis
817 961 1058 1017 cupidinem
1100 962 1256 1004 attulit.
1307 961 1565 1004 ·Consuerat

115 1024 258 1060 autem
305 1019 427 1074 uirgo
480 1018 694 1074 hospitum
741 1019 888 1060 uultus
931 1020 1106 1075 propius
1149 1019 1391 1061 accedendo
1439 1035 1565 1076 quam

116 1077 401 1119 curiosissime
432 1077 598 1132 prelato
641 1077 801 1119 lumine
834 1078 1127 1133 contemplari,
1168 1091 1250 1133 quo
1288 1078 1443 1119 cercius
1478 1093 1566 1119 sus-

46 1151 82 1178 15
114 1140 337 1190 ceptorum
367 1148 507 1176 mores
537 1134 540 1187 Ι
570 1135 815 1190 cultumque
848 1136 1120 1191 perspiceret.
1171 1136 1362 1178 Eandem
1396 1151 1564 1192 quoque

115 1192 321 1234 creditum
367 1206 421 1234 ex
468 1193 579 1234 notis
625 1198 754 1248 atque
797 1193 1059 1235 lineamentis
1112 1194 1193 1235 oris
1245 1199 1565 1250 conspectorum

114 1251 389 1306 perpendisse
423 1251 678 1307 prosapiam,
711 1251 886 1307 solaque
929 1253 1045 1294 uisus
1077 1253 1309 1307 sagacitate
1346 1253 1566 1293 cuiuslibet

115 1309 331 1364 sanguinis
364 1308 555 1350 habitum
587 1309 850 1352 discreuisse.
929 1310 1021 1358 Que
1065 1325 1159 1351 cum
1192 1310 1371 1352 Olonem
1409 1316 1567 1352 scruta-

116 1367 268 1408 bundis
299 1381 502 1422 aggressa
534 1368 763 1410 luminibus
802 1369 1075 1420 constiti-sset,
1107 1369 1305 1410 inusitato
1347 1368 1565 1410 oculorum

51 1441 87 1468 2ο
121 1426 210 1467 eius
244 1425 420 1467 horrore
457 1427 705 1481 perstricta,
745 1439 854 1481 pene
886 1427 1092 1468 exanimis
1134 1426 1326 1468 concidit.
1398 1427 1456 1467 At
1495 1426 1566 1466 ubi

121 1484 278 1526 sensim
310 1483 502 1526 redditus
535 1484 673 1539 uigor,
712 1484 968 1540 spiritusque
1001 1484 1172 1526 liberius
1204 1499 1344 1526 meare
1387 1490 1567 1539 ceperat,

119 1556 289 1583 rursum
322 1543 521 1596 iuuenem
557 1543 793 1598 conspicari
827 1550 992 1595 conata,
1035 1544 1153 1597 lapso
1185 1547 1359 1596 repente
1391 1555 1568 1597 corpore

119 1614 198 1641 ceu
230 1604 374 1641 mente
406 1604 530 1655 capta
562 1601 801 1656 procubuit.
867 1601 1017 1642 Tercio
1051 1615 1217 1656 quoque
1250 1601 1348 1642 dum
1383 1601 1567 1640 clausam

119 1657 418 1714 deiectamque
452 1658 587 1701 aciem
621 1659 817 1701 attollere
849 1660 1009 1711 nititur,
1050 1673 1132 1700 non
1179 1658 1304 1699 modo
1348 1658 1567 1700 oculorum

49 1732 86 1759 2)
118 1721 263 1769 motu,
296 1722 407 1758 certe
440 1716 573 1758 eciam
616 1717 774 1772 pedum
819 1718 1021 1772 regimine
1054 1716 1222 1758 defecta
1264 1716 1403 1757 subito
1445 1716 1566 1771 lapsu

121 1773 289 1816 decidit.
342 1774 464 1815 Adeo
497 1776 688 1829 uigorem
720 1782 869 1830 stupor
903 1775 1086 1817 hebetat.
1140 1774 1233 1822 Quo
1267 1776 1357 1816 uiso
1391 1774 1566 1825 Olauus,

121 1846 194 1873 cur
226 1833 360 1874 tocies
393 1846 534 1875 casum
567 1847 747 1888 corpore
790 1833 1040 1888 prebuisset,
1072 1833 1316 1887 interrogat.
1388 1831 1481 1880 Qua
1524 1846 1567 1872 se

120 1891 362 1932 truculento
394 1891 572 1946 hospitis
607 1890 744 1946 u<i>su
781 1892 1021 1947 perculsam
1053 1895 1259 1944 testante,
1302 1891 1566 1945 eundemque

122 1952 165 1990 et
194 1949 366 2003 regibus
399 1954 537 1990 ortum
572 1955 626 2003 et,
659 1951 693 1991 si
725 1954 940 2005 raptorum
965 1954 1068 1991 uota
1101 1949 1327 2000 refelleret,
1359 1949 1444 1989 suis
1475 1963 1566 2003 pcr-

52 2023 88 2049 30
122 2020 249 2062 quam
271 2006 446 2061 dignum
476 2008 744 2062 amplexibus
765 2013 993 2057 asserente,
1025 2011 1201 2062 rogatur
1231 2021 1255 2047 a
1288 2008 1448 2048 cunctis
1471 2006 1566 2058 Olo,

122 2065 240 2117 (nam
275 2078 320 2106 os
353 2065 480 2120 pilleo
514 2066 751 2121 obnuptum
790 2065 1010 2120 habebat,)
1043 2065 1231 2106 discusso
1265 2065 1472 2106 uelamine
1500 2078 1567 2105 co-

121 2123 353 2176 gnoscendi
376 2123 524 2178 capitis
548 2128 671 2166 notas
703 2124 895 2180 prebere.
939 2123 1050 2164 Tum
1070 2123 1153 2176 ille,
1177 2123 1336 2164 cunctis
1360 2136 1564 2163 merorem

122 2180 339 2236 deponere
376 2181 648 2237 animumque
670 2182 817 2237 procul
848 2197 872 2223 a
895 2181 1042 2224 dolore
1065 2181 1222 2222 habere
1245 2180 1378 2233 iussis,
1402 2180 1568 2220 detecta

121 2237 263 2280 fronte
295 2238 461 2280 auidius
507 2240 693 2281 omnium
734 2241 778 2281 in
809 2254 854 2281 se
895 2241 1039 2281 oculos
1081 2239 1236 2281 eximie
1278 2237 1567 2292 pulcritudinis

54 2310 90 2338 35
122 2297 421 2339 ammiracione
455 2297 645 2340 deflexit.
715 2298 849 2339 Flaua
883 2298 1037 2352 quippe
1081 2295 1294 2349 cesa1·ie[s]
1337 2296 1568 2349 nitentique

124 2354 330 2408 capillicio
365 2359 467 2398 erat.
532 2355 733 2397 Ceterum
765 2355 960 2411 pupillas,
998 2369 1050 2397 ne
1082 2354 1315 2396 uisentibus
1356 2353 1566 2394 formidini

125 2411 277 2466 forent,
310 2412 523 2468 palpebris
556 2415 716 2468 arccius
749 2413 1074 2468 obstringendas
1118 2412 1303 2453 curabat.
1365 2410 1568 2452 Crederes

124 2476 316 2525 repente,
349 2471 499 2512 animis
531 2485 606 2526 spe
637 2471 860 2512 meliorum
895 2471 1056 2520 erectis,
1089 2470 1316 2525 tripudiare
1354 2468 1568 2520 conuiuas,

125 2527 348 2570 dissultare
370 2529 545 2582 aulicos,
577 2543 872 2584 summamque
895 2529 1174 2583 egritudinem
1197 2527 1330 2568 effusa
1360 2525 1567 2567 mencium

56 2599 92 2627 40
122 2585 337 2629 hilaritate
382 2587 580 2630 conuelli.
661 2587 799 2642 Igitur
849 2600 924 2642 spe
976 2592 1136 2629 metum
1188 2585 1381 2637 leuante,
1434 2583 1567 2626 altera

1596 565 1734 595 Lxva

1620 1153 1647 1178 p.
1667 1144 1713 1170 371
