1884 3126
273 901 307 926 10

271 1187 305 1213 15

267 1763 304 1791 25

270 2050 306 2076 30

270 2337 305 2364 35

345 248 427 289 522
879 262 927 268 -
988 208 1126 281 xlm
1187 261 1236 267 -

343 373 395 414 do
426 372 625 413 comitatu
649 369 792 423 gessit,
825 381 950 423 quam
982 367 1025 407 in
1045 366 1373 421 pernoctacionis
1395 368 1539 419 egerat
1569 364 1775 421 obsequiis

343 428 596 483 respuendis,
629 420 850 480 gloriosius
871 429 985 466 ratus
1006 438 1125 465 suam
1147 438 1194 464 ae
1216 424 1418 464 sociorum
1442 423 1616 463 salutem
1639 423 1775 464 dubiis

344 486 503 527 casibus
546 484 713 525 credere
756 497 881 538 quam
923 482 1068 522 alienis
1114 482 1240 522 armis
1286 485 1517 534 protegere.
1587 480 1774 535 Cumque

344 542 453 583 haud
487 541 627 596 procul
660 541 851 581 tentoriis
882 540 1065 591 abesset,
1097 538 1358 590 Priszlauus,
1406 538 1596 579 omnibus
1636 539 1774 580 frenos

341 604 553 640 suecutere
585 599 717 649 iussis,
750 597 792 638 Si
815 612 921 649 meo,
953 597 1102 652 inquit,
1134 596 1261 637 ductu
1282 610 1348 636 res
1370 595 1635 650 expedienda
1654 595 1773 648 foret,

341 657 538 697 comitum
592 655 933 709 supplementum
983 658 1124 695 nostra
1173 654 1361 708 paucitas
1407 667 1492 694 non
1538 653 1772 707 refugisset.

341 711 589 767 Siquidem*
622 713 846 753 aduersum
868 712 1053 767 pericula
1075 711 1290 752 abundare
1312 711 1514 752 industrie
1535 711 1679 765 pocius
1711 725 1774 751 ar-

339 775 584 823 gumentum
617 774 678 811 est
710 784 836 825 quam
880 770 1038 812 timoris
1070 769 1281 810 indicium.
1345 768 1438 810 Hoc
1478 770 1589 810 enim
1627 769 1773 823 proba-

342 827 461 868 bilior
502 832 563 868 est
606 827 830 879 fortitudo,
875 842 956 882 quo
988 828 1123 868 minus
1166 841 1260 867 cum
1293 826 1519 867 stoliditate
1550 827 1773 873 consentit3

338 885 409 925 illa
440 899 539 926 uero
571 885 942 939 reprehensionem
975 890 1173 936 meretur,
1206 884 1272 924 cui
1303 882 1426 938 uilfres
1456 884 1669 925 temeritas
1691 898 1776 925 am-

341 942 559 983 ministrat.
622 942 704 983 Sed
736 957 846 984 nunc
877 943 1049 997 exigere
1080 955 1285 997 perquam
1311 942 1497 983 deforme
1529 947 1602 993 est,
1631 945 1634 991 Ι
1664 941 1776 995 quod

340 999 463 1054 paulo
495 1004 592 1040 ante
616 1000 804 1041 oblatum
826 1006 1044 1055 acceptare
1076 1000 1417 1053 contempsimus,
1464 999 1614 1040 Restat
1635 999 1776 1053 igitur,

340 1061 385 1097 ut
417 1058 582 1098 unicam
615 1058 759 1098 salutis
801 1059 915 1099 uiam
955 1059 998 1098 in
1029 1061 1244 1112 pectorum
1275 1071 1323 1098 ac
1359 1057 1511 1098 uirium
1542 1061 1775 1098 nostrarum

338 1114 492 1155 fiducia
524 1129 803 1169 reponamus,
846 1115 1061 1170 spemque'
1086 1129 1139 1156 ex
1171 1114 1465 1171 desperacione
1503 1115 1776 1156 certissimam

338 1172 566 1226 capiamus.
627 1172 866 1214 Emulanda
906 1174 1047 1227 itaque
1079 1171 1230 1213 Danici
1270 1173 1484 1226 sanguinis
1525 1177 1567 1213 et
1597 1172 1776 1213 nominis

339 1229 495 1282 uirtus,
537 1231 732 1285 omnique
775 1231 910 1272 studio
954 1230 1220 1283 enitendum,
1261 1235 1308 1271 ut
1351 1235 1424 1271 aut
1454 1230 1572 1271 nobis
1602 1230 1776 1271 uictoria

339 1286 519 1328 reditum
551 1294 625 1328 aut
657 1289 842 1342 speciosa
875 1302 984 1329 mors
1015 1293 1203 1329 eternum
1236 1288 1347 1329 fame
1377 1288 1514 1342 pariat
1545 1288 1775 1328 monimen-

340 1348 442 1386 tum.
504 1344 563 1386 At
594 1346 764 1387 minime
796 1346 991 1394 dubium,
1035 1346 1134 1400 quin
1166 1345 1217 1386 de
1249 1346 1426 1386 transitu
1466 1349 1606 1386 nostro
1638 1345 1776 1387 hostes

340 1403 491 1456 equina
533 1403 710 1444 fecerint
751 1405 930 1458 uestigia
972 1404 1196 1455 cerciores,
1228 1417 1304 1444 nec
1347 1403 1479 1457 magis
1516 1403 1775 1457 ambiguum,

269 1475 285 1500 2
337 1473 484 1500 eorum
515 1461 693 1501 reditum
726 1461 885 1502 insidiis
916 1466 1165 1516 excepturos
1198 1474 1308 1511 esse,
1341 1475 1514 1516 quorum
1547 1460 1776 1501 aduentum

338 1517 452 1558 adesi
484 1519 599 1560 callis
630 1519 782 1560 indicio
814 1519 1102 1573 peruiderunt.
1165 1517 1224 1559 At
1255 1520 1363 1559 mori
1403 1518 1543 1571 uobis,
1576 1518 1774 1559 commili-

337 1578 464 1625 tones,
498 1590 621 1630 quam
653 1577 746 1631 capi
777 1581 948 1631 prestat.
1010 1576 1134 1631 Capti
1180 1576 1291 1617 enim
1323 1576 1445 1617 occisi
1474 1577 1661 1630 parentis
1691 1575 1774 1616 mei

336 1647 479 1687 penas,
512 1634 684 1688 perinde
707 1649 754 1675 ac
786 1635 873 1676 eius
895 1635 1202 1686 interfectores,
1234 1633 1392 1675 crudeli
1414 1637 1548 1675 morte
1570 1633 1773 1688 pendetis,

336 1690 570 1745 fratresque
603 1693 684 1733 mei
715 1693 902 1747 paternis
934 1692 1124 1733 manibus
1168 1705 1244 1746 per
1275 1705 1481 1732 summam
1517 1691 1777 1732 cruciatuum

335 1748 607 1790 acerbitatem
637 1755 774 1791 uestro
807 1751 1009 1803 sanguine
1042 1749 1338 1804 parentabunt.
1399 1748 1630 1803 Aliquanto
1673 1762 1774 1802 ergo

337 1806 470 1847 sacius
511 1812 596 1858 est,
640 1808 805 1862 proprie
848 1808 993 1848 uirtuti
1024 1807 1217 1862 spiritum
1252 1807 1450 1861 impendi,
1484 1820 1609 1861 quam
1640 1806 1775 1847 aliene

337 1863 540 1904 uioleneie
572 1865 867 1906 miserabiliter
889 1865 1145 1920 puniendum
1178 1865 1369 1919 relinqui.
1402 1864 1494 1905 Hec
1515 1878 1597 1904 non
1619 1863 1775 1918 proprii

338 1921 512 1975 periculi
534 1927 661 1973 metu,
685 1937 727 1964 se
749 1927 888 1964 uestre
910 1924 1052 1977 pocius
1073 1922 1239 1963 caritati
1261 1922 1511 1963 consulendo
1529 1922 1773 1963 monuerim.

337 1978 402 2020 Eo
445 1980 555 2020 enim
595 1981 798 2034 sanguine
841 1981 1039 2022 oriundus
1071 1993 1184 2031 sum,
1227 1994 1351 2034 quem
1391 1979 1496 2020 nulli
1527 1978 1775 2020 Sclauorum

337 2036 574 2078 attentandi
605 2052 806 2092 umquam
847 2052 971 2079 ausus
1004 2037 1184 2080 incessit.
1245 2038 1329 2079 Per
1359 2041 1524 2091 patrem
1562 2050 1640 2077 uos
1671 2036 1775 2091 opti-

339 2109 453 2135 mum
502 2095 821 2150 *maximumque
871 2094 1141 2151 perque[m]‚
1178 2095 1280 2136 illud
1336 2094 1551 2135 Danorum
1610 2094 1774 2135 celebre

338 2152 496 2193 eunctis
527 2152 722 2207 gentibus
752 2168 905 2194 nomen
944 2154 1115 2194 obsecro
1146 2153 1430 2207 obtestorque,
1470 2166 1522 2193 ne
1553 2151 1702 2192 fiducie
1733 2155 1775 2192 et

338 2209 575 2251 fortitudini
606 2210 940 2252 imbecillitatem
984 2215 1109 2266 atque
1142 2211 1357 2264 ignauiam
1388 2210 1622 2264 preferatis.
1683 2208 1775 2249 Hec

338 2267 589 2309 Priszlauus.
652 2267 845 2323 Denique
876 2269 962 2310 leta
1005 2269 1192 2309 omnium
1225 2268 1528 2309 acclamacione
1560 2270 1773 2321 exceptus,

337 2325 439 2365 nihil
472 2339 514 2367 se
546 2325 597 2366 de
627 2326 802 2366 uictoria
834 2326 1049 2380 ambigere
1080 2326 1351 2375 asseuerauit,
1383 2326 1448 2366 cui
1476 2325 1655 2365 militum
1686 2324 1773 2364 ala-

338 2382 460 2423 critas
502 2383 713 2437 presagiOx
736 2384 903 2435 fuisset,
945 2385 1162 2437 presertim
1210 2397 1303 2423 cum
1351 2383 1482 2424 omnis
1528 2381 1773 2422 Sclauorum

338 2439 517 2493 irrupcio
550 2441 687 2495 specie
709 2422 835 2603 {Ram
857 2454 902 2481 re
923 2440 1226 2482 formidabilior
1254 2440 1435 2481 existere
1466 2439 1611 2480 soleat.
1653 2437 1774 2479 Circa

339 2496 543 2538 incessum
588 2511 688 2538 uero
748 2497 774 2538 d
820 2498 975 2539 ordinis
1021 2498 1233 2539 obseruari
1278 2497 1456 2550 debere,
1508 2501 1555 2537 ut
1599 2496 1773 2536 iuuenes

339 2567 484 2607 parum
508 2555 658 2596 armati
678 2569 745 2597 me
778 2556 861 2596 ium
883 2556 991 2597 inter
1007 2556 1160 2597 milites
1181 2554 1398 2610 equitandi
1413 2555 1549 2596 locum
1568 2557 1772 2605 tenerent,

275 2624 308 2649 40
340 2625 480 2652 eorum
516 2613 710 2668 utrinque
750 2612 941 2669 presidiis
981 2612 1208 2655 muniendi.
1286 2611 1483 2654 Ceterum
1530 2610 1773 2652 militarium

1813 716 1877 744 (71st

1830 890 1884 922 (221

1832 956 1858 981 p.
1878 948 1884 955 '
