1884 3126
74 927 108 954 10

69 1511 107 1538 ‘20

70 1799 107 1826 25

677 280 729 288 -—
792 255 931 300 XIIII
994 281 1046 288 a-
1511 254 1595 300 483

138 401 259 430 suam
292 390 392 430 ante
424 386 526 444 fuge
558 402 685 444 quam
714 388 829 430 bello
861 389 1132 443 permittere,
1175 401 1350 443 eosque,
1383 387 1456 442 qui
1488 386 1598 427 uinci

138 450 338 502 possent,
382 447 495 488 ultro
538 448 723 488 uictores
767 446 959 501 efficere,
1002 447 1143 488 alieno
1185 452 1303 488 metu
1347 460 1472 502 quam
1511 445 1597 487 suis

140 504 301 546 uiribus
345 504 563 547 forciores.
638 504 816 547 Monent
857 504 1035 557 deinde,
1082 519 1128 546 re
1161 518 1214 546 ex
1248 508 1451 546 strennuo
1495 517 1596 558 rege

138 563 311 604 timidus
344 563 523 604 militum
556 564 750 605 desertor
782 564 962 617 euadat,
1006 578 1059 605 nc
1092 564 1217 604 unius
1250 562 1351 617 fuge
1385 561 1595 604 dedecore

138 626 203 662 tot
224 621 421 663 uictorias
444 637 541 663 suas
565 622 780 663 maculare
803 622 1024 664 sustineat.
1069 620 1199 663 Cuius
1221 620 1594 688 perseueranciam

140 695 164 721 a
206 680 428 734 proposito
471 680 690 722 reflectere
731 685 1025 736 nequeuntes,
1071 680 1226 721 amaris
1269 693 1363 721 eum
1397 679 1596 721 conuiciis

139 739 436 792 insequuntur.
498 738 589 780 Nec
621 738 940 781 deformitatem
979 739 1016 779 ei
1047 737 1411 803 peregrinacionis
1444 751 1596 792 expro-

141 796 284 838 biasse
319 798 518 850 contenti,
553 797 688 838 eciam
720 797 974 839 contumelio
998 797 1320 838 damnacionem
1352 796 1596 838 iunxerunt

139 854 306 896 Deinde
338 860 488 896 mutua
511 860 648 898 semet
669 855 974 897 adhortacione
998 855 1229 908 firmantes,
1262 854 1372 896 bello
1406 854 1596 896 hostibus

141 927 363 955 occurrere
396 918 602 955 statuunt.
647 914 758 956 Fore
781 913 905 966 enim,
928 919 976 954 ut
1001 928 1145 955 eorum
1170 912 1414 965 multitudo,
1436 913 1596 968 passim

138 985 189 1012 ac
222 971 460 1014 diss0÷³÷lute
492 972 678 1014 instandi
710 968 940 1028 cupiditate
973 986 1251 1027 procurrens,
1291 985 1487 1026 sparsum
1519 971 1592 1011 nii-

139 1029 232 1071 licic
265 1044 402 1084 genus
425 1032 644 1086 sequendo
676 1031 799 1072 facile
831 1045 854 1071 a
877 1031 1025 1085 paucis
1058 1030 1254 1084 intercipi
1286 1034 1445 1085 posset.
1494 1029 1594 1070 Pre-

142 1093 259 1129 terea
292 1103 409 1129 arma
442 1089 520 1130 sibi
553 1094 595 1131 et
628 1103 761 1144 equos
793 1094 1048 1144 suppetere,
1089 1088 1280 1143 nihilque
1323 1091 1387 1128 tot
1418 1087 1519 1128 uiris
1551 1087 1591 1128 in

140 1146 266 1187 unius
311 1147 552 1189 meticulosi
593 1147 710 1189 ducis
751 1147 949 1188 absencia
992 1148 1188 1189 nocuisse
1227 1147 1455 1188 fortunam.
1526 1145 1592 1187 Ita

91 1220 106 1244 π
138 1204 216 1245 sibi
248 1203 508 1247 fortitudinis
541 1205 672 1247 robur
703 1205 1019 1260 ingenerantes,
1052 1206 1159 1260 regii
1193 1204 1414 1246 dedecoris
1448 1209 1593 1246 notam

139 1262 308 1303 militari
341 1263 493 1318 spiritu
524 1264 735 1305 redimere
767 1265 1021 1318 gestiebant.
1070 1264 1156 1304 Diu
1187 1263 1332 1319 itaque
1367 1266 1592 1318 expectato

139 1321 282 1373 hoste,
324 1336 402 1362 nec
434 1322 549 1375 uiso,
590 1323 746 1365 Petrus
779 1322 1029 1364 soluendum
1063 1336 1217 1377 agmen
1249 1321 1462 1376 salutique
1497 1334 1594 1362 con—

139 1379 363 1420 sulendum
398 1381 655 1434 ammonuit,
688 1394 892 1435 perquam
926 1381 1103 1422 stultum
1136 1380 1377 1433 affirmans,
1416 1379 1593 1433 prelium

139 1438 300 1492 absque
332 1439 439 1479 duce
472 1440 647 1493 capessi.
691 1439 861 1493 Quippe
892 1439 989 1492 Iuti,
1022 1439 1268 1481 Suenonem
1301 1437 1354 1479 de
1386 1437 1592 1479 industria

139 1499 318 1537 cessisse
341 1497 433 1550 rati,
462 1497 709 1538 insidiarum
733 1502 847 1537 metu
871 1498 1032 1538 tardius
1056 1496 1338 1539 incedendum
1363 1496 1593 1538 duxerunt.

141 1553 262 1596 Tunc
293 1554 606 1607 Sialandenses,
639 1554 750 1610 quod
779 1555 978 1610 indigene
1002 1559 1157 1609 essent,
1190 1560 1357 1597 ceteros
1390 1555 1594 1596 commili-

140 1618 286 1654 tonum
319 1613 521 1655 ductu-ac
544 1613 851 1655 commeatibus
874 1614 1264 1669 prosequebantur,
1297 1627 1374 1654 nec
1399 1613 1592 1667 cuiquam

140 1685 192 1712 ex
225 1674 341 1713 tanto
371 1685 501 1726 grege
532 1672 794 1726 perniciosus
827 1672 880 1713 ad
903 1672 1084 1727 patriam
1116 1672 1278 1713 reditus
1313 1671 1464 1713 extitit.
1509 1671 1592 1713 Sed

141 1743 286 1770 eorum
321 1735 418 1784 post
448 1731 620 1771 modum
654 1730 868 1786 plerisque
901 1732 995 1786 paci
1022 1730 1220 1772 transicio
1253 1730 1347 1772 fuit.
1408 1728 1518 1770 Nam
1553 1734 1594 1771 et

138 1787 242 1828 fides
289 1788 460 1843 regibus
508 1788 608 1830 data
648 1794 689 1829 et
732 1789 921 1829 amicicia
966 1789 1125 1844 pariter
1170 1788 1375 1843 obsequio
1410 1787 1591 1842 quesita.

143 1845 235 1886 Wlf
273 1851 314 1888 et
353 1846 665 1899 Thorbiornus,
709 1852 899 1902 spectate
938 1848 980 1888 in
1019 1861 1162 1902 regem
1208 1847 1328 1898 fidei,
1371 1860 1466 1887 cum
1513 1846 1594 1889 hoc

139 1904 264 1945 uenie
304 1918 439 1959 genus
481 1906 522 1946 in
562 1905 727 1961 probris
770 1905 997 1959 ducerent,
1042 1906 1157 1947 domi
1194 1919 1270 1947 sue
1301 1904 1594 1960 comprehensi

139 1962 426 2018 Suerconique
459 1963 551 2018 regi
581 1963 623 2004 in
657 1964 893 2005 custodiam
936 1963 1100 2015 traditi,
1132 1964 1260 2005 exilio
1295 1964 1434 2019 capita
1466 1976 1593 2018 quam

73 2027 78 2033 “
139 2020 247 2062 hosti
280 2021 436 2064 dedere
469 2022 722 2064 maluerunt.
771 2022 938 2064 Horum
971 2022 1181 2077 siquidem
1214 2021 1462 2063 excellentis
1496 2035 1594 2063 con-

69 2091 107 2116 5³0

70 2674 107 2703 40

137 2079 295 2120 stancie
328 2080 492 2121 animus
534 2081 630 2135 plus
662 2080 796 2135 glorie
836 2081 876 2121 in
910 2081 1090 2121 uinculis
1131 2094 1258 2136 quam
1298 2080 1509 2121 libertatis
1549 2081 1591 2121 in

139 2137 385 2179 defeccione
417 2139 649 2179 constituit.
711 2138 771 2180 At
793 2138 946 2191 Sueno,
979 2139 1227 2180 continuato
1250 2138 1364 2193 apud
1399 2151 1593 2179 socerum

140 2195 268 2236 exilio
301 2196 528 2237 triennium
552 2211 762 2250 emensus,
794 2197 885 2251 ipso
911 2194 1140 2252 delfuncto,
1173 2197 1393 2239 Saxonum
1423 2201 1593 2252 satrape

139 2253 353 2306 Hem-ico,
385 2254 494 2295 datis
527 2255 731 2308 uadibus,
773 2256 995 2309 pecuniam
1027 2256 1252 2310 pollicetur
1283 2255 1525 2309 ingentem,
1557 2256 1591 2297 si

138 2325 271 2365 regno
304 2326 380 2367 per
412 2326 508 2353 eum
541 2314 708 2354 restitui
740 2317 897 2368 posset.
940 2314 1099 2355 Pactus
1131 2313 1340 2368 premium
1373 2312 1473 2365 dux,
1496 2327 1591 2354 cum

93 2382 107 2406 Γ)
140 2370 191 2411 ad
225 2384 439 2424 aggerem,
473 2384 599 2426 quam
622 2371 843 2412 Danorum
875 2376 1131 2412 structuram
1156 2371 1384 2426 appellant,
1418 2372 1592 2412 summis

139 2428 299 2469 uiribus
332 2429 620 2483 peruenisset,
653 2430 833 2470 transitu
865 2442 940 2484 per
972 2442 1088 2482 eum,
1132 2430 1204 2485 qui
1247 2433 1370 2484 porte
1408 2436 1593 2483 preerat,

139 2487 326 2540 pecunia
357 2491 625 2542 corruptum,
659 2487 862 2540 obtento,
905 2487 1125 2529 obsidione
1168 2501 1342 2529 censum
1379 2501 1404 2527 a
1437 2486 1594 2529 Slesui-

142 2545 337 2586 censibus
383 2545 562 2588 extudit.
624 2545 744 2586 Tunc
790 2545 1043 2600 Hartuious,
1087 2546 1342 2587 Bremorum
1385 2545 1593 2600 pontifex,

141 2602 211 2657 qui
245 2603 406 2658 etipse
449 2607 546 2658 post
576 2603 812 2645 Henricum
855 2604 1146 2659 expedicionis
1189 2606 1337 2645 auctor
1378 2603 1593 2656 extiterat,

138 2660 340 2702 meruisse
375 2675 483 2714 eum,
516 2661 664 2717 inquit,
698 2662 765 2717 qui
801 2665 966 2718 portam
989 2662 1252 2718 patefecerit,
1287 2675 1379 2702 cum
1411 2662 1594 2716 pecunia

1385 2730 1451 2766 31*

1614 980 1770 1009 cxmlla

1649 2211 1678 2236 p.
1697 2203 1749 2230 713
