1884 3126
681 243 731 248 -><-
796 219 866 261 ΙΙΙ
930 247 981 251 —
1504 226 1555 267 77

103 349 227 392 unius
268 347 519 404 inquietudo
565 348 736 404 patitur.
800 347 938 403 Igitur
977 349 1019 390 in
1062 349 1245 392 hostium
1289 355 1426 392 castra
1465 366 1559 407 pcr-

103 408 281 452 ueniens
313 413 399 448 tres
431 406 642 462 nymphas
673 420 829 450 arcane
862 407 983 462 dapis
1015 408 1183 462 gerulas
1206 408 1377 451 Balderi
1410 410 1558 451 castris

105 465 339 508 excessisse
374 466 608 520 cognoscit.
673 465 790 513 Quas
824 468 976 507 cursim
1009 466 1236 522 insequens
1268 468 1381 520 (nam
1414 482 1559 509 earum

105 524 251 580 fugam
299 523 464 564 roscida
507 523 733 578 prodidere
779 522 978 579 uestigia)
1016 525 1187 566 tandem
1227 530 1361 577 tecta,
1407 526 1559 581 quibus

55 599 71 624 ε)
104 587 396 635 assueuerant,
431 581 556 624 subit.
618 581 755 635 Igitur
787 582 840 622 ab
874 583 954 633 his,
988 583 1180 638 quisnam
1215 590 1339 630 esset,
1372 591 1559 638 rogatus,

107 640 372 683 citharedum
407 654 452 681 se
484 640 604 683 dixit.
654 638 744 681 Nec
777 642 1114 693 experimentum
1146 642 1395 697 professioni
1429 643 1560 684 disso-

106 713 208 741 num
251 697 346 740 fuit.
428 698 628 740 Oblatam
670 712 853 754 namque
909 699 1060 740 chelim
1103 700 1267 741 inflexis
1306 700 1355 741 ad
1400 715 1561 742 musam

106 758 274 811 neruis,
320 756 651 812 compositisque
695 757 858 812 plectro
904 757 1058 799 fidibus
1089 758 1355 803 moderatus,
1396 764 1561 813 gratum

106 815 282 857 auribus
314 815 448 856 melos
479 815 796 871 promptissima
828 815 1127 857 modulacione
1159 816 1379 859 fundebat.
1443 816 1562 858 Cete-

40 889 76 916 10
108 888 200 915 rum
232 879 318 916 tres
350 872 431 914 illis
465 874 638 915 colubre
668 873 810 928 fuere,
856 887 1033 930 quarum
1075 870 1174 916 tabo
1208 875 1432 916 solidatiue
1465 889 1562 917 con-

107 932 305 975 feccionis
353 932 526 987 epulum
575 932 762 974 Baldero
809 936 1049 988 temperare
1094 933 1302 976 solebant.
1387 933 1563 988 Iamque

109 990 314 1046 anguium
344 994 492 1045 aperto
527 1005 601 1033 ore
634 991 769 1032 multa
802 991 1021 1046 pulmento
1055 991 1195 1033 sanies
1226 992 1445 1042 influebat.
1479 991 1562 1032 Sed

111 1054 152 1090 et
183 1048 469 1104 nympharum
505 1049 688 1105 quedam
722 1050 996 1091 humanitatis
1029 1050 1168 1091 studio
1194 1049 1430 1092 Hntherum
1463 1064 1564 1105 epu-

108 1107 150 1148 lo
192 1107 584 1163 compertiuissent,
630 1108 673 1149 ni
716 1107 843 1159 trium
885 1109 1070 1149 maxima
1102 1108 1331 1160 uetuisset,
1372 1108 1561 1149 fraudem

42 1181 78 1208 15
109 1165 296 1207 Baldero
328 1165 421 1207 fieri
452 1170 708 1221 protestans,
741 1167 774 1207 si
808 1167 938 1221 ipsius
971 1166 1136 1208 hostem
1179 1167 1367 1222 corporei
1402 1166 1565 1207 roboris

110 1223 382 1265 incrementis
414 1224 645 1267 auxissent.
690 1224 769 1267 Ille
803 1239 848 1266 se
881 1239 965 1267 non
997 1224 1249 1275 Homerum,
1281 1224 1356 1266 sed
1383 1223 1566 1266 'Hotheri

111 1282 307 1324 comitem
329 1280 509 1325 dicebat.
539 1283 544 1335 Ι
571 1281 733 1324 Eodem
764 1297 945 1338 namque
988 1282 1172 1338 nymphe
1210 1283 1396 1324 accurati
1418 1282 1564 1324 nitoris
1602 1286 1697 1320 1³·124

113 1341 326 1396 cingulum
381 1344 685 1397 potentemque
726 1342 905 1383 uictoria
953 1355 1102 1382 zonam
1149 1341 1345 1383 clementi
1378 1340 1566 1394 benigni-

111 1403 202 1440 tate
235 1398 273 1440 ei
304 1399 457 1453 largite
489 1404 600 1442 sunt.

42 1472 80 1500 ευ
251 1456 335 1506 Qui
358 1471 451 1498 cum
474 1458 698 1513 pristinum
720 1458 800 1500 iter
823 1457 1090 1499 remeciendo
1115 1457 1233 1510 calle,
1266 1471 1349 1513 quo
1374 1462 1565 1510 uenerat,

114 1514 353 1570 repedaret,
388 1515 503 1557 obuii
536 1516 615 1558 sibi
648 1516 822 1558 Balderi
854 1516 964 1557 latus
1012 1515 1174 1569 hausit,
1212 1529 1396 1574 eumque
1447 1517 1567 1556 semi-

115 1587 262 1616 necem
304 1574 551 1629 prostrauit.
597 1574 711 1623 *Quo
746 1575 949 1616 militibus
991 1575 1214 1627 nunciato,
1257 1576 1355 1615 totis
1389 1573 1567 1616 flotberi

115 1631 264 1673 castris
296 1632 437 1674 alacer
476 1634 765 1675 exultancium
798 1633 956 1675 clamor
988 1633 1189 1685 insonuit,
1232 1633 1363 1673 Danis
1397 1631 1568 1673 Balderi

116 1689 332 1731 fortunam
372 1689 541 1745 publico
581 1706 747 1733 merore
779 1691 1146 1748 prosequentibus.
1209 1690 1291 1738 Qui
1324 1705 1416 1731 cuni
1450 1689 1568 1731 indu-

46 1763 82 1790 2:⁹1
116 1747 296 1789 bitatum
339 1748 418 1791 sibi
450 1748 584 1791 fatum
617 1750 836 1793 imminere
869 1750 1065 1794 sentiret,
1107 1749 1253 1790 dolore
1286 1748 1471 1790 uulneris
1504 1762 1569 1789 ac-

117 1820 284 1856 census,
315 1806 383 1848 die
414 1813 587 1862 postera
619 1809 799 1864 prelium
829 1812 1019 1851 renouat.
1064 1807 1158 1856 Quo
1181 1807 1390 1861 semente,
1421 1807 1570 1848 lectica

117 1879 164 1906 se
195 1865 235 1906 in
269 1866 403 1907 aciem
435 1865 590 1909 deferri
634 1867 776 1919 iussit,
819 1882 871 1908 ne
904 1868 1014 1908 intra
1046 1865 1363 1907 tabernaculum
1395 1865 1570 1907 obscura

118 1927 255 1964 morte
287 1922 465 1978 defungi
496 1925 730 1968 uideretur.
773 1926 954 1967 Postera
986 1930 1113 1966 nocte
1147 1923 1280 1966 eidem
1314 1923 1572 1979 Proserpina

118 1994 193 2037 per
225 1981 414 2036 quietem
456 1987 596 2025 astare
637 1988 831 2040 aspecta,
872 1983 1080 2039 postridie
1115 1997 1159 2024 se
1189 1986 1192 2023 l
1221 1982 1310 2024 eius
1343 1983 1570 2037 complexu
1609 1995 1705 2028 p.1¹25

50 2052 87 2079 30
118 2053 290 2080 usuram
314 2039 555 2084 denunciat.
599 2041 691 2084 Nec
715 2042 839 2084 inane
873 2041 1022 2083 somnii
1054 2041 1294 2097 presagium
1327 2040 1419 2082 fuit.
1463 2039 1569 2080 Nam

120 2097 352 2139 Balderum
387 2098 533 2154 elapso
566 2100 720 2153 triduo,
754 2100 907 2142 nimius
929 2100 1119 2141 uulneris
1156 2099 1368 2140 cruciatus
1406 2098 1571 2139 absum-

121 2155 216 2209 psit.
250 2154 381 2197 Cuius
399 2170 554 2211 corpus
577 2159 801 2212 exercitus,
825 2159 943 2214 regio
967 2158 1117 2199 funere
1139 2157 1307 2208 elatum,
1329 2157 1442 2198 facto
1467 2156 1572 2196 colle

123 2213 390 2255 condendum
423 2215 599 2257 curauit.

261 2271 390 2314 Hunc
421 2273 592 2329 quidam
626 2275 760 2316 nostri
781 2275 985 2332 temporis
1016 2274 1112 2328 uiri,
1145 2287 1325 2328 quorum
1347 2272 1572 2328 precipuus

53 2341 91 2369 35
122 2328 339 2388 Haraldus
373 2336 491 2378 erat,
523 2333 698 2388 uigente
730 2334 887 2375 ueteris
919 2333 1138 2388 sepulture
1167 2331 1303 2382 fama,
1346 2345 1421 2386 spe
1453 2344 1573 2386 repe-

123 2387 269 2430 riende
314 2389 494 2444 pecunie
540 2394 668 2432 noctu
709 2391 869 2444 adorti,
915 2391 1137 2447 repentino
1183 2395 1351 2444 ceptum
1398 2388 1572 2430 horrore

123 2445 353 2502 liquerunt.
395 2446 464 2489 Ex
488 2447 581 2503 ipso
614 2462 797 2504 namque
827 2450 1019 2505 pei-rupti
1051 2448 1206 2490 montis
1253 2446 1467 2489 cacumine
1507 2461 1574 2486 su-

124 2503 213 2545 bita
258 2505 458 2547 torrentis
507 2507 570 2548 uis
616 2520 772 2562 magno
819 2521 1025 2563 aquarum
1071 2507 1252 2562 strepitu
1297 2518 1572 2561 prorumpere

125 2561 367 2614 uidebatur,
401 2564 519 2605 cuius
541 2565 726 2620 rapidior
756 2566 891 2608 moles
912 2565 1200 2609 incitatissimo
1233 2564 1352 2619 lapsu
1376 2562 1573 2604 subiectis

58 2633 95 2660 40
125 2618 266 2662 infusa
294 2623 467 2679 campis,
500 2623 697 2679 quicquid
731 2623 988 2679 offendebat,
1021 2622 1295 2665 inmoluerot.
1340 2620 1405 2662 Ad
1451 2621 1724 2662 cuiusxxmn,
