1884 3126
59 919 95 946 10

59 1210 92 1238 15

0 1482 92 1528 ยน20

51 1788 88 1816 25

49 2078 87 2106 30

46 2367 84 2396 35

45 2659 81 2688 40

699 279 752 284 -
812 236 899 298 xv
960 282 1011 287 -
1496 264 1572 306 651

128 380 302 422 intendi.
378 381 549 423 Interea
596 381 897 428 waldemarus
943 388 1076 430 classe
1123 390 1227 431 luxu
1277 406 1400 447 quam
1451 394 1577 436 armis

130 438 351 481 ornaciore
392 438 612 481 Lubecum
659 442 897 496 profectus,
939 448 1260 490 occurrentibus
1291 449 1368 491 sibi
1405 449 1577 494 Germa-

128 511 280 539 norum
314 498 548 553 equitibus,
594 499 852 554 eximiasque
884 504 972 544 eius
1004 504 1206 548 aduentui
1246 511 1386 561 grates
1419 508 1574 551 haben-

142 555 276 608 tibus,
318 555 639 611 nauigacionem
682 558 819 601 medio
852 574 997 615 amne,
1028 564 1169 618 quoad
1209 565 1359 620 possit,
1389 566 1578 622 proferre

135 612 399 669 deposcitur,
452 628 535 669 quo
589 615 758 658 breuius
809 618 919 660 inter
969 620 1106 674 ipsum
1153 636 1201 663 ac
1249 622 1446 665 Cesarem
1493 626 1575 667 iter

130 678 323 714 restaret.
386 672 480 720 Quo
505 673 629 724 facto,
653 680 822 728 postero
848 676 927 730 die,
961 692 1012 719 an
1038 678 1235 721 Cesarem
1258 682 1392 724 medio
1425 683 1574 725 itinere

130 730 305 772 obuium
347 730 587 781 affectaret,
629 745 653 772 a
691 733 843 788 legatis
887 742 1085 790 rogatus,
1130 743 1268 779 castra
1308 741 1396 781 eius
1429 747 1573 795 petere

128 789 386 845 preoptauit,
419 789 599 830 Romani
633 790 795 845 imperii
827 797 1033 835 rectorem
1066 795 1107 835 in
1131 810 1176 837 re
1198 797 1363 839 modica
1395 797 1570 854 fatigare

126 860 440 902 superuacuum
493 849 790 890 existimando.
875 850 964 893 Nec
1014 853 1150 894 minor
1199 853 1364 896 Cesaris
1414 857 1455 897 in
1502 871 1572 898 ex-

126 905 320 961 cipiendo
366 904 641 947 Waldemaro
685 907 890 950 calliditas
937 924 1063 965 quam
1108 911 1369 954 waldemari
1414 915 1456 955 in
1499 929 1571 970 pe-

126 963 254 1005 tendo
289 963 443 1005 Cesare
476 964 718 1007 moderacio
753 968 904 1009 extitit.
968 967 1186 1025 Siquidem
1227 970 1266 1011 in
1302 971 1441 1025 primis
1475 986 1568 1013 eum

126 1022 328 1077 amplexu
359 1027 487 1078 atque
520 1024 663 1065 osculo
696 1024 992 1067 decentissime
1017 1033 1258 1078 ueneratus,
1290 1043 1389 1070 mox
1421 1030 1571 1071 dextra

128 1080 435 1122 honorabiliter
487 1081 777 1136 apprehensa.
829 1082 1022 1139 deposito
1076 1086 1254 1128 amiculo
1306 1101 1381 1142 per
1431 1087 1592 1129 media

127 1146 265 1180 castra
315 1138 542 1194 perduxit,
595 1141 790 1194 preconis
842 1156 958 1183 more
1004 1149 1174 1186 cunctos
1226 1144 1262 1185 ei
1308 1145 1375 1186 uia
1423 1145 1570 1188 cedere

124 1195 325 1239 iubendo.
388 1195 634 1239 Tentorium
680 1213 874 1254 quoque,
918 1200 1045 1242 nimio
1087 1202 1367 1244 multitudinis
1408 1204 1567 1258 conspi-

126 1254 261 1296 ciendi
313 1255 423 1308 regis
475 1255 600 1297 auide
654 1271 860 1298 concursu
907 1259 1166 1313 collapsum,
1216 1260 1387 1315 planum
1435 1263 1568 1316 campi

123 1313 306 1368 petendo
354 1313 564 1367 deseruit,
605 1314 678 1355 ubi
720 1315 908 1357 sedande
949 1331 1144 1372 pressure
1175 1318 1341 1372 gracia,
1385 1319 1567 1361 distenta

124 1372 258 1425 uirga,
293 1385 419 1427 quam
451 1377 620 1428 poterat
660 1373 770 1415 celsa
814 1388 945 1425 uoce,
978 1380 1151 1416 cunctos
1183 1376 1308 1429 locis,
1341 1377 1382 1417 in
1413 1377 1566 1432 quibus

126 1429 428 1482 consisterent,
471 1431 701 1473 consedere
746 1434 945 1488 precepit.
1015 1433 1098 1475 Sed
1141 1433 1441 1476 Waldemarus
1473 1450 1565 1477 cum

123 1487 213 1529 eius
246 1487 499 1541 dignacione
542 1489 720 1544 perinde
762 1504 812 1532 ac
858 1491 1037 1545 quadam
1070 1491 1376 1533 moderacionis
1409 1494 1566 1533 emula-

125 1546 246 1587 cione
278 1546 553 1599 contendens,
586 1548 732 1588 sellam
765 1563 882 1589 suam
916 1564 961 1590 se
983 1553 1304 1603 expectaturum
1334 1551 1564 1606 respondit,

123 1619 200 1656 ne,
245 1605 425 1659 probato
471 1605 647 1647 sedendi
693 1621 793 1651 usu,
840 1607 1068 1662 imperialis
1115 1607 1316 1649 cathedre
1363 1608 1562 1650 honorem

124 1676 332 1717 usurpare
375 1663 605 1705 uideretur.
678 1664 900 1718 Magnates
943 1665 1174 1706 honoribus
1219 1666 1446 1707 eminentes
1485 1681 1567 1709 non

125 1719 270 1762 ordine
303 1725 378 1761 aut
410 1722 580 1763 racione
613 1721 806 1763 discretis
838 1723 1013 1764 sedendi
1044 1724 1219 1778 spaciis,
1258 1724 1330 1764 sed
1367 1729 1411 1764 ut
1442 1737 1569 1778 quen-

120 1793 202 1834 que
237 1779 421 1821 uiolente
454 1780 680 1835 pressionis
713 1795 834 1822 casus
857 1780 1115 1834 iaJctauerat,
1149 1781 1300 1823 sedilia
1336 1782 1563 1833 habebant,

120 1836 303 1888 fortuna,
347 1851 432 1879 non
474 1838 682 1892 dignitate
726 1839 915 1880 locorum
961 1854 1080 1880 usum
1116 1840 1406 1881 distribuente.
1476 1840 1568 1881 Illic

121 1895 325 1936 exaudire
358 1900 448 1937 erat
479 1895 722 1938 Teutonum
757 1911 882 1938 uoces
914 1898 1093 1938 formam
1125 1898 1233 1951 regis
1276 1902 1566 1953 staturamque

121 1953 391 2005 mirancium3
435 1968 540 2008 quos
573 1959 692 1995 tanta
726 1955 889 1997 uisendi
923 1956 1010 1996 eius
1044 1955 1248 2010 cupiditas
1282 1960 1473 2011 ceperat,
1505 1960 1565 2007 ut,

117 2009 256 2065 <cum>
286 2011 461 2053 sedendi
494 2013 709 2054 humilitas
742 2013 951 2060 obstaret,
985 2014 1093 2054 alter
1123 2014 1297 2054 alterius
1331 2013 1566 2055 conscensis

118 2069 305 2110 humeris
357 2070 570 2125 productis
623 2071 742 2111 illum
787 2072 1020 2113 ceruicibus
1065 2071 1362 2125 inspectarent,
1438 2071 1566 2111 Hunc

119 2140 278 2181 regem,
312 2127 422 2169 hunc
455 2129 685 2177 dominum,
719 2129 831 2171 hunc
862 2130 1034 2185 imperio
1068 2129 1239 2182 dignum
1271 2129 1453 2181 referre,
1489 2127 1565 2170 Ce-

117 2199 254 2226 sarem
287 2186 484 2239 regulum
528 2187 943 2242 homuncionemque
991 2201 1159 2228 uocare.
1222 2186 1340 2228 Adeo
1375 2186 1563 2229 barbaris

118 2256 214 2284 eum
247 2243 458 2285 excellens
491 2246 679 2298 corporis
704 2244 872 2286 habitus
908 2245 1193 2286 uenerabilem
1226 2244 1423 2286 faciebat.
1467 2243 1565 2286 Cre-

117 2299 294 2355 diderim
329 2300 531 2343 Cesarem
564 2305 639 2344 has
671 2303 851 2344 militum
885 2316 1012 2344 uoces
1057 2302 1372 2343 dissimulanter
1403 2302 1563 2355 tulisse,

116 2372 168 2399 ne
201 2360 311 2413 regis
340 2359 539 2401 laudibus
572 2360 727 2402 offendi
762 2360 990 2402 uideretur.
1055 2360 1191 2407 Quem
1232 2366 1329 2414 post
1362 2359 1563 2400 diutinam

117 2417 307 2458 omnium
339 2419 705 2472 ammiracionem,
735 2418 881 2473 paucis
915 2432 1058 2459 secum
1093 2431 1324 2472 exsurgere
1356 2417 1490 2465 iussis,
1521 2417 1561 2457 in

116 2475 360 2528 proximum
393 2476 714 2518 tabernaculum
750 2476 900 2518 eodem
934 2476 1147 2517 comitatis
1168 2489 1322 2528 genere
1356 2473 1564 2515 deducen-

116 2531 215 2573 dum
249 2533 429 2587 curauit,
462 2548 545 2589 quo
578 2536 819 2576 uenientem
841 2533 981 2574 fuerat
1013 2539 1274 2588 prosecutus.
1335 2532 1430 2572 Illic
1452 2545 1561 2584 eum,

114 2590 233 2631 seriis
279 2592 464 2642 omissis,
512 2592 756 2648 aliquandiu
804 2591 1000 2632 beniuolo
1051 2591 1318 2644 iocundoque
1366 2603 1561 2631 sermone

113 2647 355 2702 detentum,
408 2650 460 2690 ad
515 2663 766 2705 uesperam,
817 2656 1100 2704 prosequente
1151 2648 1284 2689 tocius
1335 2646 1562 2690 Germanie

1625 1803 1652 1828 p.
1673 1795 1724 1822 950
