1884 3126
265 860 301 887 10

263 1150 299 1176 15

262 1437 299 1464 20

263 1726 299 1753 25

265 2016 301 2043 30

267 2305 303 2332 35

265 2594 302 2621 40

334 199 416 242 334
917 196 1187 239 ——X—

331 328 469 370 insula
500 341 525 368 a
556 325 736 367 Falstria
768 325 1011 379 secernitur,
1052 327 1171 381 regia
1211 327 1343 368 classe
1390 326 1628 381 compleuit.
1691 325 1772 375 Qui

334 400 427 428 cum
460 399 505 426 se
536 398 634 426 mox
665 384 704 424 in
738 383 986 426 Sclauorum
1026 384 1236 426 effusurus
1258 384 1518 439 prouinciam
1542 383 1771 438 uideretur,

333 444 403 499 qui
434 442 560 483 Iulini
602 442 902 496 constiterant,
946 441 1148 483 audacter
1192 442 1353 495 callidi,
1395 442 1598 496 impetum
1642 442 1773 483 hostis

335 505 426 542 arte
456 499 789 554 precurrendum
823 499 1051 550 duxerunt,
1112 499 1222 540 Nam
1255 514 1349 541 cum
1370 499 1598 541 muniende
1631 501 1773 541 classis

333 558 474 613 gracia
506 562 734 599 nocturnas
767 572 791 598 a
814 557 950 599 Danis
982 557 1145 598 circuiri
1177 558 1345 612 uigilias
1368 563 1554 608 nossent,
1587 557 1773 599 delectos

332 616 513 670 remiges
563 615 918 656 subornauerunt.
982 615 1064 663 Qui
1115 630 1261 669 mane,
1315 616 1546 671 anticipato
1598 616 1772 670 uigilum

332 687 449 715 more
480 673 762 727 simulatoque
793 673 846 714 ab
890 673 1079 714 excubiis
1111 673 1269 727 reditu,
1300 673 1565 728 frequentem
1597 673 1774 714 liburnis

332 735 500 787 portum
526 730 643 772 breui
665 731 788 771 lintre
819 731 1041 786 permensi,
1075 744 1169 772 cum
1191 731 1244 772 ad
1267 731 1379 786 regis
1402 745 1534 786 usque
1557 731 1773 785 nauigium

332 789 653 844 processissent,
701 802 792 830 esse
830 789 1089 842 gubernator
1122 788 1242 842 dixit,
1292 789 1403 844 quod
1436 789 1645 831 secrecius
1677 804 1775 831 eum

331 861 456 888 nosse
497 847 548 887 ad
593 846 765 888 modum
808 850 1035 902 oporteret.
1099 847 1134 889 A
1167 860 1248 902 quo
1283 861 1359 887 rex
1390 851 1518 888 noctu
1552 847 1774 902 explorate

333 905 391 946 rei
423 905 621 946 nuncium
653 904 792 946 afferri
835 909 965 957 ratus,
1010 904 1197 945 detracto
1239 904 1399 958 nauigii
1444 906 1631 959 tegmine
1665 905 1774 961 capi-

332 967 459 1018 teque
507 966 676 1016 exerto,
731 962 861 1003 ueluti
907 962 1124 1004 familiaris
1174 961 1369 1018 colloquii
1420 963 1563 1015 gracia
1614 963 1774 1005 accliue

332 1021 504 1062 uocanti
536 1033 687 1074 corpus
719 1020 898 1074 prebuit.
962 1020 1096 1068 Quem
1129 1024 1175 1060 ut
1206 1020 1276 1061 ille
1298 1019 1455 1061 insidiis
1489 1025 1773 1076 opportunum

333 1078 659 1130 animaduertit,
699 1078 838 1119 subito
872 1078 1078 1119 ceruicem
1112 1078 1201 1118 eius
1233 1091 1434 1133 perquam
1466 1078 1657 1120 uiolento
1689 1093 1775 1119 am-

331 1137 462 1191 plexu
503 1136 725 1190 corripuit,
774 1136 1023 1191 liburneque
1071 1135 1310 1177 detractum
1356 1137 1643 1192 apparitorum
1693 1150 1774 1191 ope

333 1193 583 1250 myoparoni
615 1208 689 1236 suo
722 1193 989 1235 iniiciendum
1033 1194 1209 1236 curauit.
1272 1192 1361 1234 Nec
1402 1194 1588 1248 segniter
1629 1196 1772 1249 fugam

333 1256 460 1292 naute
505 1252 724 1293 concitatis
770 1265 982 1292 remorum
1026 1251 1179 1292 ictibus
1213 1251 1484 1306 expetebant.
1545 1252 1612 1293 Ita
1643 1252 1772 1306 presi-

333 1309 448 1350 dium
480 1315 682 1351 strennue
716 1309 953 1350 calliditatis
985 1309 1191 1364 amplexi,
1224 1308 1336 1364 quod
1369 1309 1495 1350 armis
1526 1310 1772 1365 nequibant,

333 1367 492 1408 insidiis
524 1372 843 1422 promouerunt.
906 1367 1043 1422 Igitur
1075 1367 1143 1421 qui
1177 1366 1300 1422 paulo
1331 1373 1429 1408 ante
1461 1368 1501 1408 in
1546 1367 1773 1409 maiestatis
1829 1411 1831 1414 Α

334 1425 503 1480 fastigio
544 1425 735 1470 fulserat„
776 1430 875 1467 tunc
919 1425 1193 1466 barbarorum
1237 1424 1473 1466 miserabile
1520 1425 1771 1480 mancipium

335 1483 641 1525 contumelioso
673 1483 853 1524 ludibrio
885 1483 1052 1524 fortune
1086 1482 1272 1530 effectus,
1303 1482 1457 1535 nescio,
1489 1483 1619 1537 patris
1641 1484 1774 1524 maior

333 1555 385 1582 an
438 1541 652 1596 religionis
702 1541 866 1594 iniuria,
916 1541 1191 1595 prouinciam,
1244 1555 1368 1596 quam
1412 1542 1597 1596 parentis
1644 1541 1770 1582 exilio

333 1599 585 1653 uiolauerat,
618 1599 848 1640 ministram
883 1598 1357 1653 carcerisultricemque
1380 1598 1589 1654 parricidii
1617 1595 1771 1653 sensit3

336 1657 529 1711 patriam,
588 1670 715 1709 quam
757 1657 886 1698 sacris
928 1657 1199 1711 spoliauerat,
1246 1657 1379 1697 eciam
1425 1656 1573 1712 opibus
1614 1671 1772 1699 exuere

334 1728 507 1757 necesse
539 1715 698 1756 habuit.
759 1713 908 1770 Neque
949 1715 1059 1755 enim
1103 1715 1218 1756 ocius
1251 1728 1274 1755 a
1307 1715 1392 1755 suis
1423 1714 1559 1755 iuuari
1592 1718 1772 1769 poterat,

332 1777 483 1827 utpote
530 1772 682 1827 quibus
728 1773 908 1827 primum
949 1771 1211 1813 detrahenda
1242 1771 1420 1826 nauigiis
1451 1772 1652 1826 tegmina,
1699 1786 1771 1827 ap-

331 1829 449 1872 tandi
501 1830 601 1872 foris
653 1831 756 1871 remi
807 1830 1141 1885 extollendeque
1195 1829 1316 1871 undis
1357 1829 1542 1871 anchore
1585 1830 1768 1872 fuerant.

333 1888 469 1930 Cessit
506 1890 510 1929 Ι
554 1889 680 1943 igitur
728 1888 948 1943 expedicio
994 1887 1154 1941 fraudi,
1203 1902 1280 1930 nec
1327 1887 1560 1929 barbariem
1612 1888 1771 1943 absque

331 1946 448 2001 rrgio
482 1947 611 1987 ductu
644 1950 785 1999 petere
818 1960 932 1998 ausa,
976 1947 1116 1987 soluta
1148 1945 1295 1999 classe,
1327 1944 1567 1987 domesticis
1599 1946 1772 1987 militem

332 2004 544 2045 littoribus
576 2003 772 2046 reddidit.

469 2061 518 2103 In
544 2076 626 2116 qua
648 2061 817 2103 fortune
841 2061 1050 2103 uiolencia
1070 2061 1228 2112 Sueno,
1252 2061 1362 2102 uirili
1384 2060 1576 2103 defectus
1595 2061 1767 2115 auxilio,

332 2118 558 2160 femineum
594 2124 794 2174 expertus
826 2124 901 2160 est.
934 2118 1042 2160 Nam
1076 2133 1183 2170 cum,
1215 2118 1430 2160 exhaustis
1462 2119 1577 2173 regni
1607 2119 1769 2174 opibus,
1802 2126 1804 2129 ’

331 2190 383 2218 ne
434 2191 582 2218 aurum
626 2176 793 2232 quidem
833 2177 1119 2231 redempcioni
1161 2176 1250 2218 eius
1282 2180 1510 2231 suppetere
1541 2176 1768 2228 uideretur,

331 2238 451 2276 tanta
484 2234 520 2276 ei
542 2239 830 2276 matronarum
854 2234 1089 2276 humanitas
1122 2233 1254 2287 affuit,
1287 2239 1345 2286 ut,
1378 2233 1578 2275 detractis
1600 2234 1765 2275 aurium

333 2292 565 2347 insignibus
616 2296 840 2347 ceteroque
892 2293 1029 2345 cultu,
1081 2292 1268 2333 certatim
1323 2292 1528 2346 digestam
1578 2291 1766 2346 pondere

332 2364 536 2391 summam
571 2350 802 2405 explerent,
837 2350 931 2406 plus
964 2349 1170 2392 commodi
1192 2350 1232 2390 in
1257 2350 1394 2390 salute
1424 2349 1621 2404 principis
1644 2363 1767 2404 quam

331 2409 568 2450 amenitatis
619 2409 661 2449 in
713 2411 1057 2455 ornamentorum
1104 2421 1272 2449 suorum
1319 2407 1459 2462 specie
1504 2413 1767 2462 reponentes.

332 2465 454 2508 Adeo
497 2466 539 2506 in
583 2465 799 2507 liberando
840 2479 889 2506 eo
930 2470 1109 2520 uterque
1152 2479 1280 2507 sexus
1323 2465 1447 2506 unius
1482 2465 1651 2506 humani
1684 2465 1767 2506 uoti

333 2537 476 2564 curam
519 2523 678 2566 habuit.
747 2523 813 2564 Ita
859 2521 1140 2575 matronali[s]
1187 2523 1295 2564 stole
1340 2521 1555 2577 publicum
1602 2523 1766 2564 culmen

333 2581 508 2636 priuatis
541 2578 825 2623 ‘facultatibus
867 2594 1006 2622 emere
1045 2580 1253 2636 uoluptati
1295 2580 1429 2634 magis
1474 2593 1598 2635 quam
1650 2581 1766 2623 oneri
