<?xml version="1.0" encoding="UTF-8"?>
<!DOCTYPE html PUBLIC "-//W3C//DTD XHTML 1.0 Transitional//EN"
    "http://www.w3.org/TR/xhtml1/DTD/xhtml1-transitional.dtd">
<html xmlns="http://www.w3.org/1999/xhtml" xml:lang="en" lang="en">
 <head>
  <title>
</title>
<meta http-equiv="Content-Type" content="text/html;charset=utf-8" />
  <meta name='ocr-system' content='tesseract 3.04.00' />
  <meta name='ocr-capabilities' content='ocr_page ocr_carea ocr_par ocr_line ocrx_word'/>
</head>
<body>
  <div class='ocr_page' id='page_1' title='image "./saxonisgrammatic00saxouoft_0697.png"; bbox 0 0 1884 3126; ppageno 0'>
   <div class='ocr_carea' id='block_1_1' title="bbox 665 214 1566 280">
    <p class='ocr_par' dir='ltr' id='par_1_1' title="bbox 665 214 1566 280">
     <span class='ocr_line' id='line_1_1' title="bbox 665 214 1566 280; baseline 0 -1"><span class='ocrx_word' id='word_1_1' title='bbox 665 262 714 267; x_wconf 74' lang='lat'>-</span> <span class='ocrx_word' id='word_1_2' title='bbox 774 237 913 279; x_wconf 80' lang='lat' dir='ltr'>XIIII</span> <span class='ocrx_word' id='word_1_3' title='bbox 973 261 1026 267; x_wconf 90' lang='lat'><em>-</em></span> <span class='ocrx_word' id='word_1_4' title='bbox 1331 214 1333 217; x_wconf 67' lang='grc'>’</span> <span class='ocrx_word' id='word_1_5' title='bbox 1482 237 1566 280; x_wconf 85' lang='lat'>603</span> 
     </span>
    </p>
   </div>
   <div class='ocr_carea' id='block_1_2' title="bbox 49 370 1756 2693">
    <p class='ocr_par' dir='ltr' id='par_1_2' title="bbox 119 370 1566 602">
     <span class='ocr_line' id='line_1_2' title="bbox 119 370 1566 431; baseline 0.003 -19"><span class='ocrx_word' id='word_1_6' title='bbox 119 370 337 426; x_wconf 90' lang='lat' dir='ltr'>petebant.</span> <span class='ocrx_word' id='word_1_7' title='bbox 400 370 514 419; x_wconf 84' lang='lat' dir='ltr'>Quos</span> <span class='ocrx_word' id='word_1_8' title='bbox 545 374 663 413; x_wconf 89' lang='lat' dir='ltr'>tanta</span> <span class='ocrx_word' id='word_1_9' title='bbox 684 370 785 426; x_wconf 87' lang='lat' dir='ltr'>fuge</span> <span class='ocrx_word' id='word_1_10' title='bbox 807 372 987 415; x_wconf 90' lang='lat' dir='ltr'>auiditas</span> <span class='ocrx_word' id='word_1_11' title='bbox 1014 375 1197 428; x_wconf 79' lang='lat' dir='ltr'>ceperat,</span> <span class='ocrx_word' id='word_1_12' title='bbox 1219 377 1276 423; x_wconf 78' lang='lat' dir='ltr'>ut,</span> <span class='ocrx_word' id='word_1_13' title='bbox 1300 388 1394 416; x_wconf 93' lang='lat' dir='ltr'>cum</span> <span class='ocrx_word' id='word_1_14' title='bbox 1416 374 1566 431; x_wconf 87' lang='lat' dir='ltr'>ingens</span> 
     </span>
     <span class='ocr_line' id='line_1_3' title="bbox 119 427 1566 485; baseline 0.003 -16"><span class='ocrx_word' id='word_1_15' title='bbox 119 429 299 471; x_wconf 89' lang='lat' dir='ltr'>telorum</span> <span class='ocrx_word' id='word_1_16' title='bbox 330 427 393 470; x_wconf 82' lang='lat' dir='ltr'>uis</span> <span class='ocrx_word' id='word_1_17' title='bbox 424 429 467 471; x_wconf 91' lang='lat' dir='ltr'>in</span> <span class='ocrx_word' id='word_1_18' title='bbox 499 443 644 471; x_wconf 90' lang='lat' dir='ltr'>eorum</span> <span class='ocrx_word' id='word_1_19' title='bbox 674 430 891 484; x_wconf 89' lang='lat' dir='ltr'>nauigium</span> <span class='ocrx_word' id='word_1_20' title='bbox 919 430 1219 485; x_wconf 86' lang='lat' dir='ltr'>effunderetur,</span> <span class='ocrx_word' id='word_1_21' title='bbox 1253 433 1386 474; x_wconf 85' lang='lat' dir='ltr'>eciam</span> <span class='ocrx_word' id='word_1_22' title='bbox 1417 446 1566 474; x_wconf 87' lang='lat' dir='ltr'>manus</span> 
     </span>
     <span class='ocr_line' id='line_1_4' title="bbox 121 487 1565 544; baseline 0.003 -16"><span class='ocrx_word' id='word_1_23' title='bbox 121 487 286 542; x_wconf 80' lang='lat' dir='ltr'>sagittis</span> <span class='ocrx_word' id='word_1_24' title='bbox 316 487 494 538; x_wconf 86' lang='lat' dir='ltr'>traiecti,</span> <span class='ocrx_word' id='word_1_25' title='bbox 527 488 795 529; x_wconf 87' lang='lat' dir='ltr'>manentibus</span> <span class='ocrx_word' id='word_1_26' title='bbox 827 489 1011 542; x_wconf 85' lang='lat' dir='ltr'>spiculis,</span> <span class='ocrx_word' id='word_1_27' title='bbox 1042 489 1278 544; x_wconf 85' lang='lat' dir='ltr'>remigandi</span> <span class='ocrx_word' id='word_1_28' title='bbox 1309 490 1447 532; x_wconf 89' lang='lat' dir='ltr'>officia</span> <span class='ocrx_word' id='word_1_29' title='bbox 1479 504 1565 532; x_wconf 92' lang='lat' dir='ltr'>non</span> 
     </span>
     <span class='ocr_line' id='line_1_5' title="bbox 119 544 1566 602; baseline 0.003 -16"><span class='ocrx_word' id='word_1_30' title='bbox 119 546 373 587; x_wconf 88' lang='lat' dir='ltr'>omitterent.</span> <span class='ocrx_word' id='word_1_31' title='bbox 438 544 561 587; x_wconf 90' lang='lat' dir='ltr'>Adeo</span> <span class='ocrx_word' id='word_1_32' title='bbox 592 545 688 587; x_wconf 89' lang='lat' dir='ltr'>illos</span> <span class='ocrx_word' id='word_1_33' title='bbox 721 546 883 588; x_wconf 88' lang='lat' dir='ltr'>timoris</span> <span class='ocrx_word' id='word_1_34' title='bbox 904 547 1152 602; x_wconf 83' lang='lat' dir='ltr'>magnitudo</span> <span class='ocrx_word' id='word_1_35' title='bbox 1183 548 1407 590; x_wconf 91' lang='lat' dir='ltr'>uulnerum</span> <span class='ocrx_word' id='word_1_36' title='bbox 1438 548 1566 590; x_wconf 90' lang='lat' dir='ltr'>mole-</span> 
     </span>
    </p>

    <p class='ocr_par' dir='ltr' id='par_1_3' title="bbox 69 603 1567 894">
     <span class='ocr_line' id='line_1_6' title="bbox 69 603 1567 661; baseline 0.002 -16"><span class='ocrx_word' id='word_1_37' title='bbox 69 612 86 638; x_wconf 84' lang='lat'>5</span> <span class='ocrx_word' id='word_1_38' title='bbox 125 604 249 645; x_wconf 90' lang='lat' dir='ltr'>stiam</span> <span class='ocrx_word' id='word_1_39' title='bbox 278 603 496 659; x_wconf 82' lang='lat' dir='ltr'>negligere</span> <span class='ocrx_word' id='word_1_40' title='bbox 528 604 677 658; x_wconf 79' lang='lat' dir='ltr'>coegit.</span> <span class='ocrx_word' id='word_1_41' title='bbox 739 603 876 646; x_wconf 85' lang='lat' dir='ltr'>Fuere</span> <span class='ocrx_word' id='word_1_42' title='bbox 898 605 1044 654; x_wconf 85' lang='lat' dir='ltr'>eciam,</span> <span class='ocrx_word' id='word_1_43' title='bbox 1077 606 1163 660; x_wconf 79' lang='lat' dir='ltr'>qui,</span> <span class='ocrx_word' id='word_1_44' title='bbox 1193 606 1317 648; x_wconf 91' lang='lat' dir='ltr'>undis</span> <span class='ocrx_word' id='word_1_45' title='bbox 1338 606 1567 661; x_wconf 89' lang='lat' dir='ltr'>impensius</span> 
     </span>
     <span class='ocr_line' id='line_1_7' title="bbox 119 661 1567 720; baseline 0.003 -18"><span class='ocrx_word' id='word_1_46' title='bbox 119 661 397 714; x_wconf 81' lang='lat' dir='ltr'>obluctantes,</span> <span class='ocrx_word' id='word_1_47' title='bbox 428 662 561 703; x_wconf 86' lang='lat' dir='ltr'>uitam</span> <span class='ocrx_word' id='word_1_48' title='bbox 592 662 769 716; x_wconf 83' lang='lat' dir='ltr'>remigio</span> <span class='ocrx_word' id='word_1_49' title='bbox 800 663 980 704; x_wconf 88' lang='lat' dir='ltr'>finirent.</span> <span class='ocrx_word' id='word_1_50' title='bbox 1042 663 1151 716; x_wconf 89' lang='lat' dir='ltr'>Alii,</span> <span class='ocrx_word' id='word_1_51' title='bbox 1194 665 1289 706; x_wconf 90' lang='lat' dir='ltr'>telis</span> <span class='ocrx_word' id='word_1_52' title='bbox 1320 668 1441 720; x_wconf 85' lang='lat' dir='ltr'>terga</span> <span class='ocrx_word' id='word_1_53' title='bbox 1471 678 1567 706; x_wconf 91' lang='lat' dir='ltr'>con-</span> 
     </span>
     <span class='ocr_line' id='line_1_8' title="bbox 118 720 1566 777; baseline 0.001 -16"><span class='ocrx_word' id='word_1_54' title='bbox 118 720 208 770; x_wconf 86' lang='lat' dir='ltr'>fixi,</span> <span class='ocrx_word' id='word_1_55' title='bbox 242 721 443 762; x_wconf 87' lang='lat' dir='ltr'>maiorem</span> <span class='ocrx_word' id='word_1_56' title='bbox 483 720 714 774; x_wconf 85' lang='lat' dir='ltr'>nauigandi</span> <span class='ocrx_word' id='word_1_57' title='bbox 754 735 881 776; x_wconf 89' lang='lat' dir='ltr'>quam</span> <span class='ocrx_word' id='word_1_58' title='bbox 913 721 1072 776; x_wconf 89' lang='lat' dir='ltr'>spicula</span> <span class='ocrx_word' id='word_1_59' title='bbox 1102 723 1282 777; x_wconf 88' lang='lat' dir='ltr'>propriis</span> <span class='ocrx_word' id='word_1_60' title='bbox 1323 722 1566 777; x_wconf 86' lang='lat' dir='ltr'>corporibus</span> 
     </span>
     <span class='ocr_line' id='line_1_9' title="bbox 121 778 1566 832; baseline 0.001 -13"><span class='ocrx_word' id='word_1_61' title='bbox 121 778 335 820; x_wconf 89' lang='lat' dir='ltr'>auellendi</span> <span class='ocrx_word' id='word_1_62' title='bbox 365 793 509 820; x_wconf 89' lang='lat' dir='ltr'>curam</span> <span class='ocrx_word' id='word_1_63' title='bbox 540 778 798 832; x_wconf 87' lang='lat' dir='ltr'>prestabant.</span> <span class='ocrx_word' id='word_1_64' title='bbox 840 778 962 821; x_wconf 90' lang='lat' dir='ltr'>Adeo</span> <span class='ocrx_word' id='word_1_65' title='bbox 993 779 1075 820; x_wconf 87' lang='lat' dir='ltr'>illis</span> <span class='ocrx_word' id='word_1_66' title='bbox 1101 781 1311 822; x_wconf 88' lang='lat' dir='ltr'>minorum</span> <span class='ocrx_word' id='word_1_67' title='bbox 1342 781 1566 822; x_wconf 90' lang='lat' dir='ltr'>uulnerum</span> 
     </span>
     <span class='ocr_line' id='line_1_10' title="bbox 120 835 1567 894; baseline 0.001 -17"><span class='ocrx_word' id='word_1_68' title='bbox 120 835 306 878; x_wconf 90' lang='lat' dir='ltr'>dolorem</span> <span class='ocrx_word' id='word_1_69' title='bbox 349 837 555 878; x_wconf 90' lang='lat' dir='ltr'>maiorum</span> <span class='ocrx_word' id='word_1_70' title='bbox 596 840 732 878; x_wconf 88' lang='lat' dir='ltr'>metus</span> <span class='ocrx_word' id='word_1_71' title='bbox 771 836 1000 879; x_wconf 86' lang='lat' dir='ltr'>ademerat.</span> <span class='ocrx_word' id='word_1_72' title='bbox 1077 836 1268 894; x_wconf 85' lang='lat' dir='ltr'>Cumque</span> <span class='ocrx_word' id='word_1_73' title='bbox 1299 852 1452 894; x_wconf 84' lang='lat' dir='ltr'>anceps</span> <span class='ocrx_word' id='word_1_74' title='bbox 1494 838 1567 879; x_wconf 82' lang='lat' dir='ltr'>diu</span> 
     </span>
    </p>

    <p class='ocr_par' dir='ltr' id='par_1_4' title="bbox 50 894 1756 1183">
     <span class='ocr_line' id='line_1_11' title="bbox 50 894 1567 951; baseline 0.002 -16"><span class='ocrx_word' id='word_1_75' title='bbox 50 902 87 929; x_wconf 91' lang='lat'>10</span> <span class='ocrx_word' id='word_1_76' title='bbox 118 895 405 948; x_wconf 85' lang='lat' dir='ltr'>nauigacionis</span> <span class='ocrx_word' id='word_1_77' title='bbox 436 899 649 936; x_wconf 85' lang='lat' dir='ltr'>certamen</span> <span class='ocrx_word' id='word_1_78' title='bbox 682 895 849 947; x_wconf 87' lang='lat' dir='ltr'>fuisset,</span> <span class='ocrx_word' id='word_1_79' title='bbox 893 894 1002 950; x_wconf 91' lang='lat' dir='ltr'>quod</span> <span class='ocrx_word' id='word_1_80' title='bbox 1045 909 1100 936; x_wconf 82' lang='lat' dir='ltr'>cx</span> <span class='ocrx_word' id='word_1_81' title='bbox 1137 896 1409 951; x_wconf 85' lang='lat' dir='ltr'>remigiorum</span> <span class='ocrx_word' id='word_1_82' title='bbox 1449 896 1567 938; x_wconf 92' lang='lat' dir='ltr'>uolu-</span> 
     </span>
     <span class='ocr_line' id='line_1_12' title="bbox 120 950 1756 1010; baseline 0 -16"><span class='ocrx_word' id='word_1_83' title='bbox 120 953 268 995; x_wconf 88' lang='lat' dir='ltr'>critate</span> <span class='ocrx_word' id='word_1_84' title='bbox 300 951 548 1009; x_wconf 62' lang='lat' dir='ltr'>pen&#39;fflebat,</span> <span class='ocrx_word' id='word_1_85' title='bbox 580 953 732 995; x_wconf 90' lang='lat' dir='ltr'>nostris</span> <span class='ocrx_word' id='word_1_86' title='bbox 760 953 932 994; x_wconf 88' lang='lat' dir='ltr'>tandem</span> <span class='ocrx_word' id='word_1_87' title='bbox 954 954 1262 1007; x_wconf 80' lang='lat' dir='ltr'>superantibus,</span> <span class='ocrx_word' id='word_1_88' title='bbox 1297 958 1565 1010; x_wconf 86' lang='lat' dir='ltr'>occupantur.</span> <span class='ocrx_word' id='word_1_89' title='bbox 1587 950 1756 980; x_wconf 55' lang='lat' dir='ltr'>cmxx·</span> 
     </span>
     <span class='ocr_line' id='line_1_13' title="bbox 120 1010 1566 1067; baseline 0.001 -15"><span class='ocrx_word' id='word_1_90' title='bbox 120 1010 239 1053; x_wconf 85' lang='lat' dir='ltr'>Tunc</span> <span class='ocrx_word' id='word_1_91' title='bbox 270 1011 442 1067; x_wconf 89' lang='lat' dir='ltr'>quidam</span> <span class='ocrx_word' id='word_1_92' title='bbox 475 1026 528 1053; x_wconf 83' lang='lat' dir='ltr'>ex</span> <span class='ocrx_word' id='word_1_93' title='bbox 561 1011 632 1062; x_wconf 89' lang='lat' dir='ltr'>eis,</span> <span class='ocrx_word' id='word_1_94' title='bbox 663 1011 891 1052; x_wconf 87' lang='lat' dir='ltr'>indubitati</span> <span class='ocrx_word' id='word_1_95' title='bbox 931 1011 1107 1066; x_wconf 90' lang='lat' dir='ltr'>periculi</span> <span class='ocrx_word' id='word_1_96' title='bbox 1137 1015 1266 1063; x_wconf 89' lang='lat' dir='ltr'>metu,</span> <span class='ocrx_word' id='word_1_97' title='bbox 1304 1012 1463 1054; x_wconf 89' lang='lat' dir='ltr'>ferrum</span> <span class='ocrx_word' id='word_1_98' title='bbox 1494 1027 1566 1054; x_wconf 82' lang='lat' dir='ltr'>ex-</span> 
     </span>
     <span class='ocr_line' id='line_1_14' title="bbox 121 1069 1566 1125; baseline 0 -14"><span class='ocrx_word' id='word_1_99' title='bbox 121 1070 291 1124; x_wconf 84' lang='lat' dir='ltr'>pectare</span> <span class='ocrx_word' id='word_1_100' title='bbox 322 1084 406 1111; x_wconf 88' lang='lat' dir='ltr'>non</span> <span class='ocrx_word' id='word_1_101' title='bbox 437 1070 528 1111; x_wconf 88' lang='lat' dir='ltr'>ausi</span> <span class='ocrx_word' id='word_1_102' title='bbox 568 1069 611 1110; x_wconf 92' lang='lat' dir='ltr'>in</span> <span class='ocrx_word' id='word_1_103' title='bbox 642 1069 776 1110; x_wconf 87' lang='lat' dir='ltr'>undas</span> <span class='ocrx_word' id='word_1_104' title='bbox 808 1069 1031 1124; x_wconf 75' lang='lat' dir='ltr'>desiliunt,</span> <span class='ocrx_word' id='word_1_105' title='bbox 1073 1074 1338 1125; x_wconf 90' lang='lat' dir='ltr'>mortemque</span> <span class='ocrx_word' id='word_1_106' title='bbox 1379 1070 1457 1112; x_wconf 89' lang='lat' dir='ltr'>sibi</span> <span class='ocrx_word' id='word_1_107' title='bbox 1487 1070 1566 1125; x_wconf 87' lang='lat' dir='ltr'>ipsi</span> 
     </span>
     <span class='ocr_line' id='line_1_15' title="bbox 120 1127 1566 1183; baseline 0 -14"><span class='ocrx_word' id='word_1_108' title='bbox 120 1127 433 1183; x_wconf 69' lang='lat' dir='ltr'>inferre“quam</span> <span class='ocrx_word' id='word_1_109' title='bbox 466 1128 520 1169; x_wconf 88' lang='lat' dir='ltr'>ab</span> <span class='ocrx_word' id='word_1_110' title='bbox 551 1127 670 1169; x_wconf 87' lang='lat' dir='ltr'>hoste</span> <span class='ocrx_word' id='word_1_111' title='bbox 701 1127 889 1183; x_wconf 89' lang='lat' dir='ltr'>recipere</span> <span class='ocrx_word' id='word_1_112' title='bbox 921 1127 1174 1170; x_wconf 90' lang='lat' dir='ltr'>maluerunt.</span> <span class='ocrx_word' id='word_1_113' title='bbox 1216 1127 1367 1182; x_wconf 91' lang='lat' dir='ltr'>Itaque</span> <span class='ocrx_word' id='word_1_114' title='bbox 1398 1129 1566 1182; x_wconf 88' lang='lat' dir='ltr'>plerun-</span> 
     </span>
    </p>

    <p class='ocr_par' dir='ltr' id='par_1_5' title="bbox 54 1185 1566 1474">
     <span class='ocr_line' id='line_1_16' title="bbox 54 1185 1566 1242; baseline 0 -14"><span class='ocrx_word' id='word_1_115' title='bbox 54 1194 90 1221; x_wconf 84' lang='lat'>15</span> <span class='ocrx_word' id='word_1_116' title='bbox 122 1200 203 1242; x_wconf 92' lang='lat' dir='ltr'>que</span> <span class='ocrx_word' id='word_1_117' title='bbox 234 1185 404 1227; x_wconf 84' lang='lat' dir='ltr'>timidos</span> <span class='ocrx_word' id='word_1_118' title='bbox 433 1186 556 1227; x_wconf 90' lang='lat' dir='ltr'>unius</span> <span class='ocrx_word' id='word_1_119' title='bbox 577 1185 751 1241; x_wconf 88' lang='lat' dir='ltr'>periculi</span> <span class='ocrx_word' id='word_1_120' title='bbox 783 1190 919 1227; x_wconf 88' lang='lat' dir='ltr'>metus</span> <span class='ocrx_word' id='word_1_121' title='bbox 950 1186 993 1226; x_wconf 94' lang='lat' dir='ltr'>in</span> <span class='ocrx_word' id='word_1_122' title='bbox 1019 1185 1133 1227; x_wconf 89' lang='lat' dir='ltr'>aliud</span> <span class='ocrx_word' id='word_1_123' title='bbox 1154 1186 1379 1241; x_wconf 87' lang='lat' dir='ltr'>precipites</span> <span class='ocrx_word' id='word_1_124' title='bbox 1409 1186 1566 1228; x_wconf 84' lang='lat' dir='ltr'>iactare</span> 
     </span>
     <span class='ocr_line' id='line_1_17' title="bbox 121 1243 1566 1299; baseline 0 -13"><span class='ocrx_word' id='word_1_125' title='bbox 121 1244 354 1287; x_wconf 88' lang='lat' dir='ltr'>consueuit.</span> <span class='ocrx_word' id='word_1_126' title='bbox 414 1243 605 1285; x_wconf 81' lang='lat' dir='ltr'>Maxima</span> <span class='ocrx_word' id='word_1_127' title='bbox 627 1244 780 1285; x_wconf 89' lang='lat' dir='ltr'>horum</span> <span class='ocrx_word' id='word_1_128' title='bbox 800 1248 913 1299; x_wconf 88' lang='lat' dir='ltr'>pars,</span> <span class='ocrx_word' id='word_1_129' title='bbox 946 1244 1017 1299; x_wconf 90' lang='lat' dir='ltr'>qui</span> <span class='ocrx_word' id='word_1_130' title='bbox 1037 1244 1230 1286; x_wconf 90' lang='lat' dir='ltr'>fluctibus</span> <span class='ocrx_word' id='word_1_131' title='bbox 1261 1244 1566 1298; x_wconf 81' lang='lat' dir='ltr'>abstinuerant,</span> 
     </span>
     <span class='ocr_line' id='line_1_18' title="bbox 120 1301 1565 1358; baseline 0 -15"><span class='ocrx_word' id='word_1_132' title='bbox 120 1302 233 1344; x_wconf 89' lang='lat' dir='ltr'>ferro</span> <span class='ocrx_word' id='word_1_133' title='bbox 276 1306 498 1358; x_wconf 88' lang='lat' dir='ltr'>perempta</span> <span class='ocrx_word' id='word_1_134' title='bbox 541 1306 626 1356; x_wconf 90' lang='lat' dir='ltr'>est,</span> <span class='ocrx_word' id='word_1_135' title='bbox 667 1316 910 1357; x_wconf 90' lang='lat' dir='ltr'>quanquam</span> <span class='ocrx_word' id='word_1_136' title='bbox 949 1301 1138 1357; x_wconf 88' lang='lat' dir='ltr'>ignobile</span> <span class='ocrx_word' id='word_1_137' title='bbox 1180 1303 1387 1345; x_wconf 87' lang='lat' dir='ltr'>sociorum</span> <span class='ocrx_word' id='word_1_138' title='bbox 1430 1302 1565 1344; x_wconf 89' lang='lat' dir='ltr'>fatum</span> 
     </span>
     <span class='ocr_line' id='line_1_19' title="bbox 121 1359 1566 1415; baseline -0.001 -13"><span class='ocrx_word' id='word_1_139' title='bbox 121 1361 310 1402; x_wconf 89' lang='lat' dir='ltr'>comitari</span> <span class='ocrx_word' id='word_1_140' title='bbox 355 1360 594 1402; x_wconf 87' lang='lat' dir='ltr'>nolentibus</span> <span class='ocrx_word' id='word_1_141' title='bbox 639 1361 730 1402; x_wconf 90' lang='lat' dir='ltr'>iure</span> <span class='ocrx_word' id='word_1_142' title='bbox 773 1360 1035 1415; x_wconf 90' lang='lat' dir='ltr'>parcendum</span> <span class='ocrx_word' id='word_1_143' title='bbox 1079 1360 1307 1402; x_wconf 87' lang='lat' dir='ltr'>uideretur.</span> <span class='ocrx_word' id='word_1_144' title='bbox 1378 1359 1566 1408; x_wconf 83' lang='lat' dir='ltr'>Quorum</span> 
     </span>
     <span class='ocr_line' id='line_1_20' title="bbox 121 1417 1566 1474; baseline -0.001 -14"><span class='ocrx_word' id='word_1_145' title='bbox 121 1419 260 1474; x_wconf 84' lang='lat' dir='ltr'>capita</span> <span class='ocrx_word' id='word_1_146' title='bbox 301 1418 542 1474; x_wconf 84' lang='lat' dir='ltr'>corporibus</span> <span class='ocrx_word' id='word_1_147' title='bbox 583 1418 732 1460; x_wconf 90' lang='lat' dir='ltr'>auulsa</span> <span class='ocrx_word' id='word_1_148' title='bbox 772 1422 945 1474; x_wconf 87' lang='lat' dir='ltr'>propter</span> <span class='ocrx_word' id='word_1_149' title='bbox 989 1417 1242 1460; x_wconf 90' lang='lat' dir='ltr'>Absalonice</span> <span class='ocrx_word' id='word_1_150' title='bbox 1281 1417 1396 1460; x_wconf 90' lang='lat' dir='ltr'>urbis</span> <span class='ocrx_word' id='word_1_151' title='bbox 1426 1419 1566 1460; x_wconf 91' lang='lat' dir='ltr'>menia</span> 
     </span>
    </p>

    <p class='ocr_par' dir='ltr' id='par_1_6' title="bbox 49 1476 1567 1765">
     <span class='ocr_line' id='line_1_21' title="bbox 49 1476 1566 1532; baseline -0.001 -14"><span class='ocrx_word' id='word_1_152' title='bbox 49 1485 87 1512; x_wconf 86' lang='lat'>20</span> <span class='ocrx_word' id='word_1_153' title='bbox 119 1477 267 1519; x_wconf 89' lang='lat' dir='ltr'>iisdem</span> <span class='ocrx_word' id='word_1_154' title='bbox 299 1476 510 1532; x_wconf 88' lang='lat' dir='ltr'>stipitibus</span> <span class='ocrx_word' id='word_1_155' title='bbox 541 1476 672 1518; x_wconf 72' lang='lat' dir='ltr'>affixa</span> <span class='ocrx_word' id='word_1_156' title='bbox 703 1480 820 1524; x_wconf 72' lang='lat' dir='ltr'>sunt,</span> <span class='ocrx_word' id='word_1_157' title='bbox 854 1477 925 1532; x_wconf 85' lang='lat' dir='ltr'>qui</span> <span class='ocrx_word' id='word_1_158' title='bbox 955 1489 1090 1532; x_wconf 88' lang='lat' dir='ltr'>nuper</span> <span class='ocrx_word' id='word_1_159' title='bbox 1121 1477 1301 1518; x_wconf 87' lang='lat' dir='ltr'>aliorum</span> <span class='ocrx_word' id='word_1_160' title='bbox 1332 1476 1566 1531; x_wconf 85' lang='lat' dir='ltr'>piratarum</span> 
     </span>
     <span class='ocr_line' id='line_1_22' title="bbox 119 1533 1567 1590; baseline -0.001 -13"><span class='ocrx_word' id='word_1_161' title='bbox 119 1550 144 1577; x_wconf 93' lang='lat' dir='ltr'>a</span> <span class='ocrx_word' id='word_1_162' title='bbox 175 1535 520 1577; x_wconf 83' lang='lat' dir='ltr'>Sialandensibus</span> <span class='ocrx_word' id='word_1_163' title='bbox 551 1539 770 1590; x_wconf 89' lang='lat' dir='ltr'>captorum</span> <span class='ocrx_word' id='word_1_164' title='bbox 811 1535 1043 1577; x_wconf 87' lang='lat' dir='ltr'>ceruicibus</span> <span class='ocrx_word' id='word_1_165' title='bbox 1086 1535 1224 1576; x_wconf 91' lang='lat' dir='ltr'>onusti</span> <span class='ocrx_word' id='word_1_166' title='bbox 1260 1534 1439 1575; x_wconf 89' lang='lat' dir='ltr'>fuerant.</span> <span class='ocrx_word' id='word_1_167' title='bbox 1501 1533 1567 1575; x_wconf 87' lang='lat' dir='ltr'>Ea</span> 
     </span>
     <span class='ocr_line' id='line_1_23' title="bbox 118 1591 1564 1648; baseline -0.001 -14"><span class='ocrx_word' id='word_1_168' title='bbox 118 1607 184 1635; x_wconf 88' lang='lat' dir='ltr'>res</span> <span class='ocrx_word' id='word_1_169' title='bbox 215 1593 376 1647; x_wconf 87' lang='lat' dir='ltr'>ingenti</span> <span class='ocrx_word' id='word_1_170' title='bbox 406 1593 615 1648; x_wconf 84' lang='lat' dir='ltr'>predones</span> <span class='ocrx_word' id='word_1_171' title='bbox 648 1607 807 1648; x_wconf 89' lang='lat' dir='ltr'>pauore</span> <span class='ocrx_word' id='word_1_172' title='bbox 840 1593 1031 1635; x_wconf 84' lang='lat' dir='ltr'>confecit.</span> <span class='ocrx_word' id='word_1_173' title='bbox 1090 1593 1327 1634; x_wconf 86' lang='lat' dir='ltr'>Plurimum</span> <span class='ocrx_word' id='word_1_174' title='bbox 1359 1591 1564 1648; x_wconf 87' lang='lat' dir='ltr'>siquidem</span> 
     </span>
     <span class='ocr_line' id='line_1_24' title="bbox 119 1650 1566 1707; baseline -0.001 -14"><span class='ocrx_word' id='word_1_175' title='bbox 119 1651 172 1693; x_wconf 91' lang='lat' dir='ltr'>ad</span> <span class='ocrx_word' id='word_1_176' title='bbox 195 1651 448 1707; x_wconf 85' lang='lat' dir='ltr'>extirpanda</span> <span class='ocrx_word' id='word_1_177' title='bbox 470 1652 705 1707; x_wconf 88' lang='lat' dir='ltr'>piratarum</span> <span class='ocrx_word' id='word_1_178' title='bbox 725 1652 945 1693; x_wconf 89' lang='lat' dir='ltr'>latrocinia</span> <span class='ocrx_word' id='word_1_179' title='bbox 967 1651 1194 1702; x_wconf 84' lang='lat' dir='ltr'>spectaculi</span> <span class='ocrx_word' id='word_1_180' title='bbox 1215 1651 1338 1692; x_wconf 91' lang='lat' dir='ltr'>huius</span> <span class='ocrx_word' id='word_1_181' title='bbox 1369 1650 1566 1692; x_wconf 87' lang='lat' dir='ltr'>atrocitas</span> 
     </span>
     <span class='ocr_line' id='line_1_25' title="bbox 118 1708 1566 1765; baseline -0.001 -15"><span class='ocrx_word' id='word_1_182' title='bbox 118 1709 266 1751; x_wconf 88' lang='lat' dir='ltr'>ualuit.</span> <span class='ocrx_word' id='word_1_183' title='bbox 328 1709 601 1751; x_wconf 83' lang='lat' dir='ltr'>Gubernator</span> <span class='ocrx_word' id='word_1_184' title='bbox 632 1710 721 1765; x_wconf 88' lang='lat' dir='ltr'>ipse</span> <span class='ocrx_word' id='word_1_185' title='bbox 754 1724 847 1751; x_wconf 90' lang='lat' dir='ltr'>cum</span> <span class='ocrx_word' id='word_1_186' title='bbox 878 1709 1022 1764; x_wconf 87' lang='lat' dir='ltr'>paucis</span> <span class='ocrx_word' id='word_1_187' title='bbox 1052 1709 1105 1751; x_wconf 90' lang='lat' dir='ltr'>ad</span> <span class='ocrx_word' id='word_1_188' title='bbox 1134 1709 1305 1750; x_wconf 84' lang='lat' dir='ltr'>modum</span> <span class='ocrx_word' id='word_1_189' title='bbox 1337 1708 1566 1760; x_wconf 80' lang='lat' dir='ltr'>remigibus</span> 
     </span>
    </p>

    <p class='ocr_par' dir='ltr' id='par_1_7' title="bbox 53 1766 1565 2056">
     <span class='ocr_line' id='line_1_26' title="bbox 53 1766 1564 1823; baseline -0.001 -15"><span class='ocrx_word' id='word_1_190' title='bbox 53 1777 88 1805; x_wconf 83' lang='lat'>25</span> <span class='ocrx_word' id='word_1_191' title='bbox 120 1771 282 1823; x_wconf 88' lang='lat' dir='ltr'>captus,</span> <span class='ocrx_word' id='word_1_192' title='bbox 314 1782 409 1809; x_wconf 91' lang='lat' dir='ltr'>cum</span> <span class='ocrx_word' id='word_1_193' title='bbox 429 1767 580 1809; x_wconf 86' lang='lat' dir='ltr'>salsam</span> <span class='ocrx_word' id='word_1_194' title='bbox 605 1767 909 1823; x_wconf 86' lang='lat' dir='ltr'>redempcionis</span> <span class='ocrx_word' id='word_1_195' title='bbox 931 1781 1047 1821; x_wconf 89' lang='lat' dir='ltr'>spem</span> <span class='ocrx_word' id='word_1_196' title='bbox 1070 1767 1208 1808; x_wconf 88' lang='lat' dir='ltr'>animo</span> <span class='ocrx_word' id='word_1_197' title='bbox 1231 1766 1564 1821; x_wconf 85' lang='lat' dir='ltr'>presumpsisset,</span> 
     </span>
     <span class='ocr_line' id='line_1_27' title="bbox 119 1823 1564 1881; baseline -0.002 -14"><span class='ocrx_word' id='word_1_198' title='bbox 119 1839 168 1867; x_wconf 89' lang='lat' dir='ltr'>ac</span> <span class='ocrx_word' id='word_1_199' title='bbox 198 1826 308 1867; x_wconf 89' lang='lat' dir='ltr'>forte</span> <span class='ocrx_word' id='word_1_200' title='bbox 339 1826 481 1881; x_wconf 90' lang='lat' dir='ltr'>putria</span> <span class='ocrx_word' id='word_1_201' title='bbox 510 1826 716 1867; x_wconf 87' lang='lat' dir='ltr'>sociorum</span> <span class='ocrx_word' id='word_1_202' title='bbox 748 1826 887 1880; x_wconf 90' lang='lat' dir='ltr'>capita</span> <span class='ocrx_word' id='word_1_203' title='bbox 912 1826 1190 1879; x_wconf 88' lang='lat' dir='ltr'>conspicatus,</span> <span class='ocrx_word' id='word_1_204' title='bbox 1222 1824 1334 1866; x_wconf 90' lang='lat' dir='ltr'>idem</span> <span class='ocrx_word' id='word_1_205' title='bbox 1365 1838 1408 1865; x_wconf 89' lang='lat' dir='ltr'>se</span> <span class='ocrx_word' id='word_1_206' title='bbox 1430 1823 1564 1865; x_wconf 89' lang='lat' dir='ltr'>Danis</span> 
     </span>
     <span class='ocr_line' id='line_1_28' title="bbox 119 1879 1564 1939; baseline -0.001 -15"><span class='ocrx_word' id='word_1_207' title='bbox 119 1884 329 1925; x_wconf 86' lang='lat' dir='ltr'>facturum</span> <span class='ocrx_word' id='word_1_208' title='bbox 373 1884 571 1937; x_wconf 75' lang='lat' dir='ltr'>dixisset,</span> <span class='ocrx_word' id='word_1_209' title='bbox 611 1884 869 1939; x_wconf 90' lang='lat' dir='ltr'>captiuitatis</span> <span class='ocrx_word' id='word_1_210' title='bbox 911 1883 1125 1938; x_wconf 88' lang='lat' dir='ltr'>suppliciis</span> <span class='ocrx_word' id='word_1_211' title='bbox 1166 1879 1447 1938; x_wconf 64' lang='lat' dir='ltr'>consumlptus</span> <span class='ocrx_word' id='word_1_212' title='bbox 1487 1886 1564 1932; x_wconf 89' lang='lat' dir='ltr'>est,</span> 
     </span>
     <span class='ocr_line' id='line_1_29' title="bbox 118 1940 1565 1997; baseline -0.001 -14"><span class='ocrx_word' id='word_1_213' title='bbox 118 1955 331 1997; x_wconf 88' lang='lat' dir='ltr'>penasque</span> <span class='ocrx_word' id='word_1_214' title='bbox 363 1956 448 1983; x_wconf 93' lang='lat' dir='ltr'>non</span> <span class='ocrx_word' id='word_1_215' title='bbox 490 1942 627 1984; x_wconf 89' lang='lat' dir='ltr'>solum</span> <span class='ocrx_word' id='word_1_216' title='bbox 658 1942 814 1984; x_wconf 88' lang='lat' dir='ltr'>ueteris</span> <span class='ocrx_word' id='word_1_217' title='bbox 845 1942 1035 1997; x_wconf 89' lang='lat' dir='ltr'>piratice,</span> <span class='ocrx_word' id='word_1_218' title='bbox 1067 1941 1140 1983; x_wconf 88' lang='lat' dir='ltr'>sed</span> <span class='ocrx_word' id='word_1_219' title='bbox 1163 1940 1296 1982; x_wconf 86' lang='lat' dir='ltr'>eciam</span> <span class='ocrx_word' id='word_1_220' title='bbox 1327 1940 1565 1982; x_wconf 91' lang='lat' dir='ltr'>recencium</span> 
     </span>
     <span class='ocr_line' id='line_1_30' title="bbox 119 1999 737 2056; baseline 0 -15"><span class='ocrx_word' id='word_1_221' title='bbox 119 1999 329 2041; x_wconf 87' lang='lat' dir='ltr'>minarum</span> <span class='ocrx_word' id='word_1_222' title='bbox 356 2000 491 2042; x_wconf 85' lang='lat' dir='ltr'>exicio</span> <span class='ocrx_word' id='word_1_223' title='bbox 524 2000 737 2056; x_wconf 90' lang='lat' dir='ltr'>pependit.</span> 
     </span>
    </p>

    <p class='ocr_par' dir='ltr' id='par_1_8' title="bbox 49 2056 1565 2344">
     <span class='ocr_line' id='line_1_31' title="bbox 49 2056 1564 2114; baseline -0.002 -15"><span class='ocrx_word' id='word_1_224' title='bbox 49 2067 87 2095; x_wconf 88' lang='lat'>30</span> <span class='ocrx_word' id='word_1_225' title='bbox 256 2057 340 2099; x_wconf 90' lang='lat' dir='ltr'>Per</span> <span class='ocrx_word' id='word_1_226' title='bbox 371 2058 483 2099; x_wconf 92' lang='lat' dir='ltr'>idem</span> <span class='ocrx_word' id='word_1_227' title='bbox 514 2063 680 2114; x_wconf 88' lang='lat' dir='ltr'>tempus</span> <span class='ocrx_word' id='word_1_228' title='bbox 710 2058 925 2100; x_wconf 86' lang='lat' dir='ltr'>Esbernus</span> <span class='ocrx_word' id='word_1_229' title='bbox 957 2061 999 2099; x_wconf 88' lang='lat' dir='ltr'>et</span> <span class='ocrx_word' id='word_1_230' title='bbox 1030 2056 1382 2104; x_wconf 73' lang='lat' dir='ltr'>Wethemannus,</span> <span class='ocrx_word' id='word_1_231' title='bbox 1414 2069 1564 2110; x_wconf 88' lang='lat' dir='ltr'>oppor-</span> 
     </span>
     <span class='ocr_line' id='line_1_32' title="bbox 118 2113 1564 2171; baseline -0.002 -14"><span class='ocrx_word' id='word_1_232' title='bbox 118 2119 241 2157; x_wconf 90' lang='lat' dir='ltr'>tunas</span> <span class='ocrx_word' id='word_1_233' title='bbox 263 2116 399 2171; x_wconf 89' lang='lat' dir='ltr'>patrie</span> <span class='ocrx_word' id='word_1_234' title='bbox 421 2116 622 2158; x_wconf 86' lang='lat' dir='ltr'>excubias</span> <span class='ocrx_word' id='word_1_235' title='bbox 643 2116 777 2157; x_wconf 91' lang='lat' dir='ltr'>multo</span> <span class='ocrx_word' id='word_1_236' title='bbox 800 2115 1090 2169; x_wconf 85' lang='lat' dir='ltr'>nauigacionis</span> <span class='ocrx_word' id='word_1_237' title='bbox 1105 2113 1317 2169; x_wconf 89' lang='lat' dir='ltr'>impendio</span> <span class='ocrx_word' id='word_1_238' title='bbox 1339 2113 1564 2168; x_wconf 85' lang='lat' dir='ltr'>prosecuti,</span> 
     </span>
     <span class='ocr_line' id='line_1_33' title="bbox 119 2171 1565 2229; baseline -0.003 -14"><span class='ocrx_word' id='word_1_239' title='bbox 119 2173 394 2229; x_wconf 89' lang='lat' dir='ltr'>sedulumque</span> <span class='ocrx_word' id='word_1_240' title='bbox 425 2174 601 2229; x_wconf 89' lang='lat' dir='ltr'>piratice</span> <span class='ocrx_word' id='word_1_241' title='bbox 635 2189 740 2229; x_wconf 88' lang='lat' dir='ltr'>opus</span> <span class='ocrx_word' id='word_1_242' title='bbox 771 2173 962 2229; x_wconf 87' lang='lat' dir='ltr'>ingressi,</span> <span class='ocrx_word' id='word_1_243' title='bbox 994 2173 1036 2214; x_wconf 90' lang='lat' dir='ltr'>in</span> <span class='ocrx_word' id='word_1_244' title='bbox 1058 2176 1222 2228; x_wconf 89' lang='lat' dir='ltr'>septem</span> <span class='ocrx_word' id='word_1_245' title='bbox 1243 2172 1438 2224; x_wconf 85' lang='lat' dir='ltr'>piraticos</span> <span class='ocrx_word' id='word_1_246' title='bbox 1461 2171 1565 2212; x_wconf 92' lang='lat' dir='ltr'>mio-</span> 
     </span>
     <span class='ocr_line' id='line_1_34' title="bbox 119 2227 1565 2287; baseline -0.002 -15"><span class='ocrx_word' id='word_1_247' title='bbox 119 2245 298 2286; x_wconf 90' lang='lat' dir='ltr'>parones</span> <span class='ocrx_word' id='word_1_248' title='bbox 338 2236 519 2287; x_wconf 86' lang='lat' dir='ltr'>quatuor</span> <span class='ocrx_word' id='word_1_249' title='bbox 559 2232 743 2274; x_wconf 90' lang='lat' dir='ltr'>incidere</span> <span class='ocrx_word' id='word_1_250' title='bbox 783 2231 978 2286; x_wconf 86' lang='lat' dir='ltr'>nauigiis.</span> <span class='ocrx_word' id='word_1_251' title='bbox 1040 2230 1158 2272; x_wconf 87' lang='lat' dir='ltr'>Tunc</span> <span class='ocrx_word' id='word_1_252' title='bbox 1201 2228 1407 2278; x_wconf 83' lang='lat' dir='ltr'>Mirocus,</span> <span class='ocrx_word' id='word_1_253' title='bbox 1447 2227 1565 2283; x_wconf 89' lang='lat' dir='ltr'>pugil</span> 
     </span>
     <span class='ocr_line' id='line_1_35' title="bbox 119 2286 1564 2344; baseline -0.002 -14"><span class='ocrx_word' id='word_1_254' title='bbox 119 2292 305 2344; x_wconf 88' lang='lat' dir='ltr'>spectate</span> <span class='ocrx_word' id='word_1_255' title='bbox 337 2289 525 2344; x_wconf 86' lang='lat' dir='ltr'>audacie,</span> <span class='ocrx_word' id='word_1_256' title='bbox 558 2290 818 2332; x_wconf 88' lang='lat' dir='ltr'>fortitudinis</span> <span class='ocrx_word' id='word_1_257' title='bbox 840 2303 911 2330; x_wconf 88' lang='lat' dir='ltr'>sue</span> <span class='ocrx_word' id='word_1_258' title='bbox 932 2292 1093 2330; x_wconf 89' lang='lat' dir='ltr'>motum</span> <span class='ocrx_word' id='word_1_259' title='bbox 1114 2288 1224 2329; x_wconf 89' lang='lat' dir='ltr'>intra</span> <span class='ocrx_word' id='word_1_260' title='bbox 1245 2288 1413 2342; x_wconf 90' lang='lat' dir='ltr'>proprie</span> <span class='ocrx_word' id='word_1_261' title='bbox 1444 2286 1564 2327; x_wconf 91' lang='lat' dir='ltr'>nauis</span> 
     </span>
    </p>

    <p class='ocr_par' dir='ltr' id='par_1_9' title="bbox 49 2343 1565 2633">
     <span class='ocr_line' id='line_1_36' title="bbox 49 2343 1564 2403; baseline -0.003 -15"><span class='ocrx_word' id='word_1_262' title='bbox 49 2357 84 2385; x_wconf 79' lang='lat'>35</span> <span class='ocrx_word' id='word_1_263' title='bbox 117 2347 260 2402; x_wconf 87' lang='lat' dir='ltr'>spacia</span> <span class='ocrx_word' id='word_1_264' title='bbox 300 2348 512 2390; x_wconf 88' lang='lat' dir='ltr'>continere</span> <span class='ocrx_word' id='word_1_265' title='bbox 557 2363 639 2390; x_wconf 88' lang='lat' dir='ltr'>non</span> <span class='ocrx_word' id='word_1_266' title='bbox 679 2362 849 2403; x_wconf 75' lang='lat' dir='ltr'>passus,</span> <span class='ocrx_word' id='word_1_267' title='bbox 894 2346 1200 2389; x_wconf 87' lang='lat' dir='ltr'>Wethemanni</span> <span class='ocrx_word' id='word_1_268' title='bbox 1240 2358 1284 2386; x_wconf 92' lang='lat' dir='ltr'>se</span> <span class='ocrx_word' id='word_1_269' title='bbox 1326 2343 1564 2399; x_wconf 89' lang='lat' dir='ltr'>appetentis</span> 
     </span>
     <span class='ocr_line' id='line_1_37' title="bbox 118 2402 1564 2460; baseline -0.002 -15"><span class='ocrx_word' id='word_1_270' title='bbox 118 2405 338 2460; x_wconf 89' lang='lat' dir='ltr'>nauigium</span> <span class='ocrx_word' id='word_1_271' title='bbox 378 2406 546 2448; x_wconf 89' lang='lat' dir='ltr'>uirtutis</span> <span class='ocrx_word' id='word_1_272' title='bbox 583 2406 737 2447; x_wconf 87' lang='lat' dir='ltr'>fiducia</span> <span class='ocrx_word' id='word_1_273' title='bbox 782 2405 992 2447; x_wconf 88' lang='lat' dir='ltr'>solitarius</span> <span class='ocrx_word' id='word_1_274' title='bbox 1036 2403 1188 2454; x_wconf 88' lang='lat' dir='ltr'>insilit,</span> <span class='ocrx_word' id='word_1_275' title='bbox 1236 2402 1564 2456; x_wconf 88' lang='lat' dir='ltr'>cedentibusque</span> 
     </span>
     <span class='ocr_line' id='line_1_38' title="bbox 119 2459 1565 2519; baseline -0.002 -16"><span class='ocrx_word' id='word_1_276' title='bbox 119 2468 209 2518; x_wconf 45' lang='lat' dir='ltr'>per*</span> <span class='ocrx_word' id='word_1_277' title='bbox 225 2463 441 2518; x_wconf 87' lang='lat' dir='ltr'>ignauiam</span> <span class='ocrx_word' id='word_1_278' title='bbox 462 2464 704 2519; x_wconf 81' lang='lat' dir='ltr'>remigibus.</span> <span class='ocrx_word' id='word_1_279' title='bbox 736 2463 949 2504; x_wconf 88' lang='lat' dir='ltr'>neminem</span> <span class='ocrx_word' id='word_1_280' title='bbox 980 2463 1023 2503; x_wconf 89' lang='lat' dir='ltr'>in</span> <span class='ocrx_word' id='word_1_281' title='bbox 1054 2476 1102 2503; x_wconf 93' lang='lat' dir='ltr'>eo</span> <span class='ocrx_word' id='word_1_282' title='bbox 1123 2464 1265 2515; x_wconf 88' lang='lat' dir='ltr'>preter</span> <span class='ocrx_word' id='word_1_283' title='bbox 1287 2459 1565 2501; x_wconf 90' lang='lat' dir='ltr'>Wetheman-</span> 
     </span>
     <span class='ocr_line' id='line_1_39' title="bbox 119 2517 1564 2573; baseline -0.002 -12"><span class='ocrx_word' id='word_1_284' title='bbox 119 2534 221 2561; x_wconf 91' lang='lat' dir='ltr'>num</span> <span class='ocrx_word' id='word_1_285' title='bbox 251 2521 453 2563; x_wconf 88' lang='lat' dir='ltr'>rebellem</span> <span class='ocrx_word' id='word_1_286' title='bbox 484 2521 646 2564; x_wconf 90' lang='lat' dir='ltr'>habuit.</span> <span class='ocrx_word' id='word_1_287' title='bbox 693 2521 809 2570; x_wconf 80' lang='lat' dir='ltr'>Quos</span> <span class='ocrx_word' id='word_1_288' title='bbox 839 2519 1054 2562; x_wconf 84' lang='lat' dir='ltr'>Esbernus</span> <span class='ocrx_word' id='word_1_289' title='bbox 1084 2523 1175 2560; x_wconf 89' lang='lat' dir='ltr'>rate</span> <span class='ocrx_word' id='word_1_290' title='bbox 1202 2518 1447 2573; x_wconf 85' lang='lat' dir='ltr'>preteriens,</span> <span class='ocrx_word' id='word_1_291' title='bbox 1479 2517 1564 2558; x_wconf 90' lang='lat' dir='ltr'>risu</span> 
     </span>
     <span class='ocr_line' id='line_1_40' title="bbox 120 2575 1564 2633; baseline -0.003 -14"><span class='ocrx_word' id='word_1_292' title='bbox 120 2579 319 2633; x_wconf 84' lang='lat' dir='ltr'>prosequi</span> <span class='ocrx_word' id='word_1_293' title='bbox 351 2583 571 2621; x_wconf 89' lang='lat' dir='ltr'>contentus</span> <span class='ocrx_word' id='word_1_294' title='bbox 602 2579 695 2630; x_wconf 87' lang='lat' dir='ltr'>fuit,</span> <span class='ocrx_word' id='word_1_295' title='bbox 726 2592 861 2633; x_wconf 92' lang='lat' dir='ltr'>neque</span> <span class='ocrx_word' id='word_1_296' title='bbox 884 2581 957 2619; x_wconf 90' lang='lat' dir='ltr'>aut</span> <span class='ocrx_word' id='word_1_297' title='bbox 977 2577 1141 2618; x_wconf 87' lang='lat' dir='ltr'>hostem</span> <span class='ocrx_word' id='word_1_298' title='bbox 1161 2575 1302 2616; x_wconf 84' lang='lat' dir='ltr'>ledere</span> <span class='ocrx_word' id='word_1_299' title='bbox 1334 2578 1407 2616; x_wconf 89' lang='lat' dir='ltr'>aut</span> <span class='ocrx_word' id='word_1_300' title='bbox 1429 2575 1564 2616; x_wconf 88' lang='lat' dir='ltr'>ciuem</span> 
     </span>
    </p>

    <p class='ocr_par' dir='ltr' id='par_1_10' title="bbox 53 2632 1564 2693">
     <span class='ocr_line' id='line_1_41' title="bbox 53 2632 1564 2693; baseline -0.002 -15"><span class='ocrx_word' id='word_1_301' title='bbox 53 2645 88 2673; x_wconf 79' lang='lat'>40</span> <span class='ocrx_word' id='word_1_302' title='bbox 118 2637 264 2678; x_wconf 86' lang='lat' dir='ltr'>iuuare</span> <span class='ocrx_word' id='word_1_303' title='bbox 295 2637 503 2692; x_wconf 87' lang='lat' dir='ltr'>sustinuit,</span> <span class='ocrx_word' id='word_1_304' title='bbox 535 2652 588 2679; x_wconf 89' lang='lat' dir='ltr'>ne</span> <span class='ocrx_word' id='word_1_305' title='bbox 619 2637 811 2693; x_wconf 88' lang='lat' dir='ltr'>pluribus</span> <span class='ocrx_word' id='word_1_306' title='bbox 842 2636 1068 2678; x_wconf 89' lang='lat' dir='ltr'>aduersum</span> <span class='ocrx_word' id='word_1_307' title='bbox 1098 2647 1229 2675; x_wconf 90' lang='lat' dir='ltr'>unum</span> <span class='ocrx_word' id='word_1_308' title='bbox 1260 2647 1383 2688; x_wconf 92' lang='lat' dir='ltr'>opem</span> <span class='ocrx_word' id='word_1_309' title='bbox 1420 2632 1564 2675; x_wconf 87' lang='lat' dir='ltr'>tulisse</span> 
     </span>
    </p>
   </div>
   <div class='ocr_carea' id='block_1_3' title="bbox 1620 1877 1720 1912">
    <p class='ocr_par' dir='ltr' id='par_1_11' title="bbox 1620 1877 1720 1912">
     <span class='ocr_line' id='line_1_42' title="bbox 1620 1877 1720 1912; baseline -0.02 -6"><span class='ocrx_word' id='word_1_310' title='bbox 1620 1886 1648 1912; x_wconf 84' lang='lat' dir='ltr'>p.</span> <span class='ocrx_word' id='word_1_311' title='bbox 1667 1877 1720 1905; x_wconf 73' lang='lat'>890</span> 
     </span>
    </p>
   </div>
  </div>
 </body>
</html>
