1884 3126
266 876 300 902 10

269 1159 299 1184 15

263 1448 298 1474 ‘30

264 1732 300 1759 25

266 2022 303 2048 30

269 2308 304 2334 35

337 228 418 272 500
871 245 919 250 —-
980 214 1117 260 XIIII
1179 240 1230 247 ——

335 353 433 394 tatis
465 363 568 399 esse,
600 347 826 388 aduersum
856 342 1055 398 prouidos
1090 347 1131 384 et
1160 344 1417 398 premunitos
1450 356 1662 384 armorum
1693 357 1764 384 ex-

335 409 458 465 periri
503 406 726 445 fortunam.
786 403 989 442 Preterea
1020 401 1060 441 in
1094 415 1185 441 eam
1218 401 1394 441 classem
1427 401 1633 441 Danicum
1656 399 1670 454 ΙΙ
1692 414 1764 455 pe·
1818 407 1884 442 (28'

335 467 444 506 nitus
479 463 609 502 coisse
651 460 802 510 robur,
844 458 956 513 quod
1000 459 1035 498 si
1074 458 1303 511 periclitari
1341 458 1626 512 contingeret,
1673 472 1768 513 pro-

334 523 446 563 fecto
493 518 667 559 Sclauos
715 517 836 556 unius
884 515 1060 556 uictor-ie
1104 515 1308 555 beneficio
1361 515 1498 556 Dania
1544 517 1767 570 potituros

334 578 442 619 Nam
475 577 508 616 si
540 589 604 614 res
635 587 785 628 parum
817 586 869 613 ex
901 573 1116 613 sentencia
1150 571 1370 625 cederent,
1411 586 1550 614 nonne
1591 574 1768 628 patriam

333 635 496 689 penitus
535 632 576 671 in
619 645 765 671 corum
805 629 953 671 funere
996 630 1258 684 perituram?
1317 630 1489 672 Minime
1530 631 1658 685 igitur
1698 632 1769 671 uni

332 691 463 747 prelio
497 693 611 729 tante
643 687 872 728 nobilitatis
906 688 1016 728 uires
1048 687 1296 742 impendere
1320 686 1486 741 debere,
1508 687 1607 729 dum
1638 688 1765 729 modo

332 748 524 788 uictrices
546 760 692 800 parum
717 745 864 798 glorie,
887 745 995 786 uicte
1020 743 1239 786 dedecoris
1263 745 1486 800 plurimum
1508 746 1589 786 sint
1619 746 1765 787 lature.

332 806 380 846 In
414 805 520 844 hanc
547 803 803 844 sentenciam
825 802 958 842 tocius
982 803 1192 843 concionis
1215 800 1444 857 suf*f1·agia
1470 803 1766 844 consonabant.
1788 809 1884 837 CXL*

333 862 459 903 Cuius
491 861 663 901 arbitrio
697 873 769 900 rex
804 860 1121 913 expedicionem
1155 860 1369 901 remittere
1401 866 1583 912 coactus,
1615 874 1768 916 propo-

331 921 410 960 sito
443 932 517 958 suo
552 917 727 958 celerius
769 931 891 971 quam
939 917 1129 971 cupidius
1163 918 1301 959 cessit.
1363 918 1491 972 Apud
1524 932 1647 972 quem
1680 918 1768 959 Ab·

332 977 450 1017 salon
495 976 537 1016 in
569 989 724 1015 nauem
763 988 1027 1028 regressum,
1068 974 1274 1016 desidiam
1308 975 1395 1016 eius
1428 975 1624 1021 eludens,
1656 975 1767 1016 face-

332 1034 489 1074 tissime
540 1032 762 1073 cauillatus
815 1037 890 1073 est.
983 1031 1094 1072 Nam
1144 1047 1240 1073 cum
1290 1033 1428 1075 solute
1480 1033 1768 1087 expedicionis

333 1104 499 1131 causam
522 1090 795 1144 perquireret,
820 1090 1078 1144 dixissetque
1112 1104 1210 1141 rex,
1243 1104 1293 1132 ne
1323 1095 1386 1131 tot
1407 1090 1538 1131 fortes
1571 1088 1767 1145 periculo}

332 1149 660 1196 obiectarentur,
702 1147 841 1200 Ergo,
880 1148 1034 1201 inquit,
1083 1161 1180 1187 cum
1224 1147 1388 1201 ignauis
1433 1153 1475 1190 et
1516 1148 1770 1202 ignobilibus

333 1210 500 1260 ceptum
532 1218 758 1258 exequere,
802 1209 873 1245 aut
915 1206 1103 1258 proficue
1145 1206 1279 1245 uictor
1310 1205 1477 1246 futurus
1518 1209 1590 1246 aut
1621 1220 1767 1261 parum

332 1263 531 1304 damnose
555 1261 798 1310 uincendus,
822 1276 916 1302 cum
940 1262 1054 1303 nullo
1077 1262 1117 1302 in
1140 1266 1353 1304 momento
1375 1263 1522 1303 uilium
1544 1263 1763 1304 internicio

331 1319 529 1375 ponenda
571 1319 635 1360 sit.
699 1319 765 1359 Ita
792 1319 921 1373 lepidi
968 1320 1124 1373 ingenii
1156 1319 1402 1362 adolescens
1432 1320 1767 1375 indignacionem

333 1392 451 1419 suam
482 1377 535 1418 ad
567 1377 720 1418 inercie
753 1377 1132 1430 exprobracionem
1166 1377 1243 1418 sub
1275 1378 1354 1418 ioci
1376 1379 1515 1432 specie
1546 1379 1766 1420 conuertit.

331 1436 421 1484 Que
465 1440 551 1476 tam
596 1435 733 1475 faceta
778 1435 864 1475 eius
908 1435 1123 1476 urbanitas
1169 1436 1342 1476 tacitum
1383 1436 1493 1490 regis
1536 1436 1767 1477 conuicium

333 1493 422 1534 fuit.
483 1492 567 1533 Per
598 1491 746 1533 eadem
768 1496 957 1546 tempora
977 1493 1152 1543 Ascero,
1179 1492 1536 1547 Roskyldensium
1569 1493 1769 1544 antistite,

334 1550 584 1599 decedente,
627 1563 750 1604 super
790 1550 1052 1604 subrogando
1089 1550 1283 1605 pontifice
1314 1551 1448 1605 plebis
1480 1565 1504 1591 a
1536 1551 1646 1592 clero
1686 1550 1769 1592 suf-

333 1608 471 1662 fragia
522 1606 788 1648 dissidebant.
878 1607 1040 1648 Eadem
1091 1608 1223 1649 eciam
1273 1613 1546 1663 tempestate,
1599 1608 1769 1649 diuidua

333 1665 636 1720 Roskyldensis
658 1665 802 1719 populi
819 1665 1120 1716 coniuracione,
1144 1679 1236 1706 cum
1257 1666 1410 1706 mutuis
1432 1666 1601 1707 cedibus
1624 1666 1768 1706 ciuitas

332 1722 588 1775 exundaret,
629 1722 802 1763 aduenis
833 1722 987 1776 partim
1019 1723 1145 1775 cesis,
1182 1724 1337 1777 partim
1367 1723 1470 1764 urbe
1502 1723 1654 1775 eiectis,
1684 1737 1769 1764 non

334 1784 531 1822 contenta
580 1779 875 1833 indigenarum
925 1780 1122 1822 sodalitas
1183 1781 1418 1835 alienigene
1470 1781 1769 1822 coniuracionis

333 1842 473 1893 partes
505 1837 757 1891 protriuisse,
790 1837 922 1878 eciam
953 1837 995 1877 in
1018 1852 1127 1891 eum,
1160 1838 1230 1892 qui
1253 1838 1416 1892 regium
1446 1838 1653 1879 numisma
1684 1852 1770 1879 am-

334 1895 611 1947 ministrabat,
643 1909 724 1935 non
746 1899 909 1935 tantum
940 1895 1037 1936 edes
1069 1896 1157 1936 eius
1178 1896 1263 1937 solo
1294 1896 1501 1950 equando,
1535 1896 1607 1936 sed
1639 1895 1770 1937 eciam

333 1953 442 1995 bona
474 1951 614 1993 omnia
646 1952 879 2006 diripiendo
910 1953 1123 1993 uesaniam
1154 1967 1225 1994 sue
1257 1954 1610 1994 consternacionis
1652 1967 1770 1994 exer-

334 2010 432 2051 cuit.
509 2009 626 2050 Tunc
670 2023 746 2050 rex
795 2010 848 2051 ob
901 2010 1129 2051 maiestatis
1179 2024 1252 2051 sue
1303 2016 1586 2065 contemptum
1636 2011 1769 2051 acrius

337 2067 496 2108 ciuitati
525 2067 733 2118 infensus,
773 2082 868 2107 011111
909 2067 962 2108 ad
994 2068 1203 2109 excidium
1235 2068 1321 2109 eius
1352 2082 1506 2122 magna
1536 2068 1770 2122 prouincia-

337 2125 440 2165 lium
471 2138 597 2165 manu
626 2125 839 2177 niteretur,
874 2125 1007 2166 missis
1039 2125 1091 2166 ad
1117 2139 1160 2166 se
1182 2125 1492 2180 deprecandum
1522 2125 1686 2179 legatis,
1718 2139 1770 2165 ne

339 2183 477 2235 armis,
507 2196 585 2236 que
622 2195 696 2236 pro
737 2183 873 2236 patria
914 2183 1022 2224 ferre
1064 2183 1291 2233 debuerat,
1332 2183 1554 2224 aduersum
1591 2182 1770 2237 patriam

338 2245 549 2293 uteretur,
590 2239 915 2281 incolumitatem
947 2240 1073 2291 ’1111)1,
1114 2245 1305 2294 suscepta
1343 2241 1518 2295 pecunie
1556 2240 1770 2294 paccione,

336 2297 521 2338 donauit.
584 2297 719 2344 Quam
760 2298 952 2338 continuo
996 2297 1162 2352 placida
1202 2302 1341 2338 mente
1382 2298 1605 2352 ingressus,
1637 2297 1772 2338 Trini-

337 2355 434 2395 tatis
468 2355 534 2395 edi
565 2354 885 2395 inseruiencium
916 2360 1089 2410 penates
1120 2355 1304 2407 intrauit,
1335 2369 1478 2397 eorum
1510 2355 1560 2396 de
1593 2355 1770 2395 creando

337 2412 534 2466 pontifice
556 2412 756 2466 suffragia
778 2426 851 2453 suo
876 2418 1113 2466 prosecutus
1135 2426 1316 2454 assensu.
1363 2412 1610 2467 Quanquam
1630 2417 1771 2453 autem

339 2469 376 2509 ei
407 2470 449 2510 in
480 2469 656 2510 ecclesia
696 2483 720 2510 a
751 2469 979 2511 maioribus
1020 2470 1185 2511 condita
1216 2484 1264 2511 ac
1295 2469 1439 2511 dotata
1481 2470 1582 2510 iuris
1614 2469 1769 2524 aliquid

339 2531 573 2581 competere
613 2526 847 2580 uideretur,
887 2527 991 2568 nibil
1034 2542 1078 2568 se
1118 2532 1260 2568 tamen
1304 2527 1527 2568 aduersum
1566 2541 1659 2568 eam
1701 2531 1771 2568 aut

272 2595 307 2622 40
338 2583 481 2624 illicita
512 2584 782 2626 affectacione
814 2589 886 2625 aut
917 2585 1085 2626 insolita
1108 2584 1402 2626 consuetudine
1432 2588 1772 2640 presumpturum
