1884 3126
55 874 92 901 10

674 233 727 238 ——
788 209 926 252 XIIII
990 232 1038 237 -m
1496 209 1578 251 457

132 337 295 380 Kanuti
326 339 450 391 filius,
484 339 609 381 armis
641 343 742 382 tune
772 341 956 396 primum
979 354 1053 396 per
1077 343 1236 381 etatem
1268 341 1468 390 maturus,
1492 335 1580 392 sed!l

128 403 304 452 paterna
345 398 386 439 in
428 397 601 440 Kanuto
643 399 793 440 merita
826 413 1015 454 perosus,
1048 397 1238 439 Suenoni
1269 412 1315 439 se
1346 397 1505 451 iungit,
1534 396 1576 437 in

129 456 218 496 eius
253 456 398 497 castris
430 457 584 499 milicie
616 457 853 498 tirocinium
875 457 1112 499 habiturus.
1168 455 1300 498 Cuius
1330 455 1455 496 fauor
1485 455 1576 510 plu·

129 513 277 554 rimum
324 514 515 556 Suenoni
555 515 707 556 uirium
751 515 1006 557 conciliauit.
1068 514 1110 556 A
1150 528 1233 569 quo
1274 518 1452 568 paterne
1482 527 1578 568 pre-

127 571 288 612 fecture
332 572 540 626 dignitate
585 574 792 626 donatus,
843 573 1063 615 Kanutum
1115 572 1349 627 quendam,
1402 570 1577 613 Henrici

128 629 272 681 filium,
306 631 384 671 sub
416 630 590 672 Kanuto
624 631 768 686 Magni
800 632 885 673 filio
915 631 1107 673 eiusdem
1130 630 1322 671 beneficii
1353 629 1485 671 titulis
1516 630 1577 670 in-

126 687 323 737 hiantem,
356 689 503 731 crebra
536 690 633 731 belli
664 690 964 745 congressione
996 688 1248 745 perdomuit.
1309 687 1402 730 Nec
1439 688 1576 729 minor

124 746 225 800 ipsis
265 746 487 788 mediocris
528 749 601 794 rei,
644 763 769 804 quam
809 749 979 803 regibus
1012 760 1176 789 summe
1219 746 1425 788 emulaeio
1471 749 1574 789 erat.

125 803 303 858 Semper
334 810 475 846 autem
509 806 560 847 ad
587 805 912 849 waldemarum
944 806 1123 848 uictoria
1155 804 1422 846 redundauit.
1469 804 1575 846 Erat

123 866 268 903 autem
301 862 498 904 Kanutus
529 865 706 919 insignis
726 865 939 917 facundia,
973 864 1046 906 sed
1068 863 1257 905 moribus
1280 862 1572 905 effusissimus.

64 947 66 949 -
124 919 283 972 Sueno,
317 927 360 962 et
391 923 560 964 fortune
589 923 739 965 fauore
771 928 813 965 et
847 923 1001 964 uirium
1031 922 1302 964 incrementis
1345 921 1572 971 accinctus,

54 1164 89 1191 15

47 1454 84 1481 20

44 1745 82 1773 25

40 2035 76 2062 30

36 2324 73 2352 35

34 2615 70 2642 40

122 978 164 1020 in
196 978 389 1020 Fioniam
424 982 615 1034 excedit,
659 996 758 1023 mox
805 982 995 1024 emulum
1035 979 1148 1036 apud
1180 980 1338 1021 Iutiam
1378 993 1573 1035 persecu-

122 1041 256 1080 turus.
318 1037 402 1079 Vbi
434 1039 488 1080 ab
529 1040 655 1081 exule
698 1040 881 1095 quodam
912 1039 1089 1082 Ethlero
1131 1038 1383 1079 sollicitatus
1412 1037 1571 1079 bellum

122 1095 162 1135 in
197 1094 419 1138 Holsatios
442 1103 576 1152 parat,
610 1098 778 1140 abunde
801 1099 965 1140 minora
996 1099 1050 1140 ad
1073 1096 1368 1140 traiieiendum
1399 1096 1571 1150 nauigia

121 1154 410 1207 promittente.
483 1155 630 1198 Incole
673 1157 903 1212 siquidem,
947 1171 1030 1212 quo
1074 1155 1276 1198 transitus
1324 1153 1571 1210 impedieior

119 1210 244 1265 foret,
276 1219 450 1267 pontem
485 1215 799 1258 conuulserant.
851 1216 1135 1257 Venientibus
1157 1212 1360 1254 Eidoram
1390 1213 1570 1268 promis-

118 1269 223 1310 soris
256 1270 414 1312 incuria
450 1272 568 1315 binas
611 1277 775 1315 tantum
814 1274 1034 1315 nauiculas
1068 1271 1322 1315 exhibuerat
1337 1286 1352 1323 3-
1390 1285 1568 1326 quarum

117 1327 254 1369 altera
288 1326 431 1370 Sueno
466 1345 566 1373 suos
601 1332 830 1386 precedere
853 1333 1040 1388 cupiens,
1073 1331 1242 1373 saniore
1265 1330 1443 1370 militum
1475 1342 1569 1370 sen—

119 1386 256 1426 tencia
289 1393 530 1442 reuocatur,
563 1394 735 1444 rogatus
758 1391 1024 1446 propositum
1046 1389 1232 1432 hostium
1256 1388 1395 1429 aliena
1420 1387 1568 1429 traiec-

117 1444 232 1485 eione
274 1459 550 1501 prenoscere,
583 1461 721 1502 neque
753 1449 934 1504 propriis
967 1457 1055 1491 r'em
1098 1446 1296 1503 periculis
1329 1446 1565 1500 explorare.

117 1501 336 1556 Siquidem
371 1504 483 1546 haud
513 1507 663 1561 procul
688 1508 747 1548 eis
779 1508 986 1549 latebram
1012 1522 1116 1559 esse,
1142 1510 1307 1561 partem
1331 1504 1564 1559 copiarum,

115 1565 316 1614 quantam
357 1577 380 1603 a
422 1578 467 1604 se
508 1564 790 1619 superandam
836 1566 1111 1616 crediderint,
1161 1563 1397 1619 irrupturis,
1474 1561 1563 1604 Nec

113 1618 220 1660 falsa
262 1620 471 1674 prediccio
514 1622 606 1665 fuit.
670 1622 857 1666 Holsatii
897 1625 1077 1680 quippe,
1119 1622 1267 1664 uicinis
1309 1635 1352 1663 se
1385 1620 1563 1662 saltibus

115 1677 399 1732 occultantes,
462 1681 677 1735 pacienter
736 1682 966 1737 primorum
1032 1682 1196 1723 aditum
1255 1679 1560 1734 prestolantur,

114 1736 463 1792 transuectisque,
490 1753 592 1793 quos
615 1754 639 1780 a
666 1739 671 1792 Ι
700 1755 744 1781 se
767 1741 860 1795 capi
888 1755 1014 1796 posse
1047 1738 1321 1792 confiderent,
1354 1751 1561 1793 procursu

111 1792 236 1842 facto,
271 1808 416 1837 omnes
458 1802 531 1838 aut
562 1798 655 1839 neci
695 1803 768 1839 ant
799 1799 991 1854 capcioni
1023 1797 1273 1845 subiiciunt,
1318 1809 1561 1852 quanquam

1631 403 1723 439 (256)

1618 1750 1642 1774 p,
1664 1742 1714 1767 680

111 1849 245 1893 Danis
276 1853 317 1893 in
341 1855 631 1909 propulsando
664 1857 854 1911 periculo
877 1858 1042 1899 animus
1063 1871 1149 1898 non
1172 1855 1354 1908 deesset,
1380 1852 1559 1909 ut*pote
1581 1857 1751 1885 CXXXVb

111 1909 182 1963 qui
214 1925 291 1951 nec
323 1910 471 1965 fugere
511 1920 686 1967 possent
727 1919 769 1956 et
800 1916 842 1957 in
884 1917 996 1971 regis
1039 1915 1170 1956 oculis
1210 1927 1398 1969 pugnam
1434 1911 1559 1954 edere

111 1980 283 2009 necesse
316 1969 535 2014 haberent.
597 1972 663 2013 Ita
706 1977 872 2015 nostros
914 1974 966 2016 ad
1012 1974 1213 2015 uirtutem
1255 1970 1556 2026 capessendam

110 2029 150 2066 et
195 2026 344 2068 salutis
389 2028 635 2082 desperacio
670 2036 712 2074 et
744 2046 920 2084 presens
953 2032 1069 2074 ducis
1100 2030 1305 2072 incitabat
1344 2035 1556 2084 aspectus-

109 2082 299 2130 Quorum
332 2087 528 2140 perieulis
563 2090 778 2131 exturbati
808 2090 1020 2133 scafarum
1051 2089 1241 2144 magistri
1286 2089 1394 2131 circa
1436 2089 1556 2143 palos

107 2140 246 2183 medio
279 2157 403 2186 amne
436 2145 600 2188 defixos
633 2148 851 2200 herebant,
883 2163 1022 2204 neque
1053 2148 1247 2190 residuos
1280 2146 1555 2189 transuehere

106 2213 244 2254 neque
277 2203 504 2245 translatos
536 2205 696 2247 referre
729 2207 835 2249 ausi.
897 2207 1050 2262 Itaque
1091 2220 1170 2248 nee
1201 2205 1290 2260 regi
1323 2205 1374 2246 ad
1407 2218 1554 2259 proee-

110 2256 299 2298 dendum
331 2273 409 2301 nec
441 2262 562 2303 uictis
595 2263 647 2304 ad
680 2265 951 2306 resiliendum
983 2265 1053 2320 opi
1085 2264 1218 2307 fuere.
1265 2263 1436 2305 Interea
1470 2261 1554 2303 Ka-

105 2320 246 2365 nutus,
278 2320 536 2372 sumptuosis
569 2322 721 2364 milicie
751 2323 952 2378 impensis
985 2327 1204 2371 oneratus,
1236 2336 1315 2363 nec
1346 2321 1553 2362 minorem

107 2373 336 2415 occidentis
379 2376 688 2420 humanitatem
728 2381 914 2431 inuenit,
947 2395 1075 2437 quam
1108 2380 1281 2422 orientis
1312 2393 1447 2435 nuper
1480 2392 1552 2420 ex-

104 2434 248 2484 pertus
289 2432 442 2476 fuerat.
522 2435 738 2492 Siquidem
785 2440 1015 2492 agrestium
1061 2438 1227 2494 placide
1274 2442 1548 2479 tractatorum

104 2489 315 2542 stipendia
362 2494 597 2546 contraxit,
644 2495 715 2536 tali
759 2495 954 2538 Iutorum
1001 2497 1208 2539 beneficio
1256 2509 1380 2547 usus,
1424 2495 1549 2550 quale

102 2546 266 2599 pridem
299 2549 411 2602 apud
436 2549 672 2595 Sialandios
695 2560 933 2609 acceperat.
976 2555 1118 2597 Huius
1140 2553 1281 2595 Sueno
1315 2566 1546 2608 congressu

103 2605 251 2659 uitato,
285 2605 479 2652 Scaniatn
512 2611 685 2665 reuisit,
719 2612 885 2670 exiguis
926 2615 1077 2657 milicie
1116 2612 1303 2670 reliquiis
1341 2611 1547 2669 integram
