1884 3126
22 858 58 886 10

21 1149 57 1176 15

23 1729 60 1756 25

24 2019 62 2047 30

27 2311 64 2339 35

636 212 690 218 -
748 188 889 231 XIIII
948 212 1003 218 —
1463 185 1548 229 533

92 333 187 361 cum
228 332 273 360 se
312 318 429 361 nullo
475 317 514 359 in
555 321 781 359 momento
830 315 1029 358 saxonici
1077 316 1258 358 nominis
1305 318 1546 373 respectum

92 391 252 433 ponere
285 376 625 432 respondissent,
658 374 757 431 quid
798 375 950 416 uirium
986 374 1084 416 duci
1116 381 1250 426 esset,
1283 374 1399 416 breui
1432 373 1547 429 agni-

91 440 219 487 turos,
252 435 486 476 subiunxit.
538 434 659 475 Tunc
690 433 876 489 quidam,
909 432 1124 488 principis,
1157 447 1280 488 quem
1313 433 1419 474 tanti
1451 432 1548 475 esti-

91 498 238 543 maret,
261 491 894 549 potenciam,floccipendentes,
921 490 1126 532 Bernardi
1148 491 1548 548 per-cunctacionem

91 567 139 594 ac
170 551 305 593 minas
327 551 511 593 ludibrio
534 550 868 592 insectabantur.
909 549 973 590 Ea
996 549 1280 591 altercacione
1303 564 1381 604 per
1403 563 1547 603 regem

92 610 252 662 sedata,
285 609 430 651 Masco
465 609 651 665 quidam,
682 608 792 649 inter
823 607 1044 661 Rugianos
1078 613 1181 649 natu
1210 612 1337 662 atque
1369 607 1548 649 auctori-

91 673 181 710 tate
213 668 590 724 prestantissimus,
621 663 851 708 luminibus
886 665 1084 715 orbatus,
1123 665 1196 707 sed
1228 666 1386 720 ingenii
1425 679 1548 720 saga-

92 727 221 768 citate
251 726 515 782 perspicuus,
547 739 626 766 nec
658 724 779 766 annis
812 738 939 779 quam
971 724 1112 765 animo
1147 724 1360 777 uiuacior,
1395 723 1545 765 Conci-

92 785 284 837 tacioris,
331 784 491 838 inquit,
539 782 780 838 petulancie
824 782 941 836 equis
988 796 1078 823 mos
1125 786 1211 836 est,
1257 796 1339 837 quo
1387 782 1548 823 arccius

90 843 346 895 retinentur,
389 843 469 884 hoc
514 840 815 883 uehemencius
849 839 1039 881 habenas
1078 840 1264 882 tendere.
1326 840 1548 881 Laxentur

89 903 235 956 itaque
253 900 495 942 saxonibus
510 899 632 951 freni,
649 914 702 940 ne
719 898 1019 940 retentacionis
1038 898 1260 941 nimietate
1280 904 1547 953 rumpantur.

90 958 306 1014 Siquidem
341 963 384 1000 et
416 958 538 1000 nobis
570 958 759 1014 ipsorum
805 960 847 998 et
879 957 980 1012 ipsis
1023 960 1169 998 nostra
1210 970 1415 1011 perquam
1446 959 1548 998 nota

92 1022 155 1060 est
185 1017 334 1058 uirtus.
398 1016 493 1064 Que
527 1030 615 1058 uox
647 1015 761 1071 apud
795 1015 947 1056 ducem
987 1015 1167 1070 uulgata
1203 1015 1311 1056 inter
1360 1029 1455 1056 eum
1500 1028 1548 1055 ac

89 1090 233 1131 regem
265 1075 528 1116 simultatum
559 1073 830 1115 seminarium
862 1072 958 1114 fuit.

229 1133 312 1175 Per
362 1132 475 1175 idem
528 1136 693 1187 tempus
745 1132 1074 1173 scismaticorum
1135 1131 1298 1186 legacio
1358 1130 1548 1172 confictis

88 1192 252 1233 iusticie
276 1191 539 1246 argumentis
555 1189 1002 1244 Danorumsuffragia
1022 1188 1308 1244 pertentabat.
1355 1188 1549 1236 Quorum

89 1265 169 1293 rex
201 1250 452 1291 assercionis
485 1248 663 1302 dubius,
706 1247 1002 1304 cognoscende
1034 1247 1228 1289 ueritatis
1272 1247 1415 1303 gracia
1450 1245 1550 1287 scri-

91 1309 189 1350 bam
204 1323 327 1350 suum
343 1307 590 1357 Radulfum,
615 1307 779 1361 origine
795 1307 1063 1356 Britannum,
1086 1305 1233 1360 lingua
1256 1319 1382 1360 quam
1406 1304 1546 1346 animo

90 1367 420 1422 prompciorem,
452 1366 504 1406 ad
541 1364 739 1406 Gesarem
773 1364 971 1406 destinat.
1033 1364 1072 1404 A
1105 1377 1189 1418 quo
1234 1377 1308 1418 per
1339 1377 1548 1405 summam

90 1424 382 1466 ueneracionis
414 1424 732 1466 simulacionem
776 1429 997 1478 exceptus,
1038 1436 1120 1464 non
1152 1423 1290 1463 minus
1334 1421 1387 1463 ab
1419 1421 1547 1463 Octa-

92 1484 218 1524 uiano
251 1482 581 1524 honorificencie
614 1485 814 1536 expertus
850 1486 937 1534 est,
981 1481 1040 1521 ita
1083 1486 1130 1521 ut
1171 1481 1279 1521 inter
1322 1493 1395 1520 eos
1427 1479 1547 1535 quasi

92 1541 306 1596 quoddam
339 1541 503 1582 culture
538 1540 627 1581 eius
658 1540 841 1595 litigium
883 1542 1012 1594 atque
1055 1538 1292 1580 officiorum
1326 1537 1546 1579 contencio

90 1599 214 1641 foret.
278 1598 542 1644 Octauianus
569 1603 730 1651 tamen,
763 1598 830 1638 cui
862 1597 1218 1652 iniquissimorum
1251 1596 1548 1650 suffragiorum

93 1670 322 1699 consensus
357 1656 623 1698 auctoritatis
666 1655 859 1697 umbram
890 1655 1120 1706 tribuerat,
1155 1654 1380 1707 Cesarem,
1423 1667 1549 1709 quem

92 1716 317 1757 maiestate
351 1715 513 1756 anteire
545 1714 793 1765 uidebatur,
825 1713 958 1755 eciam
990 1712 1194 1754 adulandi
1225 1712 1427 1754 comitate
1458 1711 1549 1752 uin-

93 1775 231 1816 cebat.
295 1773 403 1814 Nam
437 1772 724 1825 sacerdotem,
756 1772 827 1827 qui
871 1785 966 1813 cum
997 1770 1186 1812 Radulfo
1222 1770 1375 1812 cotidie
1408 1784 1549 1812 sacras

93 1847 240 1888 preces
273 1831 537 1883 decurreret,
579 1830 791 1886 prouidit,
835 1843 889 1871 ne
930 1829 1074 1870 diuina
1119 1830 1172 1870 ab
1216 1843 1267 1870 eo
1313 1829 1402 1870 sine
1433 1828 1548 1870 socio

92 1905 242 1946 parum
297 1890 517 1932 celebriter
565 1895 806 1943 agerentur.
883 1886 976 1929 Nec
1024 1886 1171 1929 officiis
1223 1901 1319 1928 eum
1373 1886 1550 1929 coluisse

94 1952 343 2002 contentus,
386 1947 599 2003 obsequiis
644 1947 849 1988 beneficia
892 1946 1084 1987 sociauit.
1161 1945 1374 2000 Siquidem
1418 1945 1459 1985 in
1502 1957 1548 1985 re

93 2007 238 2048 diuina
268 2006 434 2061 agenda
466 2006 581 2047 anuli
615 2019 738 2047 usum
780 2005 817 2046 ei
859 2003 1055 2050 indulsit,
1095 2003 1349 2058 pontificalis
1392 2002 1550 2043 ordinis

93 2066 258 2118 insigne
291 2064 509 2119 aliquanto
543 2063 777 2105 obscuriori
809 2061 961 2117 gradui
992 2061 1199 2104 tribuens.
1261 2061 1329 2102 Ita
1369 2061 1550 2113 nescias,

94 2122 232 2164 dantis
251 2137 303 2163 an
326 2121 569 2177 accipientis
592 2121 848 2163 beneficium
870 2119 1136 2162 ridiculosior
1159 2119 1381 2161 demencia
1405 2118 1549 2160 fuerit.

93 2180 236 2222 Huius
268 2181 414 2222 audita
446 2180 678 2235 legacione,
713 2178 869 2232 Cesar,
901 2177 1094 2219 dolenter
1136 2192 1180 2218 se
1228 2175 1414 2232 diuildue
1454 2176 1549 2218 reli-

94 2239 231 2294 gionis
264 2243 420 2280 statum
443 2238 570 2290 ferre,
604 2237 904 2286 asseuerabat3
936 2236 1077 2278 neutri
1101 2240 1242 2277 tamen
1275 2235 1384 2290 parti
1413 2234 1548 2276 accla-

94 2301 331 2346 maturum,
374 2295 516 2351 quoad
559 2295 774 2350 publicum
821 2294 999 2336 ecclesie
1045 2294 1266 2335 decretum
1312 2292 1548 2347 acceperit;

94 2360 196 2396 tunc
227 2354 398 2396 demum
439 2354 499 2407 ei,
542 2367 670 2409 quam
702 2352 998 2394 uniuersorum
1030 2352 1248 2393 sentencia
1287 2351 1552 2406 probauerit,

95 2426 381 2454 assensurum.
442 2411 493 2453 In
526 2412 645 2453 cuius
678 2410 738 2453 rei
771 2410 1110 2465 speculacionem
1133 2423 1268 2464 nuper
1289 2423 1312 2450 a
1335 2423 1382 2450 se
1413 2408 1551 2450 tocius

95 2471 220 2512 Italie
252 2470 435 2511 maiores
468 2469 630 2511 concilii
660 2469 831 2510 nomine
864 2472 1106 2510 contractos
1139 2467 1285 2509 fuisse.
1350 2466 1550 2508 Octauia-

96 2543 197 2570 num
250 2528 447 2584 equitatis
500 2527 654 2568 fiducia
705 2539 876 2568 causam
927 2540 1048 2567 suam
1087 2525 1302 2568 humiliter
1338 2524 1550 2578 generalis

33 2601 70 2628 40
102 2587 281 2629 ecclesie
319 2585 473 2628 iudicio
507 2584 819 2640 substrauisse3
863 2583 1140 2627 Rodlandum
1171 2595 1290 2637 uero,
1324 2582 1550 2640 prauitatis

1604 2189 1635 2214 p.
1653 2179 1706 2208 775
