1884 3126
234 886 269 913 10

234 1175 270 1202 15

235 2041 272 2068 30

235 2327 272 2354 35

305 216 358 256 86
891 240 937 246 -
1000 215 1071 257 III
1134 240 1186 244 ——

305 343 452 395 mauit,
484 343 517 385 si
551 346 638 384 tam
669 343 754 384 late
787 347 1001 399 patentem
1024 344 1160 399 pirate
1181 343 1389 397 fulgorem
1412 343 1604 398 superior
1625 342 1751 383 armis

307 401 534 443 obscurare
557 401 774 455 quiuisset.
806 401 937 443 Cuius
961 402 1133 443 classem
1157 402 1276 443 uaria
1297 402 1451 442 fretum
1474 401 1751 455 nauigacione

305 464 518 501 scrutatus
561 458 750 501 offendit.
814 458 957 501 Insula
998 465 1088 500 erat
1132 459 1270 500 medio
1304 459 1382 500 sita
1415 458 1588 514 pelago,
1628 472 1751 512 quam

304 519 441 573 pirate
474 516 635 558 collatis
669 517 865 572 utrinque
907 531 1028 559 secus
1061 517 1240 571 nauigiis
1275 516 1535 558 obtinebant
1594 515 1754 558 Inuita-

306 577 375 616 bat
416 575 544 616 duces
589 574 772 616 iocunda
814 576 1002 616 littonum
1045 575 1229 630 specie83
1274 574 1526 615 holtabatur
1569 572 1754 615 exterior

304 634 491 675 locorum
537 633 742 674 amenitas
798 633 1000 674 interiora
1052 647 1270 674 nemorum
1315 646 1446 673 uerna
1498 631 1753 687 perspicere,

302 691 577 745 lustratisque
620 691 796 731 saltibus
841 697 1046 732 secretam
1089 692 1289 732 siluarum
1334 689 1575 742 indaginem
1608 702 1752 744 perer-

302 763 406 790 rare.
469 748 554 789 Vbi
585 748 697 790 forte
730 748 944 790 Collerum
980 748 1400 802 Horwendillumque
1441 747 1619 789 inuicem
1664 747 1751 788 sine

303 806 470 847 arbitris
504 805 654 848 obuios
686 807 875 848 incessus
908 806 1107 848 reddidit.
1149 806 1266 847 Tunc
1290 804 1608 847 Horwendillus
1640 805 1752 860 prior

303 878 446 918 regem
477 865 716 918 percontari
748 865 877 913 nisus,
909 878 989 919 quo
1013 878 1155 919 pugne
1177 877 1334 918 genere
1359 863 1585 904 decernere
1608 863 1750 915 libeat,

301 922 682 977 prestantissimum
736 922 978 967 affirmans,
1030 923 1140 977 quod
1192 921 1539 976 paucissimorum
1592 920 1751 962 uiribus

302 979 526 1022 odei-etur..
576 980 779 1021 Duellum
821 979 1031 1034 siquidem
1063 980 1110 1021 ad
1147 978 1447 1034 capessendam
1489 978 1749 1020 fortitudinis

302 1038 486 1093 palmam
520 1038 634 1080 omni
667 1039 904 1079 cerztlminis
939 1051 1092 1092 genere
1127 1037 1338 1079 efficacius
1369 1037 1479 1086 fore,
1512 1036 1623 1091 quod
1656 1050 1751 1091 pio-

302 1096 394 1151 pria
440 1097 598 1137 uirtute
655 1095 880 1137 subnixum
934 1097 1070 1138 aliene
1127 1109 1273 1137 manus
1322 1109 1444 1150 opem
1491 1094 1749 1136 excluderet

304 1153 409 1195 Tam
442 1153 596 1195 fortem
638 1154 803 1195 iuuenis
844 1155 1100 1195 sentenciam
1139 1146 1364 1195 ammirans
1398 1152 1613 1205 Collerus,
1656 1166 1750 1192 cum

306 1212 442 1261 michi,
477 1212 625 1267 inquit
657 1225 801 1267 pugne
825 1212 1033 1253 delectum
1055 1211 1310 1268 permiseris,
1342 1210 1524 1252 maxime
1547 1209 1749 1251 utendum

304 1269 468 1319 iudico,
511 1284 594 1325 que
638 1270 983 1311 tumultuacionis
1027 1284 1178 1324 expers
1211 1269 1389 1311 duoium
1422 1281 1593 1323 operam
1625 1267 1748 1321 capit.

305 1327 416 1369 Sane
449 1334 492 1369 et
523 1327 736 1381 audacior,
769 1334 810 1369 et
841 1328 1014 1369 uictorie
1048 1328 1287 1383 prompcior
1320 1327 1551 1368 estimatur
1594 1324 1642 1365 In
1669 1325 1748 1367 hoc

305 1386 536 1427 communis
580 1386 701 1427 nobis
735 1386 950 1427 sentencia
983 1392 1068 1438 est,
1111 1387 1193 1427 hoc
1224 1385 1333 1426 ultro
1366 1384 1518 1426 iudicio
1550 1384 1748 1425 conueni-

304 1458 410 1486 mus.
457 1445 515 1485 At
548 1444 745 1499 quoniam
778 1445 915 1485 exitus
947 1444 988 1484 in
1019 1443 1147 1485 dubio
1172 1448 1325 1497 manet,
1358 1443 1536 1484 inuicem
1560 1442 1748 1482 humani-

306 1501 381 1542 tati
414 1500 692 1544 deferendum
737 1506 820 1553 est,
861 1516 938 1544 nec
982 1501 1088 1543 adeo
1122 1501 1298 1554 ingeniis
1331 1499 1657 1555 indulgendum,
1703 1504 1747 1540 ut

304 1565 496 1601 extrema
536 1560 805 1614 negligantur
848 1559 1000 1601 officia.
1062 1560 1216 1601 Odium
1247 1560 1290 1600 in
1321 1558 1467 1600 animis
1511 1561 1596 1610 est3
1637 1556 1748 1598 adsit

304 1622 444 1658 tamen
476 1618 625 1672 pietas,
659 1632 740 1673 que
772 1618 897 1672 rigori
929 1617 1098 1659 demum
1122 1622 1363 1672 opportuna
1387 1615 1597 1657 succedat.
1640 1614 1748 1656 Nam

304 1675 383 1716 etsi
415 1675 622 1716 mene-ium
653 1690 730 1717 nos
762 1675 1000 1716 discrimina
1031 1680 1244 1730 separant,
1278 1679 1427 1716 nature
1453 1676 1595 1715 tamen
1623 1676 1628 1723 ¹,
1656 1674 1748 1714 iura

255 1752 266 1761 ν
304 1733 540 1775 conciliant.
606 1733 772 1774 Hoium
818 1735 971 1789 quippe
1014 1733 1230 1774 consol-cio
1271 1733 1506 1786 iungimur
1548 1735 1749 1785 quantus-

304 1805 471 1845 cunque
511 1790 714 1845 anim0<s>
746 1791 853 1832 liuor
886 1791 1093 1832 dissooiet.
1148 1791 1240 1832 Hec
1261 1790 1402 1845 itaque
1437 1789 1605 1844 pietatis
1627 1788 1749 1830 nobis

306 1849 496 1892 condicio
540 1849 617 1902 sit,
658 1855 704 1890 ut
745 1850 906 1891 uictum
947 1849 1080 1890 uictor
1124 1848 1284 1890 inferiis
1315 1851 1606 1903 prosequatur.
1669 1845 1748 1887 His

306 1908 416 1948 enim
439 1920 639 1959 suprema
661 1907 934 1949 humanitatis
957 1907 1094 1947 officia
1124 1907 1262 1948 inesse
1295 1908 1474 1957 constat,
1506 1918 1589 1959 que
1623 1917 1747 1945 nemo

304 1965 398 2020 pius
431 1964 663 2006 abhorruit.
727 1965 918 2020 Vtraque
953 1965 1061 2006 acies
1092 1965 1133 2005 id
1166 1978 1338 2017 munus,
1370 1964 1509 2017 rigore
1543 1961 1749 2017 deposito,

304 2022 570 2064 concorditer
615 2028 862 2077 exequatur.
924 2022 1128 2064 Facessat
1159 2027 1255 2077 post
1286 2020 1418 2062 fatum
1452 2020 1574 2072 liuor,
1607 2021 1748 2061 simul-

305 2085 454 2146 tasque
484 2080 631 2121 funere
662 2081 864 2136 sopiatur.
904 2079 1030 2122 Absit
1060 2080 1180 2121 nobis
1213 2082 1329 2120 tante
1360 2077 1623 2120 crudelitatis
1654 2092 1748 2133 spe-

306 2139 455 2190 cimen,
488 2142 547 2191 ut,
582 2152 823 2194 quanquam
856 2138 965 2180 uiuis
998 2137 1142 2180 odium
1174 2137 1472 2190 intercesserit,
1506 2136 1611 2177 alter
1645 2136 1748 2178 alte-

305 2197 391 2238 rius
426 2197 585 2237 cineres
616 2210 933 2252 persequamur.
997 2196 1239 2237 Gloriosum
1271 2194 1423 2236 uictori
1455 2194 1550 2245 erit,
1582 2193 1615 2234 si
1648 2194 1747 2235 uicti

304 2255 432 2296 funus
474 2254 695 2308 magnifice
741 2254 920 2296 duxerit.
982 2253 1090 2295 Nam
1132 2254 1202 2308 qui
1245 2251 1445 2294 defuncto
1490 2251 1597 2293 hosti
1638 2251 1748 2293 iusta

303 2312 582 2366 pei-soluerit,
628 2313 866 2366 superstitis
905 2312 984 2354 sibi
1025 2312 1215 2353 fauorem
1256 2310 1470 2362 adsciscit,
1517 2309 1747 2364 uiuumque

306 2370 510 2411 beneficio
543 2370 687 2422 uincit,
719 2370 905 2425 quisquis
938 2370 1123 2411 extincto
1156 2368 1342 2409 studium
1375 2367 1645 2410 humanitatis
1674 2368 1747 2408 im—

306 2427 513 2483 penderit.
574 2427 651 2468 Est
682 2433 722 2468 et
764 2428 844 2469 alia
875 2441 959 2469 non
989 2427 1126 2469 minus
1157 2427 1354 2468 luctuosa
1385 2426 1624 2477 calamitas,
1665 2439 1745 2480 que

306 2486 417 2527 uiuis
461 2485 673 2527 interdum
711 2485 911 2527 damnata
952 2499 1176 2540 corporum
1207 2488 1328 2539 parte
1359 2483 1572 2538 contingit.
1634 2482 1747 2524 Huic

305 2558 388 2584 non
432 2544 604 2598 segnius
645 2557 770 2597 quam
818 2543 963 2584 ultime
1012 2542 1112 2584 sorti
1160 2542 1489 2584 succurrendum
1537 2540 1744 2582 existimo.

236 2614 273 2642 40
304 2600 415 2656 Sepe
446 2601 556 2643 enim
587 2601 785 2644 incolumi
819 2600 965 2658 spiritu
992 2600 1276 2644 membrorum
1299 2599 1441 2642 clades
1462 2598 1747 2656 pugnantibus
