1884 3126
6 913 42 939 10

6 1203 44 1229 15

4 1492 41 1519 ‘20

8 1782 44 1810 25

6 2070 43 2097 30

7 2358 43 2386 35

11 2645 45 2674 40

612 275 663 281 -
725 226 863 292 ΧΠΗ
924 274 974 279 -
1431 248 1509 290 521

75 378 215 419 uicem
246 378 493 420 conferendi
524 378 667 432 gracia
699 394 744 420 se
778 378 1010 426 accedenti,
1043 392 1139 420 cum
1174 378 1391 419 Absalone
1422 377 1513 419 solo

74 436 114 476 in
147 435 465 477 tabernaculum
503 451 624 477 suum
667 437 871 492 perducto
917 437 1087 492 epulum
1128 436 1315 491 prebuit,
1356 436 1515 490 ingenti

77 498 318 547 magnatum
372 494 615 549 frequencia
666 496 1071 536 amministratorum
1117 495 1254 535 officio
1299 494 1515 548 fungente.

77 551 169 598 Que
213 566 316 592 cena
358 552 463 593 licet
498 553 729 605 multigena
771 552 957 594 ciborum
1007 553 1212 593 uarietate
1261 551 1514 607 splenderet,

77 609 293 663 aliquanto
327 614 467 651 tamen
491 610 582 664 plus
606 611 732 652 luxus
754 611 796 651 in
821 610 1032 665 obsequiis
1055 624 1176 665 quam
1202 610 1334 664 epulis
1357 609 1515 662 habuit,

76 669 296 721 presertim
329 681 424 709 cum
455 669 604 722 glorie,
636 683 721 710 non
752 668 845 710 usui
877 668 1121 710 seruit-etur.
1186 667 1391 709 Clientela
1413 681 1515 708 uero

75 738 265 766 seorsum
300 725 508 767 discubitu
555 730 745 781 excepta.
808 726 913 767 Post
952 726 1135 767 reditum
1176 740 1299 766 suum
1343 725 1517 767 Walde-

76 796 241 831 marus,
286 797 489 825 nouarum
537 798 679 826 rerum
726 784 894 826 casibus
941 784 1215 835 sollicitatus,
1258 784 1420 824 intento
1463 783 1515 824 ad

76 840 294 882 sciendum
317 842 471 891 animo,
504 842 674 883 ubinam
697 842 933 884 Henricum
958 841 1194 883 necessarie
1217 840 1514 882 collocucionis

74 898 216 952 gracia
248 899 422 940 obuium
453 899 611 942 habere
644 905 811 954 posset,
852 903 980 955 atque
1023 898 1076 941 ad
1119 899 1160 947 id
1193 899 1410 953 negocium
1445 913 1515 940 ex-

74 956 319 1011 plicandum
351 957 553 1044 plu'denti
583 958 675 999 uiro
710 972 814 1012 opus
856 961 1143 1010 asseueraret,
1183 957 1251 997 alii
1295 957 1372 998 sibi
1405 957 1516 998 clau-

75 1014 214 1055 dicare
254 1029 409 1070 equos,
437 1015 539 1069 {alii
581 1030 732 1071 parum
773 1016 895 1056 cultis
940 1015 1108 1069 ungulis
1150 1029 1242 1056 csse
1287 1015 1516 1069 fingebant.

77 1070 248 1113 Cunctis
279 1073 422 1128 itaque
453 1078 611 1115 metum
645 1073 935 1115 excusacionis
979 1073 1141 1114 astucia
1176 1074 1516 1138 protegentibus,

74 1130 325 1186 nemineque
356 1136 441 1171 tam
475 1131 754 1187 periculosam
786 1131 1049 1197 legacionem
1074 1131 1289 1196 suscipere
1321 1131 1517 1182 audente,

75 1188 278 1242 Absalon,
311 1188 420 1231 forte
451 1189 574 1244 lignis
609 1205 664 1230 ex
695 1198 811 1231 more
842 1204 919 1245 per
952 1190 1089 1230 ocium
1122 1189 1247 1241 cesiS,
1291 1204 1313 1230 e
1346 1203 1516 1230 nemore

76 1247 381 1300 superueniens
402 1247 784 1304 interrogatusque,
809 1262 861 1288 an
883 1248 1092 1301 regiarum
1115 1246 1303 1301 parcium
1328 1247 1515 1300 legatum

76 1317 202 1358 agere
251 1305 404 1354 uellet,
447 1306 602 1347 iturum
651 1319 695 1347 se
741 1306 980 1361 pollicetur.
1056 1304 1191 1358 Igitur
1237 1305 1517 1359 legendorum

76 1362 275 1404 comitum
309 1363 530 1418 opcionem
562 1363 719 1405 habere
751 1364 915 1416 iussus,
957 1363 1222 1418 potissimum
1256 1364 1516 1405 necessarios

75 1434 124 1461 ac
169 1421 373 1474 sanguine
420 1426 553 1463 semet
600 1422 892 1476 contingentes
938 1421 1111 1473 asciuit,
1159 1422 1516 1474 consanguineam

73 1477 199 1519 fidem
229 1479 366 1520 aliene
396 1479 694 1534 preferendam
737 1480 996 1522 existimans.
1057 1478 1300 1520 Priszlauus
1331 1493 1515 1534 quoquc,

74 1537 351 1589 potentissimi
370 1536 620 1579 Sclauorum
650 1538 851 1593 principis
874 1537 1041 1578 Nucleti
1075 1536 1199 1580 filius,
1232 1551 1370 1591 quem,
1403 1536 1514 1592 quod

74 1593 337 1635 Waldemari
369 1609 555 1637 sororem
587 1597 628 1637 in
662 1596 931 1637 matrimonio
964 1594 1161 1645 haberet,
1197 1593 1516 1649 Christianeque

75 1651 294 1707 discipline
326 1653 455 1694 sacr-is
488 1653 683 1695 iniciatus
716 1659 839 1704 esset,
873 1657 995 1708 pater
1025 1652 1295 1706 iampridem,
1339 1652 1514 1707 perinde

75 1723 124 1750 ac
169 1710 343 1752 insidias
392 1711 470 1752 sibi
517 1716 779 1763 nectentem,
829 1716 1059 1765 conspectu
1105 1723 1181 1751 suo
1229 1710 1515 1759 submouerat,

75 1767 220 1810 localis
265 1769 420 1823 pericie
466 1769 620 1809 fiducia
664 1770 882 1825 preposite
927 1769 995 1810 uie
1043 1768 1341 1810 conductorem
1389 1782 1516 1821 agere

75 1825 308 1880 pollicetur.
371 1825 485 1868 Huic
515 1827 723 1882 siquidem
744 1832 836 1868 tum
856 1842 935 1869 rex
966 1827 1018 1867 ob
1043 1826 1153 1867 bone
1176 1826 1273 1867 fidei
1297 1826 1516 1881 experien-

76 1883 197 1937 ciam,
230 1889 315 1925 tum
350 1884 409 1925 ob·
439 1885 638 1926 connubii
668 1885 919 1927 affinitatem
949 1898 1145 1939 magnam
1171 1884 1371 1925 nobilium
1403 1885 1517 1924 insu-

74 1941 207 1982 larum
241 1946 406 1996 partem
437 1942 659 1985 fruendam
704 1946 983 1985 concesserat.
1046 1942 1268 1983 Profectus
1310 1942 1516 1995 Absalon,

76 1998 316 2055 affatusque
358 2000 532 2055 ducem,
578 2015 673 2042 cum
703 2001 816 2056 apud
862 2014 956 2042 eum
999 2004 1248 2056 pernoctare
1279 2003 1515 2053 rogaretur,

73 2070 242 2111 regem,
284 2059 410 2099 anxia
451 2073 623 2100 suorum
671 2059 974 2115 expectacione
1023 2058 1270 2111 sollicitum,
1312 2057 1516 2111 longioris

75 2128 193 2156 more
223 2116 550 2171 interposicione
580 2117 794 2158 molestari
827 2121 1024 2172 oportere
1056 2117 1252 2170 negabat.
1314 2116 1517 2157 Preterca

77 2172 254 2215 classem
296 2174 383 2214 sine
422 2181 549 2228 portu
590 2188 681 2215 esse
725 2175 1020 2226 asseuerabat,
1063 2173 1249 2229 undique
1292 2178 1515 2214 uentorum

75 2231 274 2284 impulsui
305 2236 534 2286 patentem.
589 2232 793 2288 Cumque,
826 2232 1116 2274 festinacionis
1139 2232 1307 2273 racione
1338 2231 1515 2281 reddita,

76 2289 314 2343 propinqua
344 2296 465 2332 nocte
506 2304 636 2345 equos
677 2291 867 2332 abiturus
902 2290 1159 2341 scandisset,
1203 2289 1369 2344 quidam
1402 2289 1514 2330 claro

77 2346 292 2387 Saxonum
326 2347 417 2388 loco
452 2354 588 2395 natus,
619 2349 729 2389 ultro
763 2348 876 2389 adito
910 2348 1030 2400 duco,
1063 2348 1273 2402 perituros
1300 2347 1514 2388 Danorum

78 2404 257 2458 legatOS,
290 2405 368 2445 nisi
400 2406 689 2447 comitaci01es
722 2405 1015 2457 abscederent
1049 2405 1328 2459 querebatur
1374 2404 1514 2445 obiur-

77 2475 178 2527 gare
226 2476 394 2517 quoque
442 2477 536 2504 eum
580 2464 877 2505 uehemencius
927 2478 1075 2514 ausus,
1128 2462 1238 2516 quod
1290 2462 1512 2503 illustrium

78 2519 263 2560 uirorum
286 2520 558 2574 paucitatem,
579 2524 643 2561 tot
664 2521 959 2575 ingruentibus
990 2521 1196 2575 periculis,
1229 2520 1514 2560 incomitatam

79 2590 102 2617 a
148 2591 192 2618 se
235 2576 446 2619 dimittere
494 2578 774 2621 sustinuisset
849 2578 1096 2621 Reuocatis
1128 2578 1270 2642 itaque
1316 2577 1515 2618 comitum

78 2635 310 2678 offeruntur
332 2636 501 2679 auxilia.
535 2636 619 2679 Sed
642 2651 726 2678 non
750 2636 956 2679 minorem
976 2651 1020 2679 se
1038 2635 1258 2678 Absalon
1250 2649 1290 2678 111
1313 2649 1517 2679 reuocan-

1595 1032 1602 1040 .
1621 1014 1672 1040 760
