1884 3126
118 886 152 915 10

120 1177 152 1205 15

116 1468 155 1495 ‘20

118 1887 157 1915 25

123 2232 159 2259 30

44 2582 70 2638 ᾖ
125 2592 162 2620 35

776 226 1028 268 -1—
1579 224 1628 265 17

323 356 419 405 Quo
444 355 567 410 dicto,
600 354 797 398 discussis
818 355 963 409 laruis,
994 355 1189 397 natiuum
1211 355 1294 398 oris
1317 354 1512 398 decorem
1535 370 1632 398 con·
1678 356 1725 391 (8)

180 413 332 469 fessus,
364 419 533 456 tantum
564 428 673 471 pene
704 414 939 470 uoluptatis
971 428 1058 456 uno
1091 414 1156 456 sui
1188 418 1363 469 aspectu
1397 413 1539 470 puelle
1572 418 1632 455 at-

183 473 302 524 tulit,
345 479 549 528 quantum
595 471 834 515 adulterino
875 472 1051 515 terroris
1091 472 1289 524 incussit;
1342 485 1467 527 quam
1500 472 1632 514 eciam

181 530 317 573 forme
348 546 424 574 sue
455 531 694 574 luculencia
717 531 770 572 ad
793 531 1066 573 concubitum
1096 534 1390 587 prouocatam,
1421 531 1632 573 amatoriis

183 589 304 631 donis
335 591 540 647 prosequi
570 603 655 632 non
690 590 841 632 omisit.
887 589 1151 645 Progressus
1174 604 1229 631 ex
1250 589 1385 632 obuiis
1408 589 1633 645 cognoscit,

184 647 291 690 binis
325 648 472 691 callem
503 648 739 690 latronibus
772 646 971 691 obsideri.
1036 647 1155 696 Quos
1197 647 1251 689 ad
1291 663 1337 691 se
1369 647 1633 703 spoliandum

183 707 377 763 cupidius
408 711 676 763 proruentes,
709 707 801 749 solo
835 707 1100 749 exanimauit
1130 706 1329 762 impulsu
1381 707 1476 755 Quo
1509 706 1633 760 facto,

182 780 236 808 ne
267 766 401 807 ullum
432 766 575 808 hostili
608 765 699 807 solo
724 765 975 808 beneficium
997 764 1190 807 attulisse
1213 764 1441 816 uideretur,
1472 779 1634 821 percm-

181 828 353 880 ptorum
386 838 565 880 corpora
596 823 798 866 subiectis
831 823 962 865 affixa
993 823 1205 879 stipitibus
1246 823 1445 865 simulata
1475 823 1633 880 pedum

185 883 399 926 ereccione
433 882 660 934 distendit3
703 887 765 936 ut,
799 881 953 939 quibus
991 896 1037 924 re
1068 880 1316 938 nocuelrant
1354 882 1455 935 uiui,
1495 882 1635 937 specie

183 941 446 983 minarentur
478 940 683 994 extinctiz,
716 944 813 997 post
843 940 934 982 fata
965 953 1135 996 quoque
1166 939 1451 983 formidabiles
1484 940 1634 994 forent,

182 1013 263 1041 nec
294 1001 372 1042 iter
402 999 586 1055 imagine
618 1000 772 1054 minus,
805 1012 931 1055 quam
965 1012 1095 1054 opere
1126 998 1414 1055 prepedirent.
1478 999 1635 1047 Quam-

185 1058 331 1100 obrem
363 1062 532 1100 constat
571 1072 667 1100 eum
699 1058 886 1104 latrones
918 1057 1202 1100 interimendo
1233 1056 1326 1110 sibi,
1357 1071 1442 1098 non
1477 1056 1634 1109 Suetie,

185 1117 405 1159 consulere
437 1116 663 1171 studuisse,
697 1116 815 1158 cuius
847 1119 1006 1171 quanto
1041 1115 1138 1157 odio
1172 1119 1414 1168 teneretur,
1455 1119 1542 1158 tam
1574 1115 1635 1156 in-

183 1176 313 1230 signis
343 1175 444 1217 faeti
474 1174 630 1216 indicio
662 1174 877 1231 patefecit.
941 1174 1024 1223 Qui
1058 1188 1152 1215 cum
1185 1174 1238 1215 ab
1270 1173 1535 1229 aruspicibus
1567 1187 1634 1215 ac-

185 1233 380 1289 cepisset,
413 1233 492 1276 nisi
523 1246 629 1275 auro
653 1233 899 1288 Sigtrugum
930 1233 1124 1288 superari
1146 1246 1229 1274 non
1254 1245 1401 1287 posse,
1434 1232 1633 1274 continuo

184 1291 326 1346 lignee
360 1292 481 1334 clauc
511 1291 699 1333 nexilem
721 1291 813 1333 auri
834 1291 995 1333 nodum
1019 1290 1187 1344 adiecit,
1221 1304 1356 1345 eaque
1390 1290 1516 1343 bello,
1550 1304 1633 1346 quo

184 1363 327 1404 regem
362 1348 715 1405 aggrediebatur,
762 1350 993 1392 instructus
1034 1349 1123 1390 uoti
1165 1362 1210 1390 se
1252 1353 1491 1404 compotem
1522 1348 1634 1390 fecit.

187 1407 313 1456 Quod
355 1408 516 1451 factum
547 1407 707 1451 Bessus
747 1408 993 1464 impensiori
1036 1407 1299 1450 laudacionis
1339 1420 1497 1461 genere
1539 1420 1635 1462 pro-

185 1472 355 1509 secutus
388 1467 447 1509 sic
481 1467 652 1509 cecinit:

393 1588 523 1631 Gram
553 1588 667 1631 ferus
700 1588 819 1631 claue
852 1588 1029 1644 gerulus
1061 1587 1201 1642 beate,

393 1647 576 1690 Nescius
607 1647 718 1700 ferri,
752 1646 995 1689 celebrabat
1026 1647 1114 1688 ictu

392 1705 517 1749 Ensis
550 1705 788 1759 obtentum,
819 1704 1069 1761 pepulitque
1102 1709 1250 1746 trunco

532 1763 638 1806 Tela
673 1764 872 1820 potentis.

393 1881 505 1923 Fata
535 1886 721 1925 sectatus
755 1895 1044 1938 superumque
1076 1884 1278 1934 mentem,

397 1939 614 1983 Sueonum
646 1940 799 1996 pressit
831 1940 963 1982 decus
996 1940 1295 1995 impotentum,

397 1999 513 2040 Dum
544 1999 637 2041 neci
668 2013 813 2054 regem
845 1998 961 2041 dedit
993 2003 1035 2040 et
1064 1998 1217 2053 rigenti

519 2056 741 2116 *Contudit
772 2071 890 2099 auro.

396 2172 593 2229 Namque
622 2187 839 2229 pugnaces
870 2172 1100 2215 meditatus
1131 2175 1255 2225 artes,

394 2231 545 2273 Robur
578 2232 779 2287 amplexu
810 2231 984 2273 rutilum
1015 2230 1209 2286 gerebat,

396 2289 454 2332 Et
484 2289 637 2332 ducem
667 2290 804 2332 uictor
834 2289 968 2331 nitido
1002 2289 1199 2345 supinum

534 2347 728 2390 Verbere
759 2348 894 2390 torsit.

398 2464 508 2506 Fata
538 2477 663 2519 quem
695 2463 808 2506 ferro
841 2463 992 2519 perimi
1027 2463 1246 2514 uetabant,

397 2522 545 2564 Aureo
576 2521 762 2577 prudens
793 2521 958 2564 domuit
987 2520 1141 2577 rigore,

397 2580 513 2623 Ense
545 2579 645 2621 dum
679 2593 823 2622 cassus
854 2580 1027 2635 pociore
1060 2579 1192 2634 gessit

535 2638 659 2681 Bella
688 2637 877 2681 metallo.

266 2712 345 2739 Saxo
364 2713 596 2739 Grammaticus.
1479 2702 1500 2737 2

1689 883 1745 911 .31
