1884 3126
725 226 776 231 -—
839 203 902 245 VI
964 227 1013 232 —
1515 211 1592 252 197

149 344 250 372 uero
282 330 495 382 residuos,
537 344 778 386 quanquam
809 331 952 375 decem
991 347 1039 374 ac
1070 338 1231 388 septem
1261 336 1505 379 uulneribus
1535 338 1594 379 ita

149 388 202 430 ab
234 389 294 430 eis
326 389 502 431 affectus
534 393 665 439 esset,
710 394 757 430 ut
790 390 924 431 maior
955 391 1161 433 uiscerum
1205 407 1300 447 pars
1330 400 1478 436 uentre
1510 396 1593 436 ela-

148 446 330 499 beretur,
366 447 636 489 nihilominus
660 448 838 489 fratrum
860 449 1055 503 exemplo
1087 451 1356 505 consumpsit.
1405 451 1593 508 Cumque

148 505 258 546 extis
288 519 459 558 uacuus,
493 505 714 547 labefactis
735 506 907 558 uiribus,
940 507 1061 560 graui
1091 507 1179 549 sitis
1207 509 1401 562 angustia
1432 524 1593 564 preme-

98 573 114 600 5
144 567 272 615 retur,
289 563 470 618 petende
487 564 680 618 pocionis
694 563 924 619 cupiditate
938 577 1218 618 pergenuans,
1234 566 1412 609 labentis
1426 569 1593 609 commi-

82 866 114 891 10

146 635 223 662 nus
267 621 348 662 riui
394 620 614 676 lympham
662 622 865 676 exposcit.
946 622 1081 670 Quem
1126 628 1172 663 ut
1213 637 1357 665 cruore
1403 625 1592 667 tabidum

146 678 469 731 animaduertit,
508 693 533 720 a
564 679 728 734 polluto
760 680 848 721 eius
880 679 1051 731 haustu,
1085 680 1270 722 fastidita
1302 696 1407 736 aque
1441 684 1593 738 specie,

148 737 413 792 temperauit.
495 735 772 791 Anganturus
834 737 1039 792 siquidem
1089 738 1196 780 inter
1245 741 1378 781 amnis
1437 742 1592 782 fluenta

147 799 401 849 prostratus,
448 795 507 836 ita
538 795 707 837 alueum
739 795 827 837 eius
859 796 1074 850 sanguinis
1114 797 1176 839 sui
1209 796 1358 838 rubore
1402 812 1592 854 consper-

145 857 270 904 serat,
303 857 349 894 ut
381 853 466 894 iam
498 868 581 894 non
612 854 743 907 aquis,
776 853 848 895 sed
872 868 992 895 roseo
1024 854 1204 908 quodam
1228 855 1389 909 liquore
1421 871 1591 898 manare

146 910 373 953 uideretur.
434 911 500 952 Ita
534 911 827 953 Starcatherus
871 912 1053 966 corporis
1095 913 1254 954 uiribus
1285 913 1426 964 defici,
1467 929 1591 969 quam

145 982 216 1010 eas
247 983 272 1010 a
303 973 390 1010 tam
431 969 528 1010 feda
569 969 749 1024 pocione
791 970 971 1011 mutuari
1004 970 1230 1024 speciosius
1263 970 1394 1012 duxit.
1459 972 1592 1026 Igitur

144 1031 391 1081 consumpto
425 1041 533 1082 pene
564 1027 739 1079 robore,
772 1042 898 1078 saxo,
943 1027 1053 1082 quod
1089 1028 1130 1068 in
1163 1028 1297 1069 uicino
1330 1028 1436 1070 forte
1468 1030 1590 1070 situm

145 1089 248 1138 erat,
280 1085 458 1140 genibus
490 1085 740 1139 aduolutus,
771 1086 984 1141 paulisper
1017 1085 1154 1126 eidem
1185 1086 1353 1127 accliuis
1384 1087 1590 1139 incubuit3

78 1155 110 1182 15
142 1143 258 1184 cuius
290 1157 394 1185 caua
426 1143 563 1184 adhuc
595 1144 836 1198 superficies
868 1144 1066 1196 cernitur,
1099 1158 1145 1185 ae
1178 1144 1211 1184 si
1234 1145 1349 1184 illam
1384 1144 1590 1186 decubarv

75 1444 113 1471 ⁸20

74 2024 111 2050 30

72 2311 109 2340 35

145 1201 197 1242 tis
231 1201 361 1242 moles
404 1202 627 1255 conspicua
669 1202 855 1257 corporis
899 1202 1170 1256 impressione
1214 1202 1431 1256 signasset.
1501 1202 1591 1257 Ego

144 1266 286 1300 autem
305 1258 413 1300 hanc
434 1260 663 1314 imaginem
679 1259 864 1300 humana
882 1263 971 1300 arte
990 1259 1245 1300 elaboratam
1265 1273 1367 1307 reor,
1389 1275 1480 1301 eum
1503 1262 1592 1302 ueri

144 1316 269 1358 fidem
312 1317 517 1359 excedere
558 1317 778 1369 uideatur,
820 1318 1088 1358 insecabilem
1130 1321 1247 1371 petre
1291 1317 1492 1358 duriciam
1534 1319 1592 1360 ita

145 1389 239 1416 cere
272 1375 497 1417 molliciem
529 1376 685 1417 imitari
717 1375 925 1430 potuisse,
957 1380 1003 1416 ut
1035 1375 1120 1416 solo
1153 1375 1367 1416 innitentis
1399 1381 1591 1417 contactu

145 1432 327 1475 humane
358 1434 549 1475 sessionis
592 1434 776 1489 speciem
820 1437 1149 1488 representaret,
1187 1432 1458 1488 habitumque
1499 1448 1591 1489 per-

144 1495 270 1546 petue
304 1492 579 1533 concauitatis
611 1492 820 1533 indueret.

283 1548 473 1605 Cumque
502 1549 820 1591 Starcatherum
852 1548 1021 1604 quidam
1048 1548 1155 1590 forte
1187 1563 1310 1590 curru
1342 1549 1585 1604 preteriens,

144 1611 231 1648 toto
265 1621 371 1662 pene
419 1622 593 1663 corpore
632 1608 863 1649 sauciatum
896 1606 1087 1659 uidisset,
1131 1607 1300 1649 horrore
1340 1607 1399 1648 rei
1431 1607 1588 1661 pariter

144 1669 270 1720 atque
293 1666 592 1707 ammiracione
614 1670 840 1721 permotus,
865 1665 1034 1720 propius
1056 1665 1147 1705 lora
1170 1665 1364 1717 deflectit,
1398 1678 1592 1719 querens,

143 1722 242 1778 quid
273 1723 351 1764 sibi
382 1721 544 1778 prelmii
585 1723 705 1774 feret,
737 1724 771 1765 si
801 1723 949 1778 plagas
981 1723 1069 1763 eius
1101 1722 1295 1764 medendi
1327 1722 1460 1763 officio
1492 1736 1588 1777 pro·
1642 1736 1669 1759 v-
1688 1728 1738 1754 ’Μ

143 1786 400 1836 sequeretur.
451 1781 534 1823 Sed
566 1781 873 1833 Starcatherus,
905 1781 1127 1821 uulnerum
1150 1780 1376 1822 acerbitate
1400 1780 1586 1832 cruciari,

144 1853 270 1894 quam
302 1839 468 1881 sordide
491 1840 746 1881 condicionis
768 1839 984 1880 hominum
1007 1838 1235 1879 ministerio
1259 1839 1317 1878 uti
1349 1841 1588 1892 preoptans,

145 1895 330 1938 officium
376 1897 466 1939 eius
509 1911 558 1939 ac
604 1912 737 1952 genus
783 1910 1035 1951 cognoscere
1079 1896 1241 1937 institit.
1315 1895 1450 1943 Quem
1494 1909 1585 1936 cum

143 1955 332 2009 preconis
363 1955 553 2010 partibus
584 1955 705 2009 fungi
736 1954 971 2006 didicisset,
1001 1967 1196 2008 spernere
1239 1968 1320 1994 non
1356 1956 1585 2004 contentus,

142 2012 273 2054 eciam
305 2013 491 2055 conuicio
522 2013 808 2068 proculcauit,
841 2011 977 2067 quod,
1009 2012 1166 2053 cunctis
1197 2011 1428 2052 honestatis
1459 2011 1585 2065 parti-

141 2070 218 2111 bus
261 2070 489 2125 neglectiS,
536 2071 798 2113 scurrilitatis
853 2070 990 2111 officia
1036 2073 1290 2122 sectaretur,
1339 2082 1585 2122 omnemque

142 2128 228 2169 uite
260 2129 639 2171 cursum'nefanda
672 2142 838 2184 semper
870 2128 1062 2182 opinione
1106 2126 1370 2182 resperserit,
1417 2130 1458 2167 et
1489 2139 1585 2180 que-

142 2190 230 2227 stus
259 2186 348 2228 loco
380 2200 615 2243 pauperum
659 2187 829 2228 duxerit
869 2186 1146 2238 detrimenta,
1189 2184 1345 2226 nemini
1389 2184 1582 2224 innocen-

142 2244 250 2285 ciam
283 2243 492 2298 tribuere,
529 2245 688 2287 cunctis
728 2244 1006 2286 aecusacionis
1050 2243 1244 2283 iniuriam
1287 2242 1473 2295 irrogare
1514 2254 1583 2294 pa-

139 2300 304 2353 1·a²³‘tus,
348 2306 447 2344 tunc
486 2303 685 2358 precipue
728 2303 861 2354 letus,
905 2315 1001 2342 cum
1031 2299 1129 2355 quid
1160 2300 1305 2340 alienis
1346 2299 1579 2339 luctuosum
1650 2313 1725 2340 nxa

142 2357 266 2401 rebus
297 2359 525 2413 incideret,
564 2360 666 2402 dum
706 2361 748 2401 in
792 2360 870 2401 hoc
902 2359 1083 2400 maxime
1128 2371 1202 2398 sua
1233 2356 1407 2398 desudet
1450 2356 1582 2396 inten-

142 2417 272 2471 cione,
305 2421 352 2458 ut
382 2418 565 2459 omnium
598 2422 715 2460 actus
746 2417 940 2459 insidiose
975 2415 1279 2471 exploracionis
1309 2418 1398 2455 arte
1431 2426 1582 2466 cogno-

142 2479 244 2528 scat,
277 2479 319 2516 et
348 2475 547 2518 innocuos
568 2477 586 2528 ὶΙ
608 2490 744 2517 mores
766 2475 926 2530 quesite
948 2473 1105 2514 fraudis
1139 2472 1352 2513 occasione
1383 2470 1581 2525 perstrin-
1648 2473 1735 2504 (1¹2)

143 2537 229 2587 gat.
276 2532 474 2574 Abeunte
507 2547 569 2587 eo,
601 2532 847 2589 superuenit
879 2532 984 2573 alius
1016 2531 1104 2586 opis
1135 2529 1379 2583 medeleque
1409 2527 1582 2582 promis-

75 2603 112 2632 40
142 2604 234 2645 sor,
282 2591 353 2648 qui
392 2591 542 2648 prioris
584 2590 780 2648 exemplo
827 2589 1115 2632 condicionem
1157 2587 1280 2629 fateri
1319 2586 1470 2635 iussus,
1512 2598 1584 2626 an-
