1884 3126
0 2570 4 2580 '
0 2540 4 2550 ‘⁷
0 2520 3 2529 '
0 2500 1 2508 ⁴
0 2206 27 2491 'WW‘ff’'

107 885 142 914 10

111 1177 144 1205 15

765 226 1040 268 —II—
1570 232 1622 273 39

316 352 524 396 credulus
571 353 733 397 Frotho
781 354 993 397 solitarius
1039 355 1081 397 in
1127 356 1305 399 insulam
1348 358 1523 410 traiicit,
1569 372 1621 400 ne

179 411 423 453 comitacior
456 412 623 454 beluam
655 412 916 464 adoriretur,
949 428 1073 469 quam
1106 415 1256 456 atletas
1287 415 1466 470 aggredi
1494 417 1623 458 moris

175 470 329 512 fuerat.
392 470 488 518 Que
519 485 612 512 cum
645 471 763 526 aquis
794 475 894 527 pota
927 486 1100 527 specum
1133 477 1357 528 repeteret,
1393 475 1621 529 impactum

175 527 405 570 Frothonis
449 528 607 570 ferrum
634 529 639 582 Ι
667 544 816 585 aspero
861 530 969 571 cutis
1001 531 1178 573 horrore
1212 532 1478 587 contempsit.
1540 533 1622 574 Sed
1666 561 1672 569 ·

177 589 219 628 et
250 586 436 641 spicula,
483 601 566 642 que
596 587 637 628 in
679 602 773 630 eam
813 588 1006 630 coniecta
1044 588 1236 641 fuerant,
1269 590 1386 631 eluso
1418 590 1623 632 mittentis

174 651 327 686 conatu
358 644 531 687 lesionis
561 646 679 687 irrita
711 646 990 689 resultabant.
1041 646 1101 688 At
1134 647 1205 688 ubi
1236 647 1293 688 nil
1325 648 1432 702 tergi
1463 648 1622 690 duricia

175 703 320 755 cessit,
370 703 529 745 uentris
575 704 783 747 curiosius
832 705 1020 746 annotati
1065 705 1269 746 mollicies
1315 705 1426 747 ferro
1473 707 1622 761 patuit.

175 762 268 808 Que
299 774 345 803 se
376 776 518 803 morsu
560 763 704 805 ulcisci
747 764 945 819 cupiens,
979 763 1129 819 clypeo
1163 764 1373 806 duntaxat
1404 765 1623 819 spinosum

175 819 258 861 oris
289 834 469 863 acumen
500 820 689 877 impegit.
752 821 922 864 Crebris
971 821 1124 864 deinde
1170 822 1358 877 linguam
1400 822 1623 865 micatibus

177 878 350 931 ducens,
383 878 515 920 uitam
548 880 705 934 pariter
735 894 785 921 ac
816 880 932 922 uirus
965 879 1139 922 efflauit.

313 936 504 992 Reperte
544 938 724 993 pecunie
763 952 909 994 regem
955 938 1213 993 locupletem
1259 938 1421 992 fecere,
1470 939 1622 995 quibus

175 994 426 1046 instructus,
473 996 606 1038 classe
640 996 843 1038 Curetum
875 996 1069 1053 partibus
1101 996 1367 1039 admonetur.
1431 997 1622 1045 Quorum

175 1067 252 1094 rex
276 1053 423 1095 Dorno
447 1054 675 1109 periculosi
708 1054 806 1096 belli
839 1059 955 1097 metu
987 1054 1229 1096 huiusmodi
1262 1054 1315 1095 ad
1346 1054 1499 1096 milites
1533 1070 1623 1097 ora-

176 1111 339 1153 cionem
381 1111 579 1155 habuisse
618 1113 775 1155 fertur:
799 1113 1077 1167 ¹Externum,
1110 1127 1333 1169 procereS,
1373 1113 1548 1166 hostem,
1582 1117 1624 1155 et

176 1170 311 1211 tocius
342 1169 476 1213 ferme
510 1171 736 1213 occidentis
768 1171 917 1214 arssmis
951 1171 1188 1227 opibusque
1207 1171 1482 1225 succinctum,
1508 1172 1619 1213 salu·
1640 1177 1719 1205 xua

174 1232 306 1270 tarem
330 1243 470 1284 pugne
494 1230 814 1272 cunctacionem
836 1234 1064 1283 sectantes,
1086 1230 1224 1272 inedie
1252 1230 1412 1271 uiribus
1432 1229 1623 1272 obtinen-

108 1306 113 1311 ·
175 1285 275 1328 dum
315 1301 523 1330 curemus.
586 1287 805 1330 Internum
851 1288 932 1330 hoc
978 1289 1139 1330 malum
1181 1291 1256 1331 est.
1317 1287 1623 1329 Difficillimum

96 1469 133 1497 20

91 2049 130 2078 30

93 2340 129 2368 35

95 2630 132 2658 40

175 1346 254 1387 erit
306 1345 589 1388 domesticum
640 1347 856 1390 debellare
907 1347 1155 1402 periculum.
1227 1345 1370 1388 Facile
1420 1345 1623 1388 famelicis

176 1403 386 1447 obuiatur.
448 1403 602 1446 Melius
643 1405 937 1448 aduersarium
979 1405 1115 1447 esurie
1157 1418 1282 1460 quam
1322 1404 1448 1446 armis
1488 1407 1623 1446 tenta-

173 1462 324 1514 bimus,
356 1462 519 1504 nullum
550 1463 663 1505 hosti
694 1463 836 1506 inedia
867 1464 1004 1506 acrius
1037 1463 1220 1505 iaculum
1253 1462 1456 1504 adacturi.
1497 1462 1622 1504 Edax

173 1520 326 1562 uirium
368 1521 498 1576 pestis
541 1521 693 1563 edendi
735 1523 917 1578 penuria
964 1522 1162 1564 nutritur.
1224 1522 1453 1562 Armorum
1497 1534 1622 1576 opem

173 1576 471 1621 alimentorum
502 1576 644 1636 inopia
677 1581 857 1623 subruit.
899 1580 992 1631 Illa,
1025 1579 1340 1635 quiescentibus
1372 1579 1505 1629 nobis,
1536 1579 1621 1621 tela

173 1641 469 1693 contorqueat,
500 1637 571 1679 illa
601 1652 747 1694 pugne
777 1638 843 1680 ius
875 1638 1144 1694 officiumque
1180 1638 1393 1693 suscipiat.
1450 1635 1619 1692 Dillscri-
1641 1650 1709 1683 (21)

174 1695 293 1737 minis
325 1700 535 1751 expertes,
569 1696 792 1739 discrimen
822 1697 967 1739 licebit
998 1696 1164 1739 inferre.
1208 1695 1442 1751 Exangues
1459 1696 1621 1751 absque

173 1825 376 1868 superare
419 1812 482 1854 fas
528 1817 608 1856 est.
700 1813 804 1862 Quis
857 1813 1062 1855 damnose
1108 1826 1235 1868 quam
1283 1816 1375 1853 tuto
1423 1812 1620 1854 dimicare

172 1870 396 1912 maluerit?
439 1870 556 1923 Quis,
589 1885 685 1913 cum
714 1872 887 1927 impune
910 1875 1071 1913 certare
1092 1871 1230 1924 liceat,
1262 1884 1416 1926 penam
1439 1869 1622 1925 experiri

173 1929 437 1971 contendat?
496 1929 680 1972 Felicior
721 1943 934 1971 armorum
978 1943 1198 1972 successus
1225 1928 1375 1983 aderit,
1408 1929 1442 1970 si
1474 1928 1622 1983 preuia

173 1987 309 2029 fames
340 1987 497 2029 bellum
529 1988 762 2031 committit.
823 1987 918 2030 Hac
949 1988 1127 2044 primam
1160 1986 1414 2042 confligendi
1457 1987 1621 2042 copiam

172 2045 280 2088 duce
311 2050 542 2102 captemus.
595 2046 746 2088 Castra
775 2051 918 2089 nostra
951 2047 1157 2089 tumultus
1190 2046 1387 2101 expercia
1408 2049 1621 2096 maneant,

172 2104 245 2146 illa
274 2104 408 2147 nostri
437 2105 530 2161 loco
563 2104 785 2159 decernat3
819 2119 900 2161 que
932 2106 966 2148 si
998 2106 1111 2147 uicta
1142 2105 1328 2157 cesserit,
1352 2104 1488 2145 ocium
1510 2117 1620 2144 rum-

172 2162 362 2218 pendum
404 2166 479 2206 est.
540 2162 687 2206 Facile
729 2163 784 2206 ab
829 2163 1046 2207 indefesso
1093 2162 1342 2205 lassitudine
1390 2175 1620 2204 concussus

173 2221 433 2278 opprimitur.
510 2220 653 2263 Adesa
682 2235 875 2264 marcore
907 2222 1082 2264 dextera
1115 2221 1275 2276 pigrior
1306 2221 1346 2262 in
1379 2233 1495 2261 arma
1527 2232 1619 2274 per-

172 2280 321 2321 ueniet.
362 2279 594 2322 Lenciores
624 2279 737 2322 ferro
769 2294 920 2323 manus
943 2280 1074 2334 dabit,
1108 2294 1235 2336 quem
1267 2278 1475 2334 quispiam
1506 2277 1619 2332 prius

172 2338 293 2380 labor
315 2337 573 2380 exhauserit.
613 2338 800 2394 Preceps
819 2339 998 2381 uictoria
1020 2343 1097 2392 est,
1130 2337 1202 2379 ubi
1225 2337 1323 2379 tabe
1345 2339 1620 2390 consumptus

173 2410 268 2437 cum
318 2395 497 2438 robusto
559 2397 843 2453 congreditur.
934 2396 1094 2439 Taliter
1148 2395 1365 2437 indemnes
1412 2393 1502 2435 aliis
1547 2392 1620 2434 da-

171 2452 408 2509 <m>norum
440 2457 635 2496 auctores
666 2454 758 2496 fore
788 2455 1035 2510 poterimus.
1111 2501 1113 2503 ¹

310 2511 391 2553 His
432 2511 577 2564 dictis,
621 2526 873 2569 quecunque
914 2516 1057 2555 tutatu
1090 2511 1275 2553 difficilia
1306 2507 1619 2561 animaduertit,

175 2568 432 2612 defensionis
476 2569 718 2613 diffidencia
753 2570 994 2626 populatus,
1035 2570 1141 2612 adeo
1183 2568 1380 2610 hostilem
1420 2565 1620 2630 seuiciam

174 2628 218 2670 in
239 2628 451 2670 uastanda
472 2629 611 2686 patria
627 2629 902 2685 precucurrit,
923 2633 971 2671 ut
991 2628 1108 2682 nihil,
1140 2626 1252 2683 quod
1275 2640 1299 2668 a
1320 2637 1620 2681 superuemen-

103 1762 119 1786 2
172 1754 387 1808 sanguinis
430 1752 696 1810 detrilmento
739 1760 930 1810 prestare
972 1755 1218 1810 poterimus.
1261 1753 1483 1795 Inimicum
1528 1754 1620 1795 ocio
1642 1775 1667 1800 p.
1688 1767 1721 1794 (54
