1884 3126
214 880 248 906 10

212 1168 247 1195 15

214 1746 250 1773 25

216 2035 253 2062 30

218 2328 254 2355 35

279 216 360 257 104
838 237 890 244 --
951 214 1047 256 IIII
1108 237 1157 243 -

279 343 533 394 conuiuium,
566 345 835 382 accersuntur
857 341 1005 394 amici,
1025 343 1300 395 corrogantur
1321 341 1540 396 primores,
1568 342 1718 397 nupcie

276 404 550 457 peraguntur.
594 399 755 447 Quibus
787 399 979 454 expletis,
1012 414 1107 440 eum
1140 403 1271 453 nupta
1306 398 1569 439 Britanniam
1600 414 1718 455 repe-

278 460 341 500 tit.
373 457 515 499 ualida
537 456 847 510 Scott[h]orum
870 471 998 498 manu
1027 457 1196 512 propius
1218 455 1418 511 subsequi
1443 457 1569 509 iussa,
1602 458 1719 498 cuius

280 530 408 572 opera
440 514 666 557 aduersum
697 516 838 556 uarios
869 514 1114 555 insidiarum
1147 514 1336 555 obiectus
1372 518 1574 556 uteretur.
1636 515 1719 556 Re-

279 574 424 615 deunti
454 573 689 614 Britannici
719 573 831 627 regis
865 572 962 619 filia,
994 586 1121 627 quam
1152 573 1193 612 in
1225 572 1492 613 matrim’onio
1526 571 1719 622 habebat,

279 632 474 673 occurrit.
551 631 642 678 Que
690 644 930 685 quanquam
975 644 1019 670 se
1067 629 1320 684 superducto
1367 629 1526 684 pellicis
1570 630 1719 671 iniuria

278 691 410 731 lesam
442 692 708 744 quereretur,
755 687 976 741 indignum
1008 692 1150 728 tamen
1184 686 1337 736 aiebat,
1369 687 1549 728 maritali
1581 689 1721 742 gracie

278 748 499 803 pellicatus
543 745 687 787 odium
730 744 952 797 anteferri,
997 759 1134 800 neque
1166 759 1211 785 se
1244 744 1349 785 adeo
1382 745 1520 785 uirum
1555 759 1721 786 auersa-

279 812 439 856 turam,
479 807 550 856 ut,
590 801 702 858 quod
735 803 774 843 ei
804 802 1117 844 fraudulencius
1149 803 1348 843 intentari
1379 799 1511 854 sciat,
1549 804 1719 844 silencio

281 863 491 904 occultare
513 862 730 903 sustineat.
774 859 944 901 Habere
978 861 1088 901 enim
1119 873 1164 900 se
1194 861 1344 915 pignus
1367 861 1550 914 coniugii
1572 862 1717 914 filium,

280 921 396 962 cuius
419 919 571 962 saltem
591 921 806 974 respectus
831 918 1097 972 coniugalem
1119 919 1242 958 matri
1263 919 1480 959 caritatem
1508 932 1719 960 commen-

279 978 381 1020 dare
426 976 640 1019 debuerat.
700 975 799 1032 Ipse
843 976 975 1028 enim,
1019 976 1178 1030 inquit,
1225 977 1370 1016 matris
1412 989 1486 1017 sue
1524 977 1718 1032 pellicem

279 1036 426 1087 oderit,
459 1049 537 1090 ego
570 1035 767 1089 diligam3
798 1047 909 1075 meos
937 1034 942 1084 1
970 1034 1011 1073 in
1044 1038 1084 1074 te
1116 1034 1234 1087 ignes
1266 1033 1383 1074 nulla
1414 1033 1631 1076 calamitas
1654 1049 1719 1076 so-

280 1096 379 1151 piet,
411 1092 549 1134 nullus
581 1092 689 1133 liuor
721 1092 962 1144 extinguet,
1006 1091 1103 1146 quin
1138 1095 1178 1132 et
1208 1092 1250 1131 in
1282 1096 1323 1132 te
1355 1092 1522 1132 sinistre
1554 1093 1721 1147 excogi-

279 1158 370 1194 tata
415 1151 613 1205 detegam
666 1154 729 1201 et,
770 1164 872 1204 quas
905 1147 1256 1204 deprehenderim
1287 1149 1482 1199 insidias,
1524 1150 1721 1205 pandam.

281 1208 569 1258 Quamobrem
602 1207 839 1249 cauendum
871 1207 947 1247 tibi
979 1220 1173 1247 socerum
1216 1212 1361 1261 putes,
1401 1207 1511 1262 quod
1546 1208 1633 1263 ipse
1665 1209 1722 1249 le-

279 1268 470 1323 gacionis
501 1270 758 1322 prouentum
798 1265 1026 1320 carpseris,
1065 1278 1316 1319 omnemque
1349 1265 1438 1306 eius
1468 1265 1650 1306 fructum
1681 1267 1720 1307 in

281 1330 425 1377 temet,
457 1325 574 1366 eluso
608 1324 813 1365 mittentis
844 1328 956 1371 uoto,
988 1323 1197 1377 peruicaci
1228 1323 1506 1377 usurpacione
1540 1327 1722 1365 transtu-

281 1385 389 1426 leris.
454 1383 557 1437 Qua,
577 1395 683 1423 uoce
714 1396 758 1423 se
793 1380 1003 1434 coniugali
1045 1394 1170 1435 quani
1212 1386 1388 1434 paterne
1436 1382 1598 1422 caritati
1630 1396 1722 1437 pro-

283 1443 445 1498 piorem
480 1440 676 1482 ostendit.

420 1499 513 1540 Hec
555 1498 758 1552 loquente
790 1510 841 1538 ea
882 1495 1003 1537 adest
1034 1495 1255 1537 Britannie
1296 1509 1393 1547 reX,
1434 1510 1724 1551 generumque

282 1558 443 1600 arccius
490 1570 616 1611 quam
657 1555 930 1596 affectuosius
976 1553 1265 1608 amplexatus„
1313 1555 1509 1595 conuiuio
1557 1555 1725 1609 excipit,

282 1615 550 1658 liberalitatis
582 1613 723 1668 specie
755 1612 916 1653 fraudis
938 1612 1203 1666 propositum
1226 1611 1448 1652 celaturus.
1490 1611 1725 1661 Amlethus,

284 1674 455 1728 cognita
485 1671 655 1720 fraude,
699 1676 860 1711 metum
891 1668 1205 1710 dissimulanter
1238 1668 1406 1720 habuit,
1449 1669 1725 1724 ducentisque

284 1730 496 1787 equitibus
539 1730 582 1770 in
624 1729 873 1769 comitatum
904 1727 1106 1781 receptis,
1154 1726 1438 1767 subarmalem
1468 1731 1633 1768 uestem
1664 1728 1725 1768 in-

285 1789 412 1831 dutus
459 1787 706 1842 obsequitur
752 1785 973 1833 inuitanffi,
1021 1785 1256 1838 maluitque
1301 1785 1416 1838 regie
1463 1785 1727 1826 simulacioni

284 1846 520 1903 periculose
551 1858 722 1900 parere,
764 1857 891 1898 quam
921 1842 1098 1896 turpiter
1131 1855 1379 1896 repugnare.
1441 1842 1561 1884 Adeo
1594 1843 1725 1884 hone-

285 1908 436 1946 statem
469 1904 511 1944 in
545 1902 704 1943 cunctis
738 1899 1050 1941 obseruandam
1081 1899 1271 1954 putabat.
1325 1900 1462 1947 Quem
1493 1901 1726 1941 comminus

288 1962 606 2017 obequitantem
637 1974 710 2001 rex
745 1958 821 1999 sub
854 1959 944 2013 ipsa
965 1957 1253 2011 bipatencium
1275 1961 1492 2011 portarum
1515 1957 1726 1999 testudine

285 2020 454 2062 adortus
487 2017 625 2059 iaculo
658 2016 943 2069 transegisset,
975 2015 1017 2055 ni
1044 2014 1200 2055 ferrum
1224 2015 1473 2056 subarmalis
1495 2020 1594 2070 toge
1616 2016 1727 2057 duri-

287 2080 372 2121 cies
402 2075 665 2132 reppulisset.
726 2073 972 2123 Anilethus,
1006 2071 1091 2113 leui
1122 2075 1292 2127 recepto
1326 2072 1524 2122 uulnere,
1564 2086 1613 2114 eo
1646 2074 1727 2115 loc-i

286 2151 332 2179 se
373 2135 568 2185 contulit,
609 2132 682 2173 ubi
714 2132 945 2173 Scotticam
986 2130 1252 2171 iuuentutem
1293 2130 1549 2185 expectandi
1590 2131 1727 2173 officio

285 2193 405 2248 fungi
434 2193 627 2244 iusserat,
659 2190 827 2245 captiuo
862 2201 972 2230 noue
1006 2188 1194 2241 coniugis
1220 2189 1488 2242 speculatore
1509 2189 1560 2230 ad
1582 2202 1727 2243 regem

286 2252 476 2301 remisso,
507 2250 577 2304 qui
609 2261 653 2289 se
684 2247 916 2289 destinatas
948 2245 1117 2287 domine
1150 2245 1293 2286 literas
1325 2246 1556 2288 loculorum
1590 2252 1726 2289 custo-

287 2313 353 2354 die
384 2308 529 2349 furtim
562 2306 771 2349 exemisse
804 2302 1013 2352 testando,
1045 2303 1201 2344 crimen
1233 2304 1274 2344 in
1307 2302 1642 2346 Hermutrudam
1663 2319 1727 2346 re-

287 2366 506 2418 funderet,
553 2365 778 2419 ipsumque
824 2366 1020 2403 accurato
1068 2374 1224 2414 genere
1270 2362 1559 2403 excusacionis
1606 2366 1729 2405 reatu

287 2424 545 2484 prodicionis
577 2421 833 2463 absolueret.
885 2418 1022 2466 Quem
1053 2431 1129 2460 rex
1160 2418 1325 2460 auidius
1355 2418 1589 2474 fugientem
1618 2421 1728 2462 inse·

288 2486 359 2541 qui
390 2495 473 2523 non
505 2484 717 2531 moratus,
759 2477 918 2518 maiore
950 2477 1166 2531 copiarum
1197 2481 1319 2531 parte
1349 2478 1554 2531 priuauit,
1595 2478 1653 2519 ita
1683 2480 1729 2518 ut

289 2539 514 2585 Amlethus
547 2537 614 2578 die
643 2540 828 2592 postero,
861 2534 1042 2576 salutem
1072 2534 1206 2589 prelio
1240 2533 1501 2586 defensurus,
1534 2534 1728 2591 despera-

221 2615 258 2644 40
287 2602 341 2644 tis
363 2599 417 2643 ad
439 2595 614 2638 modum
644 2591 866 2639 resistendi
897 2591 1071 2646 uiribus,
1103 2590 1156 2634 ad
1179 2591 1419 2648 augendam
1450 2592 1730 2637 multitudinis

1774 1049 1800 1073 p.
1824 1040 1855 1066 lo
