1884 3126
283 236 363 277 194
855 262 903 268 -
966 236 1033 280 VI
1091 265 1146 271 -..

334 365 393 409 Es
426 369 533 408 teste
564 364 811 420 immissum,
844 366 1086 409 subducunt
1116 382 1246 411 aurea
1277 369 1423 412 massis

337 420 549 479 Crustula,
581 421 785 467 furtiuum
819 424 979 480 concha
1010 425 1183 468 siciente
1214 427 1442 470 metallum.

414 540 494 582 His
526 539 649 582 dictis
679 539 974 582 Starcatherus
1005 555 1091 583 non
1123 543 1328 584 minorem
1359 557 1411 584 ex
1443 557 1559 598 uoce,
1592 558 1718 600 quam

279 613 406 666 opere
430 599 692 653 uoluptatem
714 598 899 650 sortitus,
931 598 1177 640 Haldanum
1208 601 1375 656 repetit
1410 601 1583 657 eiusque
1615 602 1718 644 mili-

230 677 246 703 5
278 659 382 699 ciam
416 657 609 712 proxima
639 655 926 698 familiaritate
960 658 1219 712 complexus,
1252 673 1479 725 numquam
1517 659 1715 701 bellorum

277 716 486 757 exercicio
529 714 716 767 abstitit,
756 714 815 754 ita
846 718 893 755 ut
924 714 1181 757 abstractum
1214 715 1371 759 deliciis
1403 718 1589 759 animum
1621 731 1717 760 con-

277 774 394 815 tinua
426 786 639 815 armorum
669 771 907 813 intencione
938 776 1167 828 torqueret.

413 831 552 873 Fuere
583 834 723 873 autem
747 830 913 884 Ingello
936 845 1103 873 sorores
1127 830 1270 886 Helga
1291 836 1332 874 et
1352 833 1453 887 Asa,
1488 847 1543 875 ex
1565 834 1717 889 quibus

276 887 418 944 Helga
448 889 579 930 thoris
612 887 665 928 ad
712 887 885 928 modum
926 894 1111 941 matura,
1150 889 1237 930 Asa
1278 904 1379 932 uero
1424 891 1542 932 annis
1581 891 1717 933 minor

203 966 240 992 10
272 947 569 1001 connubioque
620 945 817 987 inhabilis
870 949 972 987 erat.
1034 946 1156 988 Tunc
1206 947 1347 1001 Helgo
1400 947 1716 1004 Noruagiensis,

272 1005 525 1060 postulande
557 1004 698 1058 Helge
729 1000 936 1058 oulpidine
969 1005 1227 1059 concitatus,
1274 1020 1427 1047 nauem
1459 1007 1714 1049 conscendit.

274 1062 475 1104 Ceterum
506 1061 827 1117 nauigacionem
859 1064 978 1103 tanto
1011 1063 1269 1104 instruxerat
1299 1063 1417 1106 luxu
1449 1068 1495 1105 ut
1526 1065 1714 1106 exculto-

271 1134 365 1162 rum
397 1135 499 1162 auro
534 1121 725 1162 uelorum
760 1125 966 1174 apparatu
997 1124 1199 1172 uteretur,
1232 1135 1313 1176 que
1347 1121 1478 1163 eciam
1510 1123 1711 1164 inauratis

271 1178 392 1220 malis
433 1178 636 1229 subnixa,
684 1177 905 1232 purpureis
951 1178 1131 1220 1estibus
1181 1178 1448 1221 tenebantur.
1510 1180 1710 1222 Venienti

201 1255 236 1280 15
268 1236 456 1291 Ingellus
497 1240 644 1277 uotum
684 1234 992 1300 impetrandum
1036 1236 1262 1291 promittit,
1305 1236 1337 1278 si
1378 1237 1503 1278 modo
1547 1239 1712 1280 oblatos

269 1294 432 1347 pugiles
473 1294 525 1335 ad
569 1293 808 1335 testandam
850 1292 1057 1347 opinionis
1098 1308 1173 1335 sue
1214 1294 1522 1349 experienciam
1567 1310 1712 1351 pugna

268 1353 476 1395 sustinere
523 1354 798 1407 presumeiet.
860 1349 952 1392 Nec
1000 1351 1249 1393 condicione
1295 1356 1511 1407 permotus
1554 1353 1709 1407 Helgo,

269 1423 394 1464 quam
433 1409 707 1451 libentissime
751 1423 794 1450 se
835 1413 959 1464 pacto
1008 1423 1180 1464 operam
1213 1409 1433 1462 daturum,
1476 1411 1706 1466 respondit.

270 1467 420 1523 Itaque
467 1467 630 1508 solenni
676 1466 933 1520 sponsalium
982 1467 1104 1508 titulo
1151 1466 1292 1508 future
1327 1469 1341 1521 Η
1364 1468 1514 1523 copule
1558 1470 1705 1537 paccio

198 1543 234 1569 ρο
267 1529 551 1567 consecratur.
610 1525 693 1565 Per
721 1523 832 1565 idem
863 1528 1030 1577 tempus
1064 1524 1178 1580 apud
1214 1524 1394 1566 insulam
1427 1526 1705 1568 Sialandian1·²

266 1597 424 1624 nouem
457 1582 572 1624 ducis
604 1581 823 1623 cuiusdam
854 1581 960 1622 filios
992 1583 1222 1625 inoleuisse
1262 1584 1461 1625 memorie
1492 1585 1705 1639 proditum

267 1644 343 1693 est,
375 1642 566 1696 apprime
598 1640 756 1682 uiribus
791 1643 830 1681 et
861 1639 1036 1681 audacia
1068 1640 1264 1695 preditos,
1297 1655 1474 1696 quorum
1497 1644 1705 1684 maximus

267 1699 510 1754 Angaterus
535 1698 745 1740 exstabat.
791 1697 871 1745 Qui
893 1711 986 1739 cum
1010 1698 1197 1740 eiusdem
1223 1699 1363 1753 puelle
1385 1701 1705 1755 competitorem

268 1761 429 1811 ageret,
462 1761 721 1811 negatasque
753 1755 831 1796 sibi
862 1756 1035 1820 nupcias
1061 1756 1257 1810 Helgoni-
1277 1758 1505 1811 promissas
1526 1758 1705 1812 uideret,

196 1832 232 1859 ρ.»
262 1815 487 1869 palestrica
532 1815 646 1856 illum
688 1813 998 1869 prouocacione
1045 1814 1268 1868 sollicitat,
1312 1815 1424 1856 ferro
1472 1816 1704 1857 molestiam

265 1873 554 1939 propulsuruS.
602 1871 827 1927 Approbat
859 1871 999 1926 Helgo
1033 1872 1268 1927 propositas
1300 1886 1442 1927 pugne
1474 1879 1629 1928 partes,
1664 1879 1703 1916 ct

265 1931 513 1985 nupciarum
536 1930 602 1971 die
625 1929 848 1971 dimicandi
870 1934 1034 1983 tempus
1065 1929 1284 1971 amborum
1315 1931 1426 1972 uotis
1457 1932 1703 1973 condicitur.

266 1988 614 2030 Confundebatur
657 1988 765 2029 enim
806 1986 918 2042 apud
961 2001 1128 2039 omnes,
1172 1988 1356 2042 quisquis
1399 1993 1610 2031 certamen
1650 1989 1703 2031 ad

265 2045 548 2088 dimicandum
579 2049 836 2101 prouocatus
868 2045 1082 2086 abnueret.
1145 2045 1426 2093 Quamobrem
1461 2046 1701 2101 Helgonem

195 2120 231 2145 30
262 2105 359 2146 hinc
383 2103 654 2145 detrectande
677 2117 819 2158 pugne
841 2102 979 2153 rubor,
1011 2102 1110 2144 inde
1133 2103 1318 2170 gelende
1340 2109 1476 2146 metus
1500 2105 1698 2170 angebat.

264 2162 479 2217 Siquidem
510 2166 651 2216 preter
683 2174 904 2203 commune
950 2161 1267 2215 prouocacionis
1298 2161 1362 2203 ius
1393 2162 1542 2217 impari
1573 2177 1700 2204 manu

263 2234 307 2260 se
337 2220 575 2261 lacessitum
609 2219 833 2271 credebat,
867 2218 975 2272 quod
1010 2218 1123 2260 solus
1163 2219 1391 2261 aduersum
1430 2234 1587 2262 nouem
1626 2236 1699 2275 pu-

263 2292 389 2332 gnam
412 2277 692 2333 spopondisse
713 2276 940 2318 uideretur,
984 2275 1078 2318 Hec
1102 2277 1347 2318 uoluentem
1369 2291 1523 2332 sponsa
1545 2278 1699 2319 auxilio

264 2350 369 2390 opus
400 2335 643 2376 habiturum
675 2334 823 2386 docet,
856 2334 1149 2388 hortaturque,
1182 2348 1325 2389 pugna
1356 2335 1585 2387 abstineat,
1617 2350 1698 2391 qua

193 2408 229 2434 3.)
260 2394 361 2434 nihil
402 2397 543 2449 preter
585 2396 763 2434 mortem
804 2396 875 2432 aut
918 2392 1190 2446 ignominiam
1233 2393 1442 2448 petiturus
1489 2393 1697 2445 uideatur,

260 2451 479 2506 presertim
521 2464 615 2492 cum
657 2463 825 2501 eorum,
869 2449 1096 2491 aduersum
1135 2463 1240 2505 quos
1272 2451 1542 2493 dimicaturus
1576 2456 1697 2503 esset,

261 2523 481 2551 numerum
522 2509 638 2550 nulla
682 2507 946 2549 diffinicionis
990 2507 1238 2549 certitudine
1283 2508 1522 2561 clausisset3
1554 2522 1696 2564 quam-

261 2566 405 2608 obrem
428 2582 430 2587 *
455 2566 643 2622 periculo
689 2569 856 2621 parcat,
905 2564 1300 2620 Starcatherumque
1346 2566 1459 2621 apud
1506 2566 1695 2608 Sueones

260 2627 455 2678 agentem
487 2624 614 2665 saluti
646 2623 912 2665 consulturus
946 2628 1172 2678 exposcat,
1204 2623 1273 2678 qui
1305 2623 1591 2678 indigentibus
1622 2623 1693 2666 ad-

1772 1021 1800 1047 p.
1820 1014 1865 1042 291

1760 1475 1853 1509 (110)

1760 1596 1852 1625 mxu
