1884 3126
289 898 324 924 10

286 1184 322 1210 15

285 1469 322 1495 20

286 1758 321 1785 25

288 2045 324 2072 30

288 2332 325 2360 35

364 247 444 289 642
915 259 967 266 —
1029 234 1112 278 XV
1174 257 1224 264 --

362 372 602 412 tribuentes.
666 365 788 413 Quod
818 364 994 419 perfidia
1031 377 1083 403 an
1115 367 1228 404 metu
1248 363 1445 428 egerint,
1479 362 1652 405 dubium
1694 364 1787 406 reli-

362 441 500 482 quere.
568 425 603 465 E
644 423 792 478 quibus
835 422 990 462 Petrus
1033 422 1206 474 longus,
1245 420 1418 474 insignis
1459 424 1640 473 stature,
1689 435 1788 477 egre

361 482 521 524 dicendi
553 485 804 535 potestatem
845 478 1047 532 adeptus,
1089 478 1322 542 affirmare,
1363 492 1431 529 se,
1472 479 1637 520 tametsi
1669 479 1788 521 miles

359 538 582 581 Absalonis
604 541 724 588 esset,
747 539 984 590 respectum
1007 535 1096 576 eius
1120 535 1273 575 ciuium
1297 535 1425 575 cultui
1449 549 1532 576 non
1558 536 1785 589 anteferre,

359 596 501 651 populi
532 595 794 634 maiestatem
825 592 1034 647 pontificis
1065 591 1254 646 partibus
1281 593 1463 646 priorem
1495 593 1661 647 duem-,e
1693 594 1786 649 plus

359 653 524 708 publice
557 650 719 692 caritati
753 664 876 704 quam
908 649 1073 704 priuate
1105 649 1280 701 debere3
1314 647 1427 690 cete
1422 661 1521 691 rum
1553 650 1605 691 ad
1639 665 1783 692 omnes

358 710 471 763 uulgi
503 714 621 749 actus
652 707 878 748 imitandos
910 708 1181 762 propensiore
1213 681 1349 748 animo
1394 706 1508 761 fore3
1549 707 1787 750 libertatem

359 768 457 817 eius,
489 767 570 806 iam
603 764 719 819 quasi
753 765 1000 818 naufragam
1033 777 1081 804 ac
1102 764 1423 818 periclitantem,
1455 779 1507 806 ne
1541 767 1667 807 armis
1700 766 1788 821 qui-

358 824 451 864 dem
482 829 705 877 protegere
747 822 1051 862 dubitaturum.
1111 821 1380 876 Responsum
1412 836 1436 862 a
1467 824 1668 864 concione
1711 827 1787 876 est,

355 880 558 920 ludificari
602 879 791 934 plebem,
845 893 968 933 quam
1011 878 1202 920 Absalon
1252 883 1579 935 magnatesque,
1630 881 1786 935 rapinis

355 938 510 989 uulgus
543 936 728 990 affligere
759 936 895 989 soliti,
929 935 980 977 de
1019 935 1221 977 industria
1260 942 1403 991 petere
1443 938 1787 993 supersedissent.

358 995 493 1043 Quam
525 1009 672 1035 uocem
706 995 912 1034 uniuersis
946 993 1148 1035 acerrimo
1192 995 1374 1035 clamore
1406 995 1786 1050 comprobantibus,

356 1052 579 1093 multitudo
614 1051 795 1091 maximo
828 1052 994 1105 fragore
1028 1051 1250 1104 dissiliens,
1282 1057 1444 1092 armata
1470 1053 1623 1107 passim
1656 1067 1787 1109 equos

357 1110 528 1161 inuolat,
562 1109 789 1149 Absalonis
821 1113 995 1163 penates
1018 1109 1225 1149 hostiliter
1256 1109 1451 1175 petitura.
1498 1109 1647 1165 Neque
1678 1112 1788 1152 enim

356 1181 404 1207 eo
445 1167 686 1221 properanti
727 1166 953 1216 succurrit,
993 1166 1085 1207 illos
1127 1179 1151 1206 a
1194 1181 1238 1208 se
1281 1167 1390 1208 lares
1421 1168 1651 1222 incursari,
1686 1183 1788 1224 quos

354 1225 485 1265 tocies
531 1224 609 1265 sibi
660 1224 876 1264 munificos
928 1228 1104 1278 experta
1153 1223 1305 1265 fuerat.
1381 1224 1511 1266 Cuius
1561 1226 1787 1267 nunciandi

354 1282 495 1336 gracia
527 1282 796 1346 legatorum'
788 1281 983 1331 luniores,
1007 1281 1115 1335 telis,
1142 1282 1293 1336 quibus
1317 1282 1500 1337 undique
1522 1284 1787 1338 petebantur,

354 1338 543 1379 callidius
576 1339 757 1391 enitatis,
791 1339 916 1379 citato
941 1338 1197 1393 Sygoftham
1229 1353 1478 1394 peruenere.
1530 1340 1592 1380 Ea
1623 1355 1668 1381 re
1691 1355 1787 1382 con-

355 1397 464 1437 cussi
497 1396 649 1436 milites
683 1396 909 1437 Absalonis
941 1396 1107 1437 diuerso
1142 1397 1312 1438 consilio
1346 1397 1599 1439 defensionis
1632 1400 1789 1439 auxilia

354 1454 746 1508 circumspiciebant.
816 1453 904 1494 Alii
943 1454 1073 1508 pratis
1120 1454 1356 1508 spaciantes
1400 1469 1530 1510 equos
1576 1456 1787 1510 colligere,

354 1526 450 1566 pars
482 1511 636 1552 uadum
670 1516 907 1565 pretentum
939 1511 1093 1562 insule,
1126 1512 1237 1566 quod
1269 1517 1366 1567 post
1397 1513 1567 1553 modum
1597 1513 1787 1554 Absalon

354 1569 540 1609 latericio
583 1582 710 1623 opere
752 1568 996 1609 uallandum
1040 1542 1224 1622 ciirauit,
1269 1571 1516 1620 contractis,
1558 1584 1660 1625 quas
1700 1570 1786 1612 fors

356 1627 576 1679 obtulerat,
608 1623 847 1682 qualdrigis,
881 1626 1120 1692 obcludere,
1152 1642 1248 1682 pars
1270 1641 1373 1668 saxa
1404 1628 1556 1669 iactilia
1586 1629 1786 1670 lectitare.

356 1683 465 1725 Tum
516 1684 728 1736 Absalon,
775 1685 971 1725 hortante
1017 1685 1230 1726 seniorum
1273 1685 1415 1737 turba,
1462 1689 1536 1726 aut
1580 1686 1787 1727 obsidioni

357 1742 537 1782 animum
570 1756 796 1797 preparare
835 1746 926 1794 aut,
970 1742 1111 1796 primis
1142 1742 1447 1783 incursancium
1488 1746 1584 1784 ante
1615 1744 1787 1784 nimium

357 1803 400 1840 et
421 1799 724 1841 intolerabilem
747 1799 1024 1840 multitudinis
1049 1800 1277 1841 aduentum
1301 1800 1523 1855 oppressis,
1546 1800 1787 1852 abscedere,

355 1862 547 1898 neutram
580 1857 738 1898 consilii
764 1863 926 1911 partem
960 1857 1138 1912 probare
1169 1872 1214 1899 se
1237 1858 1356 1910 dixit,
1386 1858 1496 1913 quod
1529 1872 1606 1899 nec
1636 1873 1786 1913 oppor-

356 1920 480 1955 tunos
514 1914 719 1955 obsidioni
753 1920 1010 1956 commeatus
1052 1914 1252 1969 haberet,
1294 1919 1335 1957 et
1374 1930 1419 1956 se
1449 1920 1613 1970 patrem
1643 1917 1786 1971 pocius

359 1986 483 2027 quam
514 1972 743 2026 predonem
779 1973 962 2013 existere
995 1973 1264 2014 meminisset.
1317 1972 1401 2013 Sed
1431 1986 1569 2027 neque
1599 1988 1642 2014 se
1674 1975 1787 2029 pacis

355 2029 553 2074 studium
588 2030 703 2070 cuius
730 2029 947 2070 condende
980 2043 1105 2071 causa
1128 2030 1360 2082 aduenerit,
1384 2030 1564 2071 humano
1588 2031 1788 2084 sanguine

357 2086 657 2144 polluturum,
664 2091 735 2127 aut
767 2088 856 2141 pias
886 2087 1065 2143 pastolis
1087 2093 1228 2143 partes
1258 2088 1498 2129 truculento
1530 2090 1787 2143 percussoris

358 2143 494 2186 officio
528 2135 798 2186 mutaturum.
847 2145 973 2186 Malle
1006 2159 1122 2197 uero,
1155 2145 1223 2200 qui
1252 2146 1375 2200 primi
1405 2146 1698 2200 irrumperent
1730 2147 1788 2188 in-

356 2215 492 2242 nocue
525 2206 566 2243 et
596 2202 685 2243 sine
718 2202 822 2244 cede
856 2203 1141 2244 deturbandos
1173 2217 1342 2268 curare,
1385 2202 1502 2243 facile
1542 2202 1682 2258 fugam
1716 2204 1786 2245 da-

356 2264 496 2311 turos,
543 2259 651 2314 quod
700 2261 815 2300 nullo
865 2259 1091 2301 fulciantur
1136 2260 1324 2314 imperi0.
1395 2260 1599 2302 Militibus
1637 2261 1787 2303 deinde

357 2317 597 2372 quempiam
627 2317 886 2372 plebeiorum
919 2318 1081 2359 uiolare
1103 2317 1337 2383 prohibitis,
1368 2318 1595 2372 primorum
1619 2332 1785 2374 agmen,

357 2375 639 2440 propinquum
661 2375 808 2415 collem
830 2376 918 2417 acie
942 2376 1255 2429 occupancium,
1275 2375 1436 2429 prelata
1458 2388 1579 2416 cruce
1602 2376 1786 2430 adortus,

356 2433 397 2473 in
418 2434 661 2486 proximum
683 2446 735 2473 nr
741 2447 830 2473 mus
852 2431 1045 2498 refugere
1068 2433 1218 2487 coegit,
1241 2433 1542 2488 comprehenso
1565 2433 1785 2476 sedicionis

359 2495 544 2543 auctore,
579 2504 704 2545 quem
725 2504 930 2532 memores
953 2491 1164 2531 iussorum
1188 2491 1359 2545 equites,
1390 2491 1515 2531 armis
1548 2491 1786 2546 amictuque

358 2547 577 2602 nudatum,
609 2547 778 2602 pulsare
809 2547 1014 2589 duntaxat
1037 2548 1221 2589 contenti
1252 2547 1384 2589 fuere.
1428 2546 1465 2586 E
1497 2548 1647 2603 quibus
1678 2563 1785 2589 unus

290 2618 327 2647 40
359 2605 673 2661 confertissimis
721 2605 904 2646 hostium
947 2605 1082 2659 globis
1129 2605 1359 2646 lasciuioris
1404 2606 1501 2660 equi
1546 2606 1785 2661 petulancia

1806 655 1884 683 CLX
