1884 3126
112 893 146 921 10

109 1184 142 1212 15

108 1473 146 1501 20

107 2057 145 2085 30

106 2347 144 2374 35

107 2641 143 2669 40

778 230 1044 272 -V—
1553 238 1631 278 159

180 357 402 400 Frothone
425 356 583 412 cogias,
614 371 777 399 nouum
798 360 1098 414 recentemque
1122 360 1296 403 militem
1318 363 1541 406 contrahit.
1574 364 1632 406 At

180 416 376 471 Heginus
397 416 528 456 filiam
561 430 682 457 suam
706 414 885 457 Hit-hino
919 416 1157 471 despondit,
1190 420 1406 463 coniurato
1438 422 1631 475 inuicem,

178 479 274 517 uter
305 475 416 516 ferro
450 474 642 530 perisset⁷
675 474 855 515 alterum
887 475 1057 516 alterius
1090 475 1269 518 ultorem
1299 478 1405 521 fore.

316 532 538 574 Autumno
586 533 791 588 petitores
838 537 1155 575 commeatuum
1204 535 1401 589 redeunt,
1444 538 1627 594 tropheis

179 605 306 647 quam
348 591 557 633 alimentis
599 591 922 645 locupleciores.
994 591 1192 633 Rollerus
1237 594 1349 635 enim
1389 597 1627 650 prouincias

179 650 449 691 Samum-iam
495 653 535 690 et
568 648 866 702 Normoriam,
913 650 1049 691 occiso
1095 665 1241 692 earum
1285 666 1384 707 rege
1417 655 1629 707 ArthoriO,

178 708 410 763 uectigales
471 707 686 750 effecerat.
787 707 846 748 At
899 707 1113 749 Olimarus
1165 708 1352 752 Thorum
1421 712 1629 766 Longum,

177 766 412 809 Iamtorum
443 770 570 821 atque
600 765 911 820 Helsingorum
943 780 1113 821 regem,
1155 766 1344 822 duosque
1388 770 1488 812 alios
1521 771 1630 811 haud

176 825 388 867 inferioris
419 824 619 880 potencie
651 824 793 876 duces,
824 823 1025 866 Hostiam
1058 839 1223 880 quoque
1257 833 1297 867 et
1330 841 1424 868 cum
1455 827 1631 870 (claudia

178 883 422 937 Curetiam,
464 883 540 925 sed
574 888 615 925 et
658 882 816 924 insulas
851 881 1000 924 Suetie
1042 888 1284 939 pretentas‚
1331 886 1629 928 celeberrimus

177 941 382 983 Barbarie
416 941 620 993 domitor,
662 941 955 996 triumphauit.
1016 941 1168 997 Itaque
1200 943 1468 998 septingenta
1508 945 1630 986 redu-

178 1000 301 1042 cebat
331 1000 526 1054 nauigia,
568 999 783 1055 duplicato
817 998 1066 1040 eductorum
1107 1004 1230 1041 antea
1270 1015 1455 1043 numero.
1484 1002 1489 1055 Ι
1519 1002 1632 1044 Onef

176 1072 278 1100 uero
325 1062 367 1101 et
407 1058 633 1112 Glemero‚
678 1057 858 1099 Hithino
904 1071 1073 1113 quoque
1118 1063 1160 1099 et
1203 1058 1374 1114 I-Icgino
1418 1060 1630 1102 Orcadum

175 1117 356 1172 trophea
386 1130 564 1158 cessere.
627 1116 810 1158 Hisdem
833 1129 938 1156 -cum
970 1116 1192 1171 nongentis
1237 1117 1414 1159 nauibus
1448 1118 1629 1160 reditum

175 1180 255 1217 est.
315 1175 373 1217 Et
404 1174 486 1216 iam
520 1174 672 1230 quesiti
704 1175 788 1216 late
819 1178 1037 1229 sumptus,
1070 1179 1364 1230 conuecteque
1396 1181 1521 1231 raptu
1556 1177 1629 1217 im-

174 1247 305 1288 pense
335 1231 521 1275 alendis*
551 1232 722 1274 abunde
754 1233 882 1287 copiis
905 1233 1203 1288 suppetebant.
1253 1228 1448 1275 Ceterum
1480 1235 1627 1289 uiginti

175 1306 309 1347 regna
321 1292 497 1347 imperio
511 1291 741 1332 Frothonis
756 1291 1008 1344 adiecerant,
1020 1305 1197 1346 quorum
1210 1305 1343 1345 reges,
1357 1293 1526 1346 triginta
1538 1307 1631 1348 prc-

177 1349 296 1391 dictis
329 1350 526 1402 adiuncti,
561 1349 781 1391 Danorum
810 1350 1003 1404 partibus
1036 1348 1288 1391 militabant.
1352 1350 1446 1391 Hac
1478 1351 1628 1391 uirium

180 1408 333 1450 fiducia
375 1423 471 1450 cum
504 1407 645 1449 Hunis
686 1421 831 1462 pugna
873 1408 1121 1449 conseritur.
1194 1406 1321 1449 Cuius
1364 1408 1497 1463 prima
1542 1408 1630 1449 dies

177 1470 297 1508 tanta
328 1465 649 1508 interfectorum
682 1471 826 1520 strage
858 1466 1099 1515 recruduit,
1131 1469 1177 1506 ut
1210 1466 1396 1521 precipui
1428 1471 1512 1507 tres
1544 1467 1630 1507 Ru-

177 1524 262 1567 scie
274 1524 695 1581 fluuii‚cadaueribus
713 1524 830 1565 uelut
846 1527 975 1579 ponte
992 1524 1346 1578 constrati,peruii
1362 1538 1411 1565 ac
1427 1524 1628 1565 meabiles

176 1582 338 1626 fierent.
400 1583 604 1625 Preterea
635 1588 841 1637 quantum
874 1583 966 1637 quis
1000 1582 1159 1624 itineris
1191 1595 1266 1636 per
1304 1582 1487 1623 triduum
1519 1596 1627 1637 equo

177 1641 383 1683 conficere
431 1646 598 1697 posset,
650 1645 817 1682 tantum
863 1640 1053 1682 locorum
1102 1639 1296 1681 humanis
1346 1640 1628 1681 cadaueribus

177 1700 439 1755 completum
477 1699 660 1741 uideres.
723 1697 846 1739 Adeo
888 1699 1080 1754 spaciosa
1122 1697 1235 1739 codis
1276 1699 1456 1752 uestigia
1496 1702 1626 1740 erant.

127 1765 139 1772 '
174 1757 326 1813 Itaque
357 1758 490 1814 prelio
523 1761 689 1813 septem
711 1756 801 1799 dies
825 1761 1032 1809 extracto,
1063 1755 1212 1798 cecidit
1236 1770 1310 1797 rex
1334 1755 1447 1798 Hun.
1497 1756 1625 1797 Cuius

174 1815 304 1857 frater
336 1816 486 1858 eodem
517 1816 711 1867 nomine,
754 1815 998 1857 inclinatam
1031 1815 1259 1856 Hunorum
1301 1815 1434 1855 aciem
1466 1816 1625 1869 conspi-

175 1879 318 1928 catus,
366 1889 463 1916 cum
508 1888 585 1916 sua
629 1888 673 1915 se
722 1874 897 1915 cohorte
943 1873 1098 1914 dedere
1146 1876 1368 1914 cunctatus
1412 1886 1496 1914 non
1545 1876 1620 1915 est.

175 1933 238 1974 Eo
290 1933 401 1974 bello
448 1932 589 1974 LXX.
638 1946 686 1973 ac
734 1938 904 1973 centum
951 1946 1094 1986 reges,
1142 1931 1210 1987 qui
1258 1935 1330 1971 aut
1376 1944 1430 1971 ex
1484 1931 1622 1971 Hunis

177 1995 321 2044 erant,
366 1994 440 2032 aut
481 1991 591 2033 inter
623 1991 776 2032 Hunos
819 1991 1128 2040 militauerant,
1172 1989 1402 2030 submisere
1445 2003 1488 2030 se
1521 1990 1620 2042 regi.

176 2049 314 2097 Quem
359 2062 581 2090 numerum
633 2049 782 2092 Ericus
831 2048 1037 2104 superiori
1084 2048 1299 2102 signorum
1352 2047 1624 2101 expressione

178 2107 428 2162 complexus
460 2106 624 2162 fuerat,
666 2121 763 2149 cum
798 2107 1026 2148 Hunorum
1068 2105 1379 2146 multitudinem
1410 2103 1623 2145 Frothone

176 2169 451 2221 percontante
494 2165 786 2220 distingueret.
848 2164 984 2218 Igitur
1015 2164 1198 2216 Frotho‚
1240 2163 1402 2204 uocatis
1442 2163 1483 2203 in
1530 2176 1623 2203 con-

177 2224 342 2265 cionem
374 2223 568 2277 regibus‚
601 2224 679 2266 sub
711 2237 795 2264 uno
830 2222 1065 2277 eodemque
1097 2222 1186 2262 iure
1218 2220 1400 2275 degendi
1431 2234 1622 2260 normam

176 2281 367 2337 imponit.
428 2281 612 2323 Prefecit
642 2287 783 2323 autem
818 2280 1051 2322 Olimarum
1085 2277 1389 2333 Holmgardie,
1432 2278 1623 2319 Oneuum

175 2338 459 2395 Crinogardie⁹
492 2340 596 2381 Hun
617 2354 718 2382 uero
743 2339 912 2394 captiuo
937 2338 1167 2380 Saxoniam
1190 2337 1391 2388 tribuens,
1409 2335 1619 2376 Reuilluni

177 2397 415 2440 Orcadibus
459 2397 604 2440 donat.
666 2397 915 2439 Prouincias
948 2396 1277 2450 Helsingorum,
1324 2393 1619 2434 Iarnberorum

177 2459 218 2498 et
247 2454 517 2511 Iamltorum‚
562 2470 658 2496 cum
690 2460 867 2510 utraque
898 2455 1082 2510 Lappia‚
1115 2453 1287 2495 Dimaro
1329 2451 1493 2492 cuidam
1525 2465 1619 2506 pro-

177 2514 386 2556 curandas
417 2515 631 2565 attribuit3
665 2513 790 2568 Dago
825 2513 976 2554 Hestie
1008 2512 1194 2566 regimen
1242 2509 1446 2564 erogauit.
1509 2509 1623 2556 Quo-

175 2586 270 2613 rum
309 2586 625 2627 ununquenque
664 2573 791 2614 certis
832 2571 978 2612 tributi
1022 2570 1181 2624 legibus
1226 2567 1440 2618 onerauit‚
1500 2567 1618 2607 obse-

174 2630 319 2685 quium
380 2630 584 2672 beneficio
642 2630 873 2686 applicans,
955 2628 1108 2683 Itaque
1160 2625 1382 2673 Frothonis
1444 2638 1618 2678 regnum

1681 1022 1706 1046 p.
1729 1014 1780 1040 240

1659 1246 1817 1275 xnvnlb
