1884 3126
171 843 207 870 10

170 1188 206 1214 15

168 1477 205 1504 20

167 2056 205 2083 30

167 2333 263 2372 35'

249 178 333 223 244
818 203 872 209 —
932 174 1021 221 VII
1081 204 1135 211 —-

242 308 343 350 tutis
364 308 505 363 palma
527 306 782 362 decernitur,
816 308 1086 364 omniumque
1116 307 1367 349 fortissimus
1398 307 1567 363 publica
1598 322 1693 364 pro-

244 366 499 407 clamacione
542 370 754 407 censetur.
817 365 998 407 Postera
1031 366 1097 407 die
1132 365 1299 407 duobus
1330 366 1371 406 in
1402 379 1590 420 pugnam
1621 381 1692 421 pe-

243 424 340 472 titis,
364 423 511 464 ambos
534 423 771 465 obtruncat.
805 422 954 464 Tereia
974 423 1069 466 luce
1093 429 1234 465 ternos
1258 430 1491 478 expugnat.
1533 424 1692 472 Quarta

242 486 421 536 quatuor
465 495 608 523 secum
650 495 898 536 congressos
943 486 1161 538 exuperat.
1224 481 1382 528 Quinta
1412 495 1513 523 uero
1545 482 1694 536 quinos

241 539 495 594 expostulat.
561 539 723 587 Quibus
766 540 999 594 oppressiS,
1042 554 1135 580 cum
1177 539 1228 580 ad
1263 543 1456 580 octauam
1488 539 1693 580 similibus

242 611 383 651 pugne
416 602 457 637 et
490 597 669 638 uictorie
712 597 980 638 incrementis
1024 603 1277 653 peruentum
1320 602 1452 649 esset,
1495 597 1689 638 undecim

241 655 363 695 simul
396 654 601 695 admissos
633 655 877 710 prosternit.
941 654 1018 696 Cui
1050 655 1322 709 Hildigerus,
1367 653 1481 709 quod
1514 668 1688 710 operum

241 726 415 753 suorum
446 713 590 754 titulos
622 713 828 754 uirtutum
861 713 950 754 eius
983 712 1273 767 magnitudine
1305 716 1481 767 equatos
1512 712 1690 765 uideret,

241 784 514 824 congressum
537 771 711 812 ulterius
734 784 889 823 negare
914 785 997 812 non
1020 785 1186 826 passus,
1218 784 1313 812 cum
1335 770 1387 811 ab
1410 783 1472 818 eo,
1507 770 1689 811 obducto

239 828 474 882 panniculis
506 828 639 880 ferro,
678 829 930 870 mortificum
964 828 1043 869 sibi
1075 828 1228 870 uulnus
1261 828 1464 869 inflictum
1503 828 1689 869 animad-

243 891 442 936 uerteret,
473 886 645 927 abiectis
678 886 803 927 armis
836 886 951 927 humi
984 885 1242 927 decumbens
1273 885 1346 927 tali
1378 885 1550 926 fratrem
1584 899 1689 926 uoce

241 944 489 999 compellat:

380 1058 562 1100 Collibet
595 1059 765 1100 alternis
797 1058 972 1100 deuolui
1003 1058 1158 1099 fatibus
1190 1058 1350 1110 horam,

377 1116 447 1169 Et,
480 1116 592 1158 ferro
625 1120 845 1172 pausante,
878 1117 968 1158 solo
1002 1116 1222 1158 subsidere
1256 1117 1442 1171 paulum,

377 1175 600 1216 Alternare
634 1188 793 1215 moram
825 1174 946 1216 dictis
979 1175 1226 1229 animosque
1257 1174 1412 1216 fouere.

380 1233 531 1273 Restat
564 1233 778 1287 proposito
810 1237 1000 1287 tempus3
1033 1246 1130 1273 nam
1161 1231 1250 1272 fata
1282 1231 1462 1274 duorum

378 1290 483 1331 Fors
515 1290 683 1331 diuersa
715 1295 857 1343 tenet3
889 1290 1016 1331 alium
1050 1289 1286 1331 discrimine
1319 1294 1432 1331 certo

379 1348 479 1388 Sors
511 1348 654 1390 feralis
686 1349 788 1403 agit,
821 1348 949 1389 alium
981 1347 1222 1401 pocior-ibus
1255 1348 1373 1388 annis

377 1406 542 1460 Pompa
574 1406 788 1461 decusque
819 1411 991 1447 manent
1023 1410 1064 1447 et
1096 1404 1249 1460 agendi
1281 1405 1483 1460 temporis
1518 1419 1630 1445 usus.

377 1464 445 1505 Sic
477 1463 555 1504 sibi
588 1463 807 1505 diuiduum
840 1468 983 1518 partes
1016 1463 1274 1504 discriminat
1306 1477 1442 1504 omen.

378 1522 539 1562 Danica
572 1526 614 1562 te
647 1522 786 1574 tellus,
819 1536 886 1563 me
919 1521 1113 1562 Sueticus
1146 1520 1275 1562 edidit
1308 1521 1433 1562 orbis.

376 1579 488 1620 Drot
519 1580 593 1620 tibi
626 1585 864 1621 maternum
898 1579 1108 1635 quondam
1142 1578 1406 1620 distenderat
1438 1578 1565 1631 uber-3

376 1637 472 1678 Hac
503 1637 709 1691 genitrice
741 1638 815 1678 tibi
847 1637 1006 1691 pariter
1038 1637 1262 1678 collacteus
1295 1642 1411 1678 exto.

377 1693 441 1735 En
474 1695 543 1750 pia
573 1696 797 1750 progenies
830 1695 1017 1736 trucibus
1050 1708 1299 1736 concurrere
1331 1694 1423 1736 telis

378 1754 495 1794 Ausa
528 1754 663 1808 perit3
696 1753 801 1794 sudo
834 1753 1003 1808 pronati
1034 1753 1239 1807 sanguine
1271 1752 1423 1794 fratres

377 1809 500 1852 Illata
532 1810 609 1851 sibi
642 1811 742 1852 cede
775 1815 917 1863 ruunt,
949 1810 1047 1851 dum
1080 1811 1247 1852 culmen
1282 1815 1457 1852 auentes

376 1868 585 1923 Tempore
618 1869 831 1921 deficiunt,
865 1868 1102 1923 sceptrique
1136 1868 1330 1923 cupidine
1361 1869 1470 1910 nacti

375 1926 567 1968 Exiciale
598 1928 757 1968 malum
790 1927 904 1969 socio
937 1927 1072 1982 Styga
1103 1926 1249 1967 funere
1282 1926 1430 1967 uisent.

376 1983 444 2024 Ad
478 1983 605 2040 caput
636 1984 793 2025 affixus
827 1985 1001 2040 clypeus
1033 1984 1158 2025 michi
1192 1983 1387 2026 Sueticus
1419 1988 1541 2036 astat,

375 2041 510 2089 Quem
544 2043 736 2098 specular
766 2056 948 2084 uernans
980 2041 1088 2083 uarii
1121 2041 1334 2083 celaminis
1368 2046 1500 2094 ornat,

374 2099 430 2140 Et
461 2100 573 2140 miris
605 2101 802 2155 laqueata
834 2099 968 2141 modis
1001 2099 1190 2140 tabulata
1225 2103 1441 2141 coronant.

377 2157 468 2197 Illic
503 2158 719 2199 confectos
752 2172 949 2213 proceres
980 2157 1232 2212 pugilesque
1265 2157 1477 2210 subactos,

376 2214 498 2256 Bella
530 2229 698 2271 quoque
732 2221 774 2257 et
805 2219 950 2256 nostre
980 2216 1142 2257 facinus
1175 2216 1405 2271 spectabile
1436 2215 1588 2256 dextre

374 2272 617 2314 Multicolor
648 2274 812 2328 pictura
845 2276 982 2327 notat;
1015 2273 1273 2314 medioxima
1304 2274 1392 2314 nati

373 2330 488 2371 Illita
519 2332 750 2386 conspicuo
783 2332 943 2386 species
977 2331 1179 2372 celamine
1210 2335 1389 2383 constat,

381 2387 457 2428 Cui
488 2403 636 2430 manus
669 2390 747 2430 hec
780 2402 944 2431 cursum
977 2394 1090 2430 mete
1122 2389 1261 2430 uitalis
1292 2389 1462 2430 ademit.

373 2444 533 2487 Vnicus
564 2447 634 2487 hic
667 2447 787 2488 nobis
822 2447 941 2488 heres
974 2453 1078 2498 erat,
1110 2461 1194 2488 una
1225 2446 1388 2502 paterni

376 2502 489 2545 Cura
521 2504 660 2558 animi,
693 2518 935 2559 superoque
968 2503 1091 2545 datus
1123 2505 1326 2546 solamine
1357 2503 1488 2544 matri.

375 2561 476 2603 Sors
506 2562 632 2617 mala,
663 2575 745 2618 que
777 2563 872 2604 letis
902 2561 1112 2604 infaustos
1145 2562 1308 2617 aggerit
1338 2575 1483 2614 annos,

1744 1370 1771 1394 p.
1793 1361 1841 1388 357

1743 2119 1769 2142 „A
1789 2111 1837 2136 35³
1877 2116 1884 2157 ἔς

1692 2569 1855 2599 Lxxul-
