1884 3126
20 903 55 930 10

19 1193 55 1220 15

18 1484 56 1511 20

15 1774 52 1802 25

14 2064 51 2092 30

15 2355 51 2383 35

18 2644 53 2671 40

633 261 683 268 -
745 235 883 278 XIIII
943 260 997 266 —
1447 236 1532 278 553

91 383 216 425 quam
254 367 469 409 fortunam
499 367 595 410 loco
635 368 858 420 mutaturi,
899 367 1030 424 prelio
1071 368 1113 410 in
1162 367 1352 425 hyberna
1397 367 1532 435 glacie

89 430 299 475 conserto,
334 425 600 480 Gregorium,
632 439 795 468 summe
825 430 919 481 post
948 439 1094 481 regem
1133 425 1348 481 dignitatis
1380 425 1532 475 uirum,

89 499 218 527 manu
249 489 291 526 et
324 484 497 526 consilio
520 486 780 539 promptum,
811 484 854 525 in
884 499 967 541 quo
998 498 1097 539 spes
1119 488 1160 525 et
1182 484 1336 526 fiducia
1357 483 1533 540 Ingonis

88 543 207 599 quasi
240 542 424 609 quodam
458 539 627 584 cardine
659 541 888 609 nitebatur,
917 556 1003 583 non
1025 542 1162 584 minus
1190 542 1384 585 acumine
1406 556 1533 598 quam

86 601 248 643 uiribus
280 601 357 652 usi,
391 614 486 643 cum
518 600 711 643 omnibus
744 601 876 655 copiis
909 600 1172 643 deleuerunt.
1233 600 1451 656 Siquidem
1490 601 1534 642 in

88 674 181 701 eam
213 659 364 714 glaciei
388 662 567 714 partem,
601 658 720 700 cuius
742 659 984 701 firmitatem
1005 659 1222 701 nocturnis
1247 658 1532 701 excisionibus

88 717 426 767 debilitauerant,
459 716 580 772 prelii
612 722 802 772 tempore
833 721 1072 772 protractos
1104 717 1245 759 hostes
1277 717 1534 772 profundum

87 780 233 831 petere
263 778 507 829 coegerunt.
569 773 618 816 In
651 789 833 831 quorum
864 778 1000 817 morte
1029 775 1138 830 Ingo
1179 775 1407 817 maximam
1445 775 1535 830 spei

87 838 250 889 partem
282 832 499 889 deposuit,
540 846 618 874 nec
661 847 782 875 secus
821 833 958 875 animo
999 847 1128 889 quam
1167 832 1329 875 uiribus
1361 833 1533 883 fractus,

87 892 319 934 exiciosum
343 891 420 932 sibi
443 891 634 933 fidissimi
655 890 834 932 fautoris
857 890 1051 946 Gregorii
1082 891 1298 933 interitum
1323 892 1533 933 ominatus

88 953 163 991 est.
225 949 412 991 Tandem
445 950 683 991 instaurato
719 949 843 1003 bello,
874 949 948 992 sed
981 948 1122 991 adhuc
1144 948 1293 991 eodem
1325 963 1533 1005 aquarum

87 1007 235 1050 habitu
256 1008 519 1063 persistente,
541 1007 672 1049 nihilo
695 1007 856 1049 felicius
882 1007 1089 1061 Gregorio
1111 1007 1302 1062 glacialis
1336 1007 1534 1049 elementi

87 1065 301 1107 fortunam
332 1065 525 1107 tentauit.
586 1065 818 1120 Siquidem,
850 1067 992 1121 gelato
1015 1066 1123 1108 mari
1153 1066 1195 1107 in
1216 1079 1360 1121 pugne
1389 1067 1534 1108 locum

87 1125 236 1176 electo,
258 1123 356 1165 dum
380 1124 471 1165 eius
493 1123 654 1165 duricia
675 1124 796 1179 quasi
819 1137 1067 1179 camporum
1088 1123 1289 1166 firmitate
1312 1123 1533 1178 gauderet,

87 1196 328 1238 quanquam
368 1182 547 1223 militum
589 1196 765 1224 numero
795 1186 1041 1238 prestaret,
1074 1195 1168 1223 cum
1199 1181 1392 1224 omnibus
1426 1196 1532 1238 pene

86 1240 217 1294 copiis
257 1240 536 1295 interemptus
579 1243 661 1292 est3
700 1240 907 1296 luensque
947 1254 1078 1296 penas
1124 1254 1199 1282 seu
1241 1239 1414 1290 admissi
1457 1254 1534 1282 seu

85 1298 256 1340 tolerati
287 1297 500 1354 parricidii
539 1298 734 1340 fraternis
767 1299 927 1341 umbris
957 1298 1127 1354 piacula
1167 1298 1363 1340 exsoluit.
1436 1297 1533 1340 Hoc

86 1357 222 1411 bello,
254 1370 337 1412 quo
368 1354 532 1398 nullum
563 1357 698 1399 maius
741 1360 815 1398 aut
858 1357 1079 1399 cruencius
1110 1355 1329 1411 Noruagia
1371 1356 1532 1408 habuit,

87 1415 331 1457 uniuersum
361 1415 483 1470 regni
513 1414 623 1457 illius
655 1415 852 1457 columen
882 1428 1017 1470 prope
1055 1414 1223 1456 modum
1257 1429 1282 1456 a
1311 1414 1442 1470 stirpe
1472 1415 1533 1456 in-

88 1473 212 1516 teriit.
273 1472 414 1515 Huius
460 1472 591 1515 cladis
642 1470 869 1529 supe1·1stes
920 1472 1119 1524 Erlingus
1170 1486 1265 1514 cum
1316 1472 1402 1514 filio
1455 1487 1531 1515 suo

86 1530 243 1586 Magno
284 1531 338 1572 ad
378 1530 547 1573 modum
588 1531 790 1598 paruulo,
831 1530 905 1573 sed
947 1531 1000 1573 ad
1031 1530 1357 1574 Waldemarum
1393 1534 1532 1573 artam

85 1589 267 1632 materni
287 1589 457 1644 generis
476 1589 836 1646 propinquitatem
861 1589 1060 1644 habente,
1092 1588 1146 1631 ad
1167 1589 1322 1630 Iutiam
1351 1589 1532 1644 appulit,

84 1647 227 1703 ibique
256 1647 299 1688 in
333 1662 497 1689 summa
536 1647 649 1703 regis
681 1647 933 1702 dignacione
965 1651 1186 1701 uersatus,
1230 1646 1385 1689 uberes
1416 1646 1533 1689 exilii

84 1705 299 1761 impensas
330 1710 372 1748 et
404 1705 662 1761 amplissima
684 1709 998 1748 commeatuum
1019 1706 1298 1748 instrumenta
1330 1704 1532 1772 percepit.

85 1763 257 1805 Interea
288 1762 491 1806 Siuardus
525 1763 716 1819 quidam,
746 1778 824 1819 per
853 1778 1063 1807 summam
1106 1763 1440 1805 commilitonum
1470 1763 1533 1804 in-

85 1821 256 1875 uidiam,
287 1821 549 1863 fortitudinis
580 1822 789 1877 premium
821 1826 1092 1888 recepturUS,
1123 1821 1210 1864 dux
1242 1821 1295 1862 ab
1327 1819 1531 1877 Haquino

84 1854 368 1929 constituitur,
390 1879 530 1947 idque,
553 1894 655 1935 egre
678 1879 913 1923 ferentibus
945 1879 1109 1932 ceteris,
1142 1892 1304 1921 summe
1329 1878 1533 1920 sedicioni

83 1937 224 1979 locum
257 1937 454 1990 dedisset,
485 1938 528 1979 ni
559 1938 762 1993 Erlingus
791 1943 967 1994 repente
999 1954 1021 1980 e
1046 1938 1186 1980 Dania
1208 1938 1531 1992 superueniens,

83 1994 251 2038 interne
271 1995 472 2037 faccionis
497 2001 711 2039 certamen
732 1997 982 2052 rumpendo,
1005 2011 1167 2038 nouum
1189 1995 1378 2037 hostibus
1402 2008 1533 2050 nego-

83 2053 193 2094 cium
236 2054 483 2109 peperisset.
557 2053 727 2120 Quippe
767 2055 1002 2111 predictum
1038 2054 1191 2105 filium,
1232 2052 1345 2108 quod
1379 2057 1531 2095 matel-

83 2125 183 2152 num
228 2125 363 2166 genus
403 2125 498 2153 cum
541 2112 687 2168 priscis
718 2111 937 2168 Noruagie
977 2112 1146 2166 regibus
1186 2111 1532 2164 communicaret,

84 2182 229 2224 regem
269 2169 468 2212 continuo
513 2170 772 2224 nominauit,
815 2185 868 2213 ne
909 2175 983 2212 aut
1015 2169 1216 2226 Haquino
1263 2169 1429 2211 emulus
1459 2173 1533 2210 aut

83 2226 238 2282 Ingoni
280 2228 393 2269 ultor
433 2227 616 2270 deesset.
677 2228 749 2271 Ita
788 2228 909 2272 nouis
941 2229 1068 2270 rebus
1109 2226 1531 2279 increbrescentibus,

84 2284 313 2351 Haquinus
345 2299 371 2327 a
402 2284 599 2338 Siuardo,
632 2285 747 2342 quod
779 2286 817 2329 ei
847 2286 1060 2342 impensas
1093 2285 1193 2327 belli
1214 2289 1426 2340 negasset,
1457 2283 1532 2326 de-

83 2343 246 2393 seritur,
279 2343 454 2399 acieque
477 2357 572 2386 cum
595 2344 753 2399 Magno
787 2358 1038 2410 congressus
1068 2342 1284 2386 occiditur.
1328 2341 1531 2384 Siuardus

83 2399 136 2441 ad
178 2400 367 2443 Suetiam
409 2401 619 2458 dilapsUS,
661 2402 760 2444 dum
801 2402 1033 2444 interiectis
1079 2401 1228 2444 diebus
1267 2400 1309 2442 in
1350 2401 1530 2456 patriam

83 2459 336 2510 reuertitur,
380 2458 434 2501 ab
466 2458 631 2515 Erlingi
671 2460 875 2502 militibus
916 2459 1183 2502 interficitur.
1245 2458 1339 2507 Quo
1373 2457 1533 2511 euenit,

84 2518 131 2557 ut
176 2516 357 2559 obscura
399 2522 439 2559 et
484 2518 662 2573 ignobili
707 2516 810 2560 cede
858 2518 1053 2574 spiritum
1099 2517 1356 2572 deponeret,
1403 2530 1532 2571 quem

83 2573 264 2616 honeste
294 2574 338 2617 in
370 2575 458 2617 acie
488 2575 757 2642 profundere
782 2575 1002 2619 noluisset.
1063 2575 1123 2617 At
1154 2574 1225 2630 qui
1256 2587 1311 2616 ex
1343 2572 1533 2629 Haquini

83 2631 236 2674 milicia
281 2633 602 2690 superfuerant,
649 2633 803 2690 partim
850 2647 1057 2677 nouarum
1100 2646 1239 2674 rerum
1282 2631 1531 2687 cupiditate,

1589 1486 1618 1511 p.
1636 1477 1688 1504 702
