1884 3126
21 861 55 888 10

17 1439 56 1468 20

17 1731 55 1759 25

19 2020 56 2047 30

19 2309 56 2337 35

20 2612 57 2641 40

677 203 950 247 -Χ-
1455 207 1538 250 333

88 333 259 376 liberius
302 334 457 375 erroris
498 334 563 375 sui
595 346 812 375 recursum
857 334 1083 390 complexi,
1116 349 1199 391 quo
1232 336 1392 377 cercius
1425 349 1538 377 ama-

89 392 299 434 rissimum
333 393 423 434 eius
456 393 810 447 reprehensorem
843 393 1043 435 occidisse
1066 399 1367 448 cognouerant.
1402 393 1540 441 Quam

89 450 370 492 temeritatem
418 450 578 492 uindex
621 455 892 506 contemptus
933 452 998 492 sui
1040 451 1236 492 diuinitas
1279 465 1362 493 non
1406 466 1540 506 parua

86 523 230 551 rerum
252 508 487 551 acerbitate
510 509 718 564 pensauit,
742 514 959 550 auctorem
984 509 1073 550 eius
1097 509 1345 551 tristissimis
1367 509 1539 551 fortune

86 567 249 608 uicibus
302 567 500 608 insecuta.
580 567 726 622 Ipsum
788 580 972 622 namque
1035 568 1271 609 deserendo
1323 567 1537 622 religionis

87 625 237 666 ducem
276 639 481 680 perquam
529 626 719 680 grauiter
766 625 964 666 affectum
1012 625 1327 667 uiolentissimis
1371 626 1538 667 casibus

86 683 302 738 implicare
333 697 418 724 non
451 683 626 735 destitit,
657 683 837 738 letisque
870 684 1135 724 successibus
1166 684 1393 739 spoliatum
1426 698 1538 725 amn-

87 756 179 782 rum
225 742 311 782 uite
352 756 475 782 usum
517 742 701 796 experiri
748 742 896 797 coegit.
962 742 1131 797 Quippe
1168 757 1193 783 a
1235 741 1356 783 Iulini
1393 742 1539 797 oppidi

87 799 258 851 accolis,
290 800 468 855 piratica
509 799 692 841 Daniam
733 799 1062 852 incessentibus,
1106 804 1265 855 captus,
1305 800 1416 841 facta
1459 801 1536 842 sibi

86 857 320 899 redimendi
351 860 579 913 potestate,
613 872 766 913 corpus
800 872 924 899 suum
956 873 1060 900 auro
1095 858 1238 910 semel,
1270 864 1451 913 argento
1475 858 1537 900 bis

89 915 409 971 rependendum
453 916 658 971 promisit.
722 916 784 957 Ea
827 931 990 957 summa
1034 930 1057 957 a
1103 916 1238 958 Danis
1285 918 1337 958 ob
1372 917 1539 958 deserta

89 988 208 1015 sacra
239 974 367 1014 nimio
401 988 499 1015 eum
530 973 680 1016 fauore
712 974 1067 1030 prosequentibus
1102 974 1357 1028 contributa,
1399 975 1536 1029 patrie

89 1032 324 1084 restitutus,
372 1032 643 1074 nihilominus
677 1033 823 1074 oculos
857 1032 1113 1074 densissimis
1146 1033 1389 1087 ignorancie
1420 1037 1536 1075 tene-

90 1090 175 1130 bris
215 1090 386 1132 obfusos
435 1091 662 1146 conspicue
703 1090 808 1131 lucis
851 1091 977 1132 radiis
1010 1091 1238 1133 admouere
1270 1092 1535 1145 contempsit.

90 1146 318 1189 Enimuero
365 1149 537 1203 plenum
584 1149 776 1204 nequicie
808 1153 1049 1204 portentum
1082 1154 1350 1204 paternoque
1383 1150 1535 1202 anifmo

86 1221 236 1262 parum
259 1207 521 1261 respondens
553 1207 605 1248 ab
639 1207 794 1248 eximio
829 1208 917 1249 eius
949 1207 1175 1262 splendore
1206 1207 1248 1247 in
1278 1207 1536 1262 profundum

87 1264 277 1319 caliginis
325 1265 524 1306 secedere
555 1278 640 1306 non
674 1265 856 1307 erubuit.
919 1264 1002 1306 Sed
1050 1265 1117 1306 cui
1163 1266 1336 1320 propria
1381 1265 1535 1307 damno

86 1322 204 1364 labes
249 1323 403 1373 extitit,
443 1323 581 1365 aliena
625 1323 719 1364 usui
764 1322 1001 1377 benignitas
1046 1323 1138 1363 fuit.
1198 1323 1316 1364 Idem
1347 1324 1534 1365 secundo

89 1381 291 1422 consimili
323 1380 493 1422 fortuna
525 1381 716 1435 affectus,
760 1381 964 1422 nobilium
999 1381 1139 1423 liberis
1172 1381 1351 1422 uadibus
1383 1395 1459 1436 pro
1492 1397 1535 1423 se

86 1437 193 1480 datis
228 1439 461 1494 priorisque
493 1453 656 1481 summe
691 1440 892 1494 paccione
923 1440 1195 1494 interposita,
1228 1439 1536 1494 redempcionis

87 1497 319 1551 presidium
350 1498 607 1552 impetrauit.
672 1497 756 1539 Sed
789 1512 883 1538 cum
906 1495 1189 1551 promissum*
1213 1511 1256 1537 es
1280 1512 1332 1538 ex
1365 1500 1535 1552 proprio

88 1555 189 1596 fisco
220 1556 388 1597 soluere
420 1555 626 1611 nequir-et,
662 1555 868 1608 omnibus,
910 1556 980 1610 qni
1020 1570 1095 1610 pro
1138 1555 1273 1596 salute
1305 1556 1394 1597 eius
1428 1556 1535 1596 filios

86 1614 256 1667 proprio
310 1614 459 1668 spiritu
505 1614 688 1655 cariores
735 1614 886 1669 predes
935 1613 1151 1666 dederant,
1200 1627 1311 1654 nunc
1351 1614 1534 1667 publice,

85 1684 196 1711 nunc
242 1672 440 1726 priuatim
492 1672 625 1713 saltus
676 1685 724 1713 ac
771 1685 945 1712 nemora
987 1671 1250 1724 uenditabat,
1302 1685 1535 1727 corumque

85 1729 273 1783 precium
324 1730 514 1785 protinus
564 1730 822 1785 captiuitatis
872 1743 946 1770 sue
994 1729 1240 1770 auctoribus
1282 1731 1533 1772 numerauit.

87 1786 317 1830 Enimuero
351 1787 476 1829 Scani
508 1802 556 1829 ac
589 1788 887 1829 Sialandenses
925 1801 1171 1829 communes
1204 1787 1331 1828 siluas
1364 1788 1534 1841 publico

88 1858 158 1886 ere
201 1852 567 1902 comparauernnt.
629 1846 758 1901 Apud
802 1846 957 1887 Iutiam
997 1860 1098 1886 uero
1136 1858 1220 1886 non
1250 1845 1329 1885 nisi
1368 1845 1535 1887 familiis

87 1904 413 1959 propinquitatis
445 1904 554 1945 serie
587 1904 885 1946 coherentibus
918 1904 1148 1957 empcionis
1180 1904 1419 1944 communio
1446 1904 1534 1945 fuit.

226 1961 289 2003 Eo
342 1967 534 2016 tempore
585 1963 761 2016 piratice
811 1976 913 2003 usus
959 1961 1114 2002 nostris
1168 1961 1323 2013 creber,
1373 1961 1534 2003 Sclauis

86 2032 284 2073 perrarus
316 2020 467 2072 extitit,
513 2020 584 2075 qui
629 2020 682 2062 ob
724 2019 801 2060 hoc
844 2019 973 2060 lacius
1017 2019 1068 2059 ad
1102 2032 1173 2060 eos
1206 2033 1378 2060 manare
1411 2021 1534 2074 cepit,

91 2077 201 2131 quod
235 2077 363 2118 Iulini
398 2077 539 2133 oppidi
574 2079 718 2132 pirate,
744 2078 891 2142 patrie
922 2076 1073 2118 studiis
1105 2076 1331 2118 aduersum
1355 2079 1531 2132 patriam

89 2135 165 2187 usi,
200 2149 250 2176 eo
284 2135 469 2176 maxime-
483 2135 627 2187 Danis,
647 2136 772 2201 ‘quod
797 2135 882 2175 ab
872 2148 1060 2200 lpsorum
1083 2135 1263 2189 ingeniis
1286 2140 1504 2177 tiNaxeiant
1510 2134 1532 2191 ,ll

88 2198 337 2235 nocuerunt.
428 2192 566 2241 Quem
644 2193 946 2234 incursacionis
999 2206 1155 2234 morem
1207 2193 1360 2234 nostris
1412 2195 1533 2235 annis

90 2250 354 2292 WValdemari
386 2252 498 2305 regis
529 2251 786 2306 maximique
818 2250 1026 2307 pontificis
1059 2251 1285 2292 Absalonis
1326 2264 1535 2306 propense

87 2323 162 2363 pro
196 2309 358 2350 ciuibus
390 2283 571 2350 exocubie
613 2308 878 2350 domuerunt.
906 2308 911 2360 Ι
943 2307 1134 2356 Quorum
1165 2313 1369 2350 strennuo
1402 2311 1531 2350 inter-

90 2371 222 2408 uentu
254 2366 505 2422 tranquillus
535 2367 658 2408 terris
693 2366 830 2407 cultus
852 2366 1025 2419 geritur,
1058 2370 1151 2407 tuta
1172 2367 1290 2421 aquis
1312 2367 1534 2421 nauigacio

92 2425 345 2466 celebratur.

227 2482 286 2523 At
329 2482 485 2534 Sueno,
531 2481 855 2537 oppressionum
897 2496 1068 2523 suarum
1108 2481 1341 2523 uindictam
1383 2482 1534 2524 siciens

89 2540 360 2596 maximeque
392 2540 591 2591 Iulinum,
637 2540 813 2595 perinde
855 2554 906 2580 ac
947 2540 1230 2582 scelestissimi
1272 2540 1536 2581 contubernii

88 2598 364 2652 domicilium,
417 2597 544 2639 armis
590 2601 782 2640 euertere
827 2597 1023 2654 cupiens,
1074 2598 1233 2651 sinum,
1284 2611 1368 2653 quo
1409 2597 1535 2641 Moen

1592 1166 1621 1190 ρ.
1640 1157 1691 1184 492

1600 2204 1683 2236 (187)

1585 2326 1613 2352 p.
1632 2318 1684 2344 493
