1884 3126
81 1355 97 1381 5

59 1644 95 1672 10

60 1934 96 1962 15

58 2223 96 2252 20

59 2513 96 2541 25

493 858 757 916 SAXONIS
797 862 1185 918 GRAMMATICI

455 999 868 1044 HISTORIE
927 1003 1245 1046 DANICE

545 1131 692 1164 LIBER
720 1131 904 1166 SEXTVS
931 1133 1155 1167 DECIMVS.

279 1243 482 1317 Peractis
505 1275 664 1318 inferiis
686 1291 942 1333 corporeque
964 1280 1079 1333 regio
1106 1279 1427 1322 honoratissime
1450 1281 1566 1323 fune-

128 1342 232 1391 rato,
258 1339 465 1394 Kanutus,
489 1341 756 1382 monentibus
779 1342 956 1393 arbitris,
981 1342 1265 1396 festinacione,
1289 1358 1367 1398 qua
1389 1359 1566 1399 regnum

129 1397 216 1452 peti
247 1398 488 1453 firmarique
521 1399 728 1453 oportuit,
772 1400 813 1440 in
853 1400 1011 1447 Iutiam
1038 1401 1226 1452 secessit,
1260 1406 1456 1456 paternos
1487 1403 1566 1444 sibi

130 1455 283 1497 milites
325 1456 598 1510 obligaturus.
659 1456 807 1512 Neque
848 1458 960 1498 enim
999 1458 1059 1499 illi
1101 1472 1252 1500 nomen
1283 1460 1445 1513 regium
1477 1475 1564 1501 am-

129 1513 327 1555 biendum
359 1514 565 1563 restabat,
611 1514 720 1569 quod
761 1516 973 1556 unccionis
1014 1530 1085 1557 sue
1116 1521 1303 1570 tempore
1335 1518 1565 1559 solenniter

129 1570 306 1626 adeptus
338 1571 490 1613 fuerat.
551 1572 602 1613 In
633 1573 828 1614 concione
861 1573 1131 1627 Wibergensi
1162 1573 1379 1616 beniuolos
1411 1575 1565 1616 ciuium

127 1629 287 1671 animos
320 1629 544 1685 expertus,
577 1630 688 1684 apud
722 1629 1024 1687 V[e]rnensem
1054 1632 1181 1672 tacita
1221 1632 1481 1685 quorundam
1514 1633 1566 1673 si-

129 1687 307 1728 multate
338 1701 586 1742 compressa,
619 1688 710 1743 pari
741 1693 971 1730 ceterorum
994 1689 1140 1730 fauore
1163 1689 1380 1743 excipitur.
1423 1690 1565 1744 Atque

129 1745 188 1786 ita
218 1746 354 1800 patrie
386 1760 590 1787 consensu
620 1746 739 1800 regni
770 1746 890 1787 heres
913 1746 1101 1789 efficitur.
1143 1747 1312 1787 Interea
1334 1747 1563 1788 Scanorum

129 1803 320 1858 populus,
361 1804 507 1845 laxata
549 1803 627 1845 sibi
667 1803 839 1858 pristine
870 1804 1105 1859 petulancie
1136 1804 1254 1845 frena
1292 1805 1401 1858 regis
1434 1810 1564 1846 morte

130 1861 322 1915 gauisus,
365 1861 494 1903 cladis
542 1862 655 1917 apud
699 1861 860 1902 Disiam
902 1866 1077 1917 pontem
1102 1859 1295 1916 >pe1¹{acte
1336 1862 1500 1916 piacula
1540 1877 1564 1903 a

128 1919 388 1974 principibus
419 1920 589 1974 exigere
621 1920 859 1971 constituit,
904 1934 978 1974 per
1019 1932 1123 1973 quos
1163 1919 1383 1961 carissimis
1425 1933 1565 1961 neces-

127 1976 355 2018 situdinum
397 1978 558 2019 solaciis
600 1977 768 2018 orbatus
812 1977 950 2018 fuerit.
1021 1977 1102 2018 Sed
1144 1982 1184 2018 et
1224 1976 1342 2018 Acho
1381 1977 1564 2031 quidam,

128 2034 342 2076 Tubbonis
372 2035 498 2089 filius,
531 2035 665 2090 plenis
707 2035 956 2076 temeritatis
989 2035 1162 2090 eloquiis
1198 2035 1562 2088 flagrantissimam

128 2092 320 2134 ciuilibus
351 2093 472 2134 malis
504 2093 638 2134 facem
669 2092 929 2145 subiiciebat,
962 2093 1144 2134 extincte
1177 2096 1218 2133 et
1249 2093 1332 2133 iam
1364 2106 1470 2147 pene
1503 2106 1564 2134 se-

128 2151 245 2204 pulte
277 2151 449 2192 Scanice
490 2151 709 2193 sedicionis
750 2151 948 2205 reliquias
988 2150 1237 2192 suscitando.
1298 2148 1425 2190 Cuius
1466 2149 1566 2190 mali

126 2208 384 2263 impediendi
415 2206 557 2263 gracia
587 2208 773 2250 Absalon
806 2209 849 2249 in
881 2208 1074 2249 Scaniam
1105 2213 1410 2261 transgressus,
1451 2207 1563 2261 apud

128 2266 296 2321 plenam
343 2267 618 2321 malignitatis
664 2268 909 2309 concionem
959 2267 1150 2307 oracione
1196 2265 1364 2305 liberius
1411 2277 1535 2318 quam
1553 2262 1565 2319 Η

130 2323 339 2366 efficacius
360 2324 517 2375 habita,
540 2339 564 2365 a
586 2325 709 2379 plebe
731 2325 949 2376 deseritur,
976 2323 1170 2365 faccionis
1194 2322 1412 2376 principes,
1434 2321 1561 2362 alium

130 2382 402 2423 concionandi
433 2383 569 2423 locum
602 2383 853 2437 complexos,
886 2386 1068 2436 petente.
1119 2381 1306 2428 Quorum
1330 2384 1414 2420 tam
1445 2383 1564 2433 petu-

130 2439 220 2481 lans
252 2454 300 2480 ac
330 2454 505 2495 preceps
536 2440 712 2481 audacia
744 2443 845 2489 erat,
877 2444 924 2479 ut
954 2440 1070 2493 equis
1110 2437 1332 2478 insidentes
1372 2440 1564 2477 cunctam

129 2497 278 2539 Scanie
309 2498 478 2552 plebem
509 2498 563 2538 ad
595 2497 775 2538 eundem
806 2497 954 2548 locum,
986 2496 1180 2538 sementis
1221 2494 1360 2549 spacio
1401 2498 1562 2547 exacto,

131 2555 250 2610 quasi
280 2556 434 2597 tuende
476 2555 681 2596 libertatis
725 2555 866 2609 gracia
906 2554 1112 2595 armatam
1140 2551 1275 2593 redire
1315 2550 1390 2592 sub
1428 2550 1563 2592 edicto

130 2613 332 2655 iuberent.
394 2614 484 2662 Que
515 2627 580 2654 res
612 2612 819 2654 Absaloni
853 2611 1109 2652 Sialandiam
1147 2608 1363 2664 repetendi
1396 2621 1563 2649 causam

199 2686 280 2713 Saxo
300 2687 535 2715 Grammaticus,
1383 2676 1426 2710 42

1582 877 1752 906 cxcnlh

1617 921 1644 945 p.
1663 913 1716 940 959

1616 2330 1711 2365 (374)
