1884 3126
303 269 384 310 662
852 290 900 296 -
963 262 1069 305 XVI
1131 288 1182 293 -
1879 231 1884 295 ἕ

302 392 512 435 sollicitat.
575 391 702 432 Cuius
735 391 920 433 holtatui
952 389 1242 445 Bogyszlauus
1276 388 1446 444 pionius
1484 402 1607 443 quam
1640 401 1735 443 pru-

302 450 472 492 dencius
505 448 748 500 obsecutus,
789 446 862 489 sed
909 447 1062 489 bellum
1104 446 1333 489 aduersum
1368 445 1549 487 Daniam
1590 446 1734 500 palam

301 512 429 562 atque
480 509 623 561 aperte
668 505 855 560 profiteri
901 519 985 546 non
1017 519 1160 558 ausus,
1207 505 1387 559 primum
1433 503 1630 545 auunculi
1670 504 1736 545 sui

301 564 516 619 Iarimari‚
565 563 706 617 Rugie
765 562 964 617 prefecti,
1011 561 1016 616 Ι
1062 562 1233 616 quesitis
1272 561 1532 603 simultatum
1584 562 1734 627 causis,
1787 579 1813 604 1»-
1834 571 1866 596 9⁶

252 635 270 663 5
300 622 462 664 hostem
493 634 618 675 agere
651 620 774 675 cepit,
798 619 1025 662 Oesariane
1059 619 1206 661 milicie
1226 624 1466 673 respectum
1497 618 1738 660 arctissimis

303 679 515 721 affinitatis
532 678 710 719 uinculis
727 676 994 732 preferendo.
1029 677 1133 742 Qua·
1139 676 1191 718 de
1205 690 1248 718 re
1262 677 1459 718 Kanutus
1475 690 1552 731 per
1566 676 1738 718 Iarima-

302 751 397 777 rum
414 736 575 779 cercior
588 736 736 787 factus,
752 735 857 776 mitti
872 735 1047 786 curauit,
1065 735 1136 790 qui
1154 748 1320 776 causam
1338 749 1362 776 a
1381 734 1633 788 Bogiszlauo
1652 738 1738 775 tam

302 794 439 836 subite
472 794 643 835 lesionis
676 793 952 848 inquirerent.
1017 792 1097 834 Ille
1128 806 1212 833 non
1245 806 1409 847 regem,
1441 805 1523 833 non
1557 791 1740 834 Daniam

302 866 328 893 a
344 852 404 893 sel
422 851 502 904 edi,
521 850 594 893 sed
613 849 888 904 iniu[iu]riam
910 864 935 891 a
955 849 1160 892 Iarimaro
1185 849 1343 891 illatam
1367 849 1514 905 repelli
1544 853 1739 900 testatus,

234 923 271 951 10
302 922 563 951 communem
616 907 948 950 controuersiam
993 922 1068 962 per
1117 907 1334 962 utriusque
1379 908 1568 962 legatos,
1615 907 1740 948 armis

302 967 470 1009 interim
513 966 739 1020 depositis,
782 964 835 1006 ad
876 965 987 1020 regis
1018 965 1309 1020 cognicionem
1348 964 1495 1007 referri
1537 965 1740 1020 deposcit,

304 1024 569 1078 eundemque
601 1024 715 1078 pacis
738 1024 848 1065 inter
879 1037 924 1064 se
947 1022 1138 1065 faciende
1160 1027 1374 1065 auctorem
1406 1023 1580 1078 flagitat,
1601 1022 1741 1064 uerbis

305 1081 637 1123 beniuolenoiam
676 1081 971 1122 simulantibus
1013 1081 1289 1137 simplicitatis
1330 1081 1454 1122 fidem
1488 1079 1741 1135 pretendere

305 1141 486 1196 cupiens
529 1139 665 1194 Igitur
686 1152 785 1192 rege
807 1138 910 1180 nihil
932 1138 1179 1180 insidiarum
1212 1143 1284 1180 aut
1305 1138 1480 1194 perfidie
1510 1141 1741 1191 metuente,

235 1211 272 1239 15
305 1211 429 1239 cause
474 1196 667 1238 diceionis
708 1197 797 1238 dies
838 1196 1042 1251 locusque
1082 1196 1332 1238 decernitur.
1394 1195 1522 1251 Apud
1562 1195 1742 1238 insulam

305 1254 457 1297 deinde
489 1255 700 1306 Samsam,
735 1269 819 1296 non
852 1255 992 1295 solum
1024 1254 1148 1295 huius
1179 1254 1344 1307 negocii
1377 1253 1637 1309 explicandi,
1667 1252 1742 1294 sed

305 1313 438 1354 eciam
467 1312 567 1354 iuris
601 1312 731 1353 ciuilis
765 1311 1016 1354 emendandi
1047 1312 1188 1378 gracia
1208 1312 1370 1366 ingenti
1392 1311 1612 1353 nobilitate
1645 1325 1742 1353 con-

303 1373 451 1424 tracta,
485 1370 705 1411 amborum
755 1370 920 1424 legatos
972 1370 1151 1425 excepit.
1225 1370 1414 1418 Quorum
1465 1369 1743 1411 altercacione

305 1427 534 1470 solenniter
575 1427 741 1479 audita,
783 1442 878 1469 cum
908 1428 950 1469 in
984 1427 1233 1468 Iarimarum
1266 1428 1484 1482 complura
1519 1427 1738 1481 loquacius

234 1497 272 1526 20
303 1500 432 1541 quam
463 1485 601 1526 ueiius
636 1485 961 1540 obiectarentur,
994 1498 1043 1525 ac
1072 1490 1246 1540 propter
1276 1485 1566 1541 principalium
1598 1498 1741 1540 perso-

304 1557 452 1584 narum
476 1543 719 1585 absenciam
741 1544 953 1585 sentencia
975 1542 1260 1597 impediretur,
1281 1557 1305 1584 a
1325 1543 1565 1598 Bogiszlaui
1591 1542 1740 1597 legatis

303 1601 412 1642 ultro
446 1601 714 1642 iureiurando
746 1602 998 1657 promissum
1032 1604 1117 1654 est,
1150 1615 1270 1654 eum,
1303 1614 1399 1642 cum
1438 1602 1622 1656 primum
1653 1599 1742 1654 regi

303 1658 504 1713 placitum
536 1658 674 1711 foret,
706 1659 748 1700 in
789 1673 875 1701 rem
907 1663 1145 1714 presentem
1178 1663 1418 1702 uenturum.
1481 1659 1548 1700 Ita
1578 1659 1620 1700 in
1655 1657 1742 1699 elu-

305 1716 440 1757 dendo
486 1730 587 1770 rege
628 1731 712 1758 non
753 1715 951 1771 minor[e]
992 1717 1228 1770 legatorum
1273 1731 1396 1771 quam
1442 1717 1554 1768 eius,
1594 1730 1618 1756 a
1658 1728 1740 1770 quo

234 1785 271 1813 25
304 1774 418 1815 missi
450 1780 582 1826 erant,
615 1773 820 1816 calliditas
852 1774 1115 1816 uersabatur.
1142 1775 1148 1824 l
1189 1774 1378 1822 Quorum
1409 1774 1624 1829 promissis
1654 1772 1742 1814 Ka·
1794 1788 1823 1813 r·

304 1835 431 1873 nutus
474 1832 662 1873 securius
693 1846 817 1886 quam
863 1832 1033 1874 caucius
1067 1832 1297 1885 estimatis,
1329 1831 1504 1873 concilio
1537 1832 1651 1874 ocius
1684 1830 1743 1871 di-

304 1890 445 1942 misso,
476 1890 516 1929 in
549 1889 705 1930 Iutiam
737 1890 930 1938 secessit,
969 1889 1202 1932 fortissimis
1242 1890 1478 1945 quibusque
1510 1889 1742 1930 Scanorum

303 1960 353 1987 ac
383 1946 722 1988 Sialandensium
763 1952 927 1989 tantam
959 1948 1039 1989 ocii
1069 1948 1417 2003 tranquillitatem
1460 1946 1742 1997 causantibus,

304 2018 431 2060 seque
463 2005 589 2045 nimia
620 2006 703 2046 iam
734 2005 873 2060 quiete
905 2006 945 2047 in
979 2004 1181 2047 desidiam
1215 2005 1412 2060 prouolui
1453 2005 1741 2060 querentibuS‚

235 2073 272 2101 30
302 2061 432 2114 longo
465 2061 710 2104 deliciarum
741 2077 819 2104 usu
853 2077 1033 2105 enerues
1057 2064 1215 2105 animos
1246 2076 1405 2116 gerere,
1439 2063 1509 2115 qui
1541 2062 1619 2103 sub
1641 2074 1741 2115 rege

305 2119 579 2162 Waldemaro
630 2121 764 2162 tocius
805 2120 936 2162 ferme
979 2122 1076 2162 anni
1128 2126 1294 2175 tempus
1336 2120 1556 2175 multiplici
1602 2133 1740 2160 rerum

304 2177 539 2231 agitacione
570 2178 774 2233 uarioque
806 2179 958 2220 milicie
989 2193 1145 2232 genere
1178 2178 1386 2220 deducere
1428 2177 1738 2220 consueuerint.

304 2233 412 2276 Nam
443 2235 631 2276 militaris
663 2236 825 2278 robmis
849 2251 1004 2279 neruos
1037 2237 1143 2277 sicut
1165 2237 1257 2277 ocio
1277 2235 1467 2277 hebetari
1490 2249 1538 2275 ac
1559 2232 1741 2287 remitti,¹l

303 2292 362 2334 ita
402 2293 578 2348 negocio
618 2293 779 2335 intendi
823 2295 1096 2348 excitarique.
1170 2294 1305 2349 Igitur
1348 2292 1535 2335 acuende
1573 2292 1740 2334 uirtutis
1764 2295 1835 2331 (37[

236 2336 277 2421 35,
304 2351 446 2405 gracia
485 2350 702 2407 piraticam
746 2351 972 2393 aduersum
1004 2351 1186 2393 Estones
1226 2351 1266 2393 in
1308 2365 1530 2392 commune
1571 2350 1741 2391 decerni

302 2409 475 2464 placuit.
516 2408 632 2450 Inter
654 2409 732 2450 hec
754 2409 1047 2465 Bogiszlauus‚
1078 2410 1274 2451 hortante
1298 2409 1470 2459 cesare,
1502 2422 1586 2449 non
1606 2408 1741 2449 solum

302 2467 450 2521 patriis
492 2480 541 2508 ac
571 2466 812 2509 domesticis
844 2468 1003 2509 uiribus
1034 2467 1285 2520 instructus,
1326 2466 1401 2508 sed
1435 2466 1563 2508 eciam
1596 2480 1620 2507 a
1651 2465 1741 2506 fini-

303 2524 413 2566 timis
443 2524 527 2566 late
559 2524 740 2580 presidia
762 2530 996 2577 mutuatus,
1028 2525 1254 2566 aduersum
1276 2524 1458 2579 Rugiam
1492 2523 1740 2579 quingenta-

303 2597 397 2624 rum
426 2582 595 2624 nauium
629 2583 804 2624 classem
836 2583 998 2637 ingenti
1029 2582 1131 2625 belli
1163 2588 1370 2637 apparatu
1401 2581 1600 2623 refertam
1643 2594 1740 2621 con-

235 2653 272 2693 40
303 2643 503 2693 traxerat.
564 2639 727 2690 Quibus
760 2640 891 2697 copiis
922 2640 1021 2693 nihil
1053 2640 1269 2690 hostilium
1292 2639 1441 2686 uirium
1475 2639 1740 2684 obstaturam
