1884 3126
69 857 100 884 10

68 1147 100 1174 15

65 1437 104 1464 20

65 1727 102 1754 ‘25

68 2017 105 2044 30

68 2306 106 2334 35

69 2598 106 2626 40

709 193 1004 236 —Ix-
1404 219 1407 222 Δ
1500 197 1581 240 319

133 323 358 379 saciusque
389 323 498 364 tueri
530 323 748 378 proprium
781 337 908 379 quam
935 323 1118 366 alienum
1149 325 1362 366 incessere
1395 323 1581 379 duceret,

132 382 265 436 magis
298 380 350 422 de
381 381 681 435 acquisitorum
724 381 915 422 custodia
960 396 1086 437 quam
1131 382 1486 438 acquirendorum
1515 383 1579 424 in-

133 444 346 481 cremento
389 439 610 481 sollicitus.
691 439 775 480 Hic
821 452 845 479 a
891 439 1120 482 maioribus
1169 440 1407 494 coniugalia
1456 454 1579 482 sacra

133 497 348 539 celebrare
387 494 677 552 per-monitus,
719 497 956 551 Anglorum
1002 498 1114 553 regis
1158 497 1394 540 Hedelradi
1434 498 1579 552 filiam,

130 556 317 604 Thiram,
348 555 533 610 nupciali
564 555 702 596 studio
726 555 942 596 insecutus
966 559 1041 596 est.
1074 556 1168 610 Illa,
1186 561 1233 597 ut
1259 561 1346 597 erat
1367 557 1579 611 grauitate

131 611 477 669 atqueindustria
499 617 597 654 ante
613 612 715 654 alias
731 619 939 668 prestans,
963 613 1253 656 condicionem
1277 627 1404 669 proco
1423 614 1579 668 attulit,

132 686 215 713 non
248 676 347 713 ante
377 684 423 712 se
453 670 491 712 ei
522 675 755 726 nupturam
785 670 960 726 prefata,
992 686 1116 727 quam
1150 672 1328 713 Daniam
1361 673 1439 713 sub
1470 672 1582 714 dotis

133 729 304 771 nomine
347 729 589 784 recepisset.
661 728 810 784 quue
856 735 980 784 pacto
1027 730 1332 782 intercedente,
1378 730 1581 772 Gormoni

134 788 356 843 desponsa,
388 791 525 838 nocte,
570 801 652 842 qua
690 788 822 842 prima
870 788 1079 842 genialem
1121 788 1291 829 thorum
1324 788 1581 843 conscendit,

133 859 335 903 sponsum
367 845 801 900 perseuerantissimis
833 846 1027 900 precibus
1060 859 1271 900 aggressa,
1320 847 1363 887 in
1394 846 1580 888 triduum

132 919 178 946 se
213 904 345 946 uirilis
393 903 644 944 concubitus
688 910 910 958 expertem
953 903 1107 944 dimitti
1151 904 1314 958 petiuit,
1355 918 1439 946 non
1481 909 1580 946 ante

132 962 258 1005 rebus
291 961 497 1004 Venereis
529 961 750 1015 indulgere
780 962 1056 1015 constituens,
1105 975 1229 1016 quam
1263 963 1577 1004 matrimonium

133 1020 323 1062 creandis
355 1020 496 1061 liberis
529 1019 684 1060 efficax
726 1019 917 1060 futurum
961 1020 1102 1075 aliquo
1140 1034 1215 1075 per
1258 1020 1443 1075 quietem
1488 1035 1580 1076 pre-

132 1079 249 1134 sagio
273 1077 501 1119 didicisset.
562 1077 715 1131 Itaque
737 1077 1007 1119 simulacione
1039 1079 1300 1119 continencie
1323 1079 1579 1120 matrimonii

132 1136 443 1192 experienciam
475 1135 788 1190 interpellabat,
822 1136 1116 1190 cognoscende
1148 1136 1408 1191 posteritatis
1430 1150 1581 1192 propo-

135 1195 260 1236 situm
295 1193 502 1249 pudicicie
534 1194 674 1249 specie
710 1193 945 1247 colorando,
983 1194 1367 1249 commerciumque
1398 1194 1579 1235 libidinis

135 1252 316 1303 distulit,
341 1253 346 1305 Ι
376 1251 634 1293 uerecundia
676 1252 878 1306 figmento
920 1252 1132 1293 fortunam
1174 1251 1449 1307 propag-ande
1489 1265 1581 1293 suc-

136 1310 336 1353 cessionis
370 1310 614 1364 explorans.
675 1309 759 1350 Alii
793 1323 899 1362 eam,
940 1314 986 1350 ut
1029 1311 1312 1365 tcmperancia
1352 1324 1429 1351 sua
1469 1309 1580 1351 thori

134 1370 294 1411 socium
340 1367 645 1410 Christianismi
691 1367 818 1409 sacris
873 1366 1181 1421 ad<s>cisceret,
1235 1368 1437 1408 maritalis
1483 1368 1581 1408 lecti

134 1426 366 1468 blandicias
427 1426 685 1467 detrectasse
747 1425 1000 1468 coniectant.
1091 1426 1279 1478 Verum,
1340 1439 1580 1481 quanquam

136 1484 301 1527 iuuenis
333 1485 467 1525 amori
508 1484 598 1526 eius
640 1484 967 1538 flagrantissimo
1009 1484 1148 1525 animo
1180 1484 1406 1535 inhereret,
1445 1484 1582 1525 aliene

138 1548 279 1585 tamen
311 1543 575 1598 continencie
621 1556 743 1597 quam
789 1543 960 1597 proprie
1016 1542 1226 1598 uoluptati
1274 1543 1446 1596 obsequi
1488 1557 1580 1596 pre-

136 1601 249 1653 tulit,
315 1601 636 1656 speciosiusque
686 1601 900 1641 nocturnis
954 1600 1135 1641 motibus
1186 1599 1394 1654 imperare
1453 1614 1579 1655 quam

134 1658 407 1714 lachrymosa
439 1659 574 1700 amice
605 1666 708 1700 uota
740 1658 944 1709 repellere
976 1657 1205 1698 arbitratus
1238 1663 1316 1710 est,
1370 1658 1580 1712 profectas

136 1717 190 1758 ab
220 1716 427 1758 industria
456 1730 602 1772 preces
624 1716 831 1772 pudicicie
855 1716 1112 1771 propinquas
1134 1720 1374 1758 autumans.
1407 1715 1581 1757 Euenit-

137 1789 232 1829 que,
264 1779 325 1828 ut,
358 1775 428 1830 qui
461 1775 600 1816 mariti
631 1779 773 1840 partes
805 1788 931 1828 agere
963 1774 1181 1824 debuerat,
1214 1773 1419 1829 pudicicie
1443 1778 1580 1815 custo-

137 1833 231 1874 dem
277 1837 502 1887 prestaret,
544 1847 598 1874 ne
638 1833 677 1874 in
722 1832 858 1887 capite
901 1832 1148 1886 nupciarum
1193 1836 1386 1887 stuprose
1429 1832 1580 1873 mentis

135 1897 237 1932 nota
269 1891 524 1939 afficeretur,
560 1891 681 1946 quasi
713 1891 807 1945 plus
839 1890 1019 1931 libidinis
1061 1889 1219 1931 uiribus
1252 1904 1377 1945 quam
1408 1890 1579 1945 proprie

138 1949 383 1991 indulsisset
414 1948 687 1990 uerecundie.
751 1947 964 2000 Ceterum,
995 1962 1048 1989 ne
1079 1948 1372 1989 inconcessum
1405 1948 1578 2002 uirginis

135 2021 324 2048 amorem
368 2006 593 2049 libidinoso
640 2006 862 2060 complexu
901 2007 1119 2062 preripere
1165 2005 1396 2056 uideretur,
1443 2006 1580 2047 uicina

138 2066 271 2106 latera
311 2078 396 2106 non
438 2065 575 2106 solum
618 2064 791 2105 alterius
836 2064 1127 2118 complexibus
1170 2064 1298 2116 exuit,
1342 2063 1414 2104 sed
1448 2064 1580 2105 eciam

138 2122 339 2164 destricto
373 2136 576 2163 mucrone
605 2123 799 2171 secreuit,
833 2127 957 2177 atque
981 2136 1034 2162 ex
1057 2122 1289 2163 cubiculari
1320 2121 1428 2162 lecto
1457 2136 1580 2162 suum

138 2194 188 2222 ac
225 2194 383 2235 sponse
425 2171 647 2221 diuiduum
692 2180 1018 2221 contubernium
1062 2179 1255 2221 1eddidit.
1317 2178 1398 2220 Sed
1431 2180 1581 2244 uolupss

139 2241 283 2290 tatem,
314 2251 440 2292 quam
470 2238 658 2292 gratuita
689 2237 954 2279 humanitate
986 2236 1159 2286 distulit
1192 2251 1292 2279 mox
1325 2238 1407 2277 leta
1428 2237 1581 2278 somnii

136 2297 277 2351 specie
310 2295 527 2337 delibauit.
591 2295 771 2350 Quippe,
803 2294 976 2351 profuso
1008 2296 1049 2336 in
1082 2310 1272 2337 somnum
1304 2295 1459 2349 animo,
1492 2296 1580 2336 exi-

138 2354 340 2397 stimauit,
373 2353 479 2394 duos
512 2353 634 2394 alites
666 2354 854 2407 coniugis
887 2368 962 2395 sue
994 2353 1170 2407 genitali
1200 2357 1318 2409 parte
1341 2353 1577 2408 prolapsos,

137 2411 215 2453 sed
246 2411 426 2452 alterum
457 2410 592 2452 altero
626 2410 906 2465 grandiorem,
953 2425 1132 2466 corpora
1162 2424 1343 2466 superne
1374 2411 1596 2459 librantes

138 2469 302 2524 prepeti
336 2469 473 2511 celum
495 2469 642 2509 uolatu
665 2474 824 2523 petere,
859 2469 1103 2524 exiguoque
1130 2474 1321 2523 tempore
1355 2468 1576 2510 interiecto

137 2541 333 2569 reuersos
384 2526 469 2568 suis
517 2526 767 2568 altrinsecus
806 2526 1033 2576 {manibus
1083 2527 1304 2568 insedisse.
1381 2525 1575 2567 Secundo

137 2598 311 2642 quoque
341 2598 390 2626 ac
420 2583 566 2638 tercio,
597 2584 775 2640 paruula
807 2583 948 2640 quiete
979 2588 1204 2637 recreatos,
1248 2583 1459 2639 propat-isis
1498 2584 1576 2626 alis

1635 1277 1661 1301 p.
1681 1267 1734 1294 4ῖο

1629 2545 1658 2570 p.
1678 2536 1726 2563 471
