<?xml version="1.0" encoding="UTF-8"?>
<!DOCTYPE html PUBLIC "-//W3C//DTD XHTML 1.0 Transitional//EN"
    "http://www.w3.org/TR/xhtml1/DTD/xhtml1-transitional.dtd">
<html xmlns="http://www.w3.org/1999/xhtml" xml:lang="en" lang="en">
 <head>
  <title>
</title>
<meta http-equiv="Content-Type" content="text/html;charset=utf-8" />
  <meta name='ocr-system' content='tesseract 3.04.00' />
  <meta name='ocr-capabilities' content='ocr_page ocr_carea ocr_par ocr_line ocrx_word'/>
</head>
<body>
  <div class='ocr_page' id='page_1' title='image "./saxonisgrammatic00saxouoft_0579.png"; bbox 0 0 1884 3126; ppageno 0'>
   <div class='ocr_carea' id='block_1_1' title="bbox 75 934 107 961">
    <p class='ocr_par' dir='ltr' id='par_1_1' title="bbox 75 934 107 961">
     <span class='ocr_line' id='line_1_1' title="bbox 75 934 107 961; baseline -0.031 0"><span class='ocrx_word' id='word_1_1' title='bbox 75 934 107 961; x_wconf 88' lang='lat'>10</span> 
     </span>
    </p>
   </div>
   <div class='ocr_carea' id='block_1_2' title="bbox 73 1224 106 1252">
    <p class='ocr_par' dir='ltr' id='par_1_2' title="bbox 73 1224 106 1252">
     <span class='ocr_line' id='line_1_2' title="bbox 73 1224 106 1252; baseline -0.03 0"><span class='ocrx_word' id='word_1_2' title='bbox 73 1224 106 1252; x_wconf 90' lang='lat'>15</span> 
     </span>
    </p>
   </div>
   <div class='ocr_carea' id='block_1_3' title="bbox 69 1516 106 1543">
    <p class='ocr_par' dir='ltr' id='par_1_3' title="bbox 69 1516 106 1543">
     <span class='ocr_line' id='line_1_3' title="bbox 69 1516 106 1543; baseline 0.027 -1"><span class='ocrx_word' id='word_1_3' title='bbox 69 1516 106 1543; x_wconf 86' lang='lat'>20</span> 
     </span>
    </p>
   </div>
   <div class='ocr_carea' id='block_1_4' title="bbox 70 2097 107 2124">
    <p class='ocr_par' dir='ltr' id='par_1_4' title="bbox 70 2097 107 2124">
     <span class='ocr_line' id='line_1_4' title="bbox 70 2097 107 2124; baseline 0 0"><span class='ocrx_word' id='word_1_4' title='bbox 70 2097 107 2124; x_wconf 80' lang='lat'>30</span> 
     </span>
    </p>
   </div>
   <div class='ocr_carea' id='block_1_5' title="bbox 70 2386 106 2413">
    <p class='ocr_par' dir='ltr' id='par_1_5' title="bbox 70 2386 106 2413">
     <span class='ocr_line' id='line_1_5' title="bbox 70 2386 106 2413; baseline 0.028 -1"><span class='ocrx_word' id='word_1_5' title='bbox 70 2386 106 2413; x_wconf 79' lang='lat'>35</span> 
     </span>
    </p>
   </div>
   <div class='ocr_carea' id='block_1_6' title="bbox 71 2688 107 2714">
    <p class='ocr_par' dir='ltr' id='par_1_6' title="bbox 71 2688 107 2714">
     <span class='ocr_line' id='line_1_6' title="bbox 71 2688 107 2714; baseline 0.056 -3"><span class='ocrx_word' id='word_1_6' title='bbox 71 2688 107 2714; x_wconf 72' lang='lat'>40</span> 
     </span>
    </p>
   </div>
   <div class='ocr_carea' id='block_1_7' title="bbox 685 268 1593 321">
    <p class='ocr_par' dir='ltr' id='par_1_7' title="bbox 685 268 1593 321">
     <span class='ocr_line' id='line_1_7' title="bbox 685 268 1593 321; baseline 0.002 -10"><span class='ocrx_word' id='word_1_7' title='bbox 685 292 765 300; x_wconf 33' lang='lat'>-—*</span> <span class='ocrx_word' id='word_1_8' title='bbox 799 268 938 312; x_wconf 92' lang='lat' dir='ltr'>XIIII</span> <span class='ocrx_word' id='word_1_9' title='bbox 1000 297 1052 303; x_wconf 81' lang='lat'><em>-</em></span> <span class='ocrx_word' id='word_1_10' title='bbox 1332 319 1334 321; x_wconf 44' lang='grc'><strong>,</strong></span> <span class='ocrx_word' id='word_1_11' title='bbox 1509 271 1593 313; x_wconf 88' lang='grc'>485</span> 
     </span>
    </p>
   </div>
   <div class='ocr_carea' id='block_1_8' title="bbox 138 398 1594 1798">
    <p class='ocr_par' dir='ltr' id='par_1_8' title="bbox 138 398 1594 1798">
     <span class='ocr_line' id='line_1_8' title="bbox 141 398 1593 455; baseline 0.002 -15"><span class='ocrx_word' id='word_1_12' title='bbox 141 399 421 455; x_wconf 88' lang='lat' dir='ltr'>cognouisse,</span> <span class='ocrx_word' id='word_1_13' title='bbox 471 399 703 455; x_wconf 86' lang='lat' dir='ltr'>fingebant.</span> <span class='ocrx_word' id='word_1_14' title='bbox 784 398 883 442; x_wconf 92' lang='lat' dir='ltr'>Hoc</span> <span class='ocrx_word' id='word_1_15' title='bbox 933 400 1046 443; x_wconf 90' lang='lat' dir='ltr'>fame</span> <span class='ocrx_word' id='word_1_16' title='bbox 1097 404 1340 444; x_wconf 89' lang='lat' dir='ltr'>commento</span> <span class='ocrx_word' id='word_1_17' title='bbox 1392 399 1593 443; x_wconf 89' lang='lat' dir='ltr'>Kanutus</span> 
     </span>
     <span class='ocr_line' id='line_1_9' title="bbox 140 458 1591 515; baseline 0.001 -16"><span class='ocrx_word' id='word_1_18' title='bbox 140 458 301 512; x_wconf 90' lang='lat' dir='ltr'>audito,</span> <span class='ocrx_word' id='word_1_19' title='bbox 336 459 489 513; x_wconf 79' lang='lat' dir='ltr'>ingrati</span> <span class='ocrx_word' id='word_1_20' title='bbox 521 459 645 500; x_wconf 92' lang='lat' dir='ltr'>animi</span> <span class='ocrx_word' id='word_1_21' title='bbox 677 458 819 500; x_wconf 86' lang='lat' dir='ltr'>labem</span> <span class='ocrx_word' id='word_1_22' title='bbox 851 459 1084 515; x_wconf 74' lang='lat' dir='ltr'>exprobrat</span> <span class='ocrx_word' id='word_1_23' title='bbox 1105 474 1257 515; x_wconf 90' lang='lat' dir='ltr'>parum</span> <span class='ocrx_word' id='word_1_24' title='bbox 1288 459 1515 502; x_wconf 88' lang='lat' dir='ltr'>honestum</span> <span class='ocrx_word' id='word_1_25' title='bbox 1539 460 1591 501; x_wconf 89' lang='lat' dir='ltr'>de</span> 
     </span>
     <span class='ocr_line' id='line_1_10' title="bbox 141 517 1594 574; baseline 0.001 -16"><span class='ocrx_word' id='word_1_26' title='bbox 141 531 190 559; x_wconf 90' lang='lat' dir='ltr'>eo</span> <span class='ocrx_word' id='word_1_27' title='bbox 213 531 454 559; x_wconf 90' lang='lat' dir='ltr'>sermonem</span> <span class='ocrx_word' id='word_1_28' title='bbox 476 517 746 570; x_wconf 82' lang='lat' dir='ltr'>habentibus,</span> <span class='ocrx_word' id='word_1_29' title='bbox 779 518 849 572; x_wconf 91' lang='lat' dir='ltr'>qui</span> <span class='ocrx_word' id='word_1_30' title='bbox 871 532 994 558; x_wconf 92' lang='lat' dir='ltr'>suum</span> <span class='ocrx_word' id='word_1_31' title='bbox 1017 517 1230 559; x_wconf 92' lang='lat' dir='ltr'>communi</span> <span class='ocrx_word' id='word_1_32' title='bbox 1250 518 1440 573; x_wconf 87' lang='lat' dir='ltr'>periculo</span> <span class='ocrx_word' id='word_1_33' title='bbox 1465 521 1594 574; x_wconf 91' lang='lat' dir='ltr'>caput</span> 
     </span>
     <span class='ocr_line' id='line_1_11' title="bbox 140 575 1593 632; baseline 0.001 -16"><span class='ocrx_word' id='word_1_34' title='bbox 140 575 367 628; x_wconf 80' lang='lat' dir='ltr'>obiecerit,</span> <span class='ocrx_word' id='word_1_35' title='bbox 414 575 706 630; x_wconf 80' lang='lat' dir='ltr'>hortaturque,</span> <span class='ocrx_word' id='word_1_36' title='bbox 741 576 777 618; x_wconf 88' lang='lat' dir='ltr'>si</span> <span class='ocrx_word' id='word_1_37' title='bbox 823 575 959 630; x_wconf 83' lang='lat' dir='ltr'>dignis</span> <span class='ocrx_word' id='word_1_38' title='bbox 1006 589 1102 617; x_wconf 92' lang='lat' dir='ltr'>eum</span> <span class='ocrx_word' id='word_1_39' title='bbox 1148 575 1346 618; x_wconf 83' lang='lat' dir='ltr'>laudibus</span> <span class='ocrx_word' id='word_1_40' title='bbox 1393 577 1593 632; x_wconf 83' lang='lat' dir='ltr'>prosequi</span> 
     </span>
     <span class='ocr_line' id='line_1_12' title="bbox 140 632 1593 690; baseline 0.001 -16"><span class='ocrx_word' id='word_1_41' title='bbox 140 633 286 685; x_wconf 82' lang='lat' dir='ltr'>nolint,</span> <span class='ocrx_word' id='word_1_42' title='bbox 320 634 469 675; x_wconf 90' lang='lat' dir='ltr'>saltem</span> <span class='ocrx_word' id='word_1_43' title='bbox 502 633 668 688; x_wconf 87' lang='lat' dir='ltr'>linguas</span> <span class='ocrx_word' id='word_1_44' title='bbox 700 633 753 675; x_wconf 88' lang='lat' dir='ltr'>ab</span> <span class='ocrx_word' id='word_1_45' title='bbox 776 632 948 689; x_wconf 85' lang='lat' dir='ltr'>indigna</span> <span class='ocrx_word' id='word_1_46' title='bbox 979 633 1111 690; x_wconf 88' lang='lat' dir='ltr'>ipsius</span> <span class='ocrx_word' id='word_1_47' title='bbox 1133 634 1450 676; x_wconf 89' lang='lat' dir='ltr'>obtrectacione</span> <span class='ocrx_word' id='word_1_48' title='bbox 1478 635 1593 677; x_wconf 92' lang='lat' dir='ltr'>cohi-</span> 
     </span>
     <span class='ocr_line' id='line_1_13' title="bbox 140 691 1592 748; baseline 0.001 -16"><span class='ocrx_word' id='word_1_49' title='bbox 140 691 282 734; x_wconf 86' lang='lat' dir='ltr'>beant.</span> <span class='ocrx_word' id='word_1_50' title='bbox 356 691 608 734; x_wconf 87' lang='lat' dir='ltr'>Hcsbernus</span> <span class='ocrx_word' id='word_1_51' title='bbox 654 692 796 746; x_wconf 90' lang='lat' dir='ltr'>solus,</span> <span class='ocrx_word' id='word_1_52' title='bbox 844 691 1117 748; x_wconf 83' lang='lat' dir='ltr'>Skyalmonis</span> <span class='ocrx_word' id='word_1_53' title='bbox 1171 692 1350 734; x_wconf 84' lang='lat' dir='ltr'>Candidi</span> <span class='ocrx_word' id='word_1_54' title='bbox 1401 706 1455 734; x_wconf 83' lang='lat' dir='ltr'>ex</span> <span class='ocrx_word' id='word_1_55' title='bbox 1505 693 1592 734; x_wconf 92' lang='lat' dir='ltr'>filio</span> 
     </span>
     <span class='ocr_line' id='line_1_14' title="bbox 139 750 1594 806; baseline 0.001 -15"><span class='ocrx_word' id='word_1_56' title='bbox 139 764 286 806; x_wconf 85' lang='lat' dir='ltr'>nepos,</span> <span class='ocrx_word' id='word_1_57' title='bbox 317 750 515 806; x_wconf 83' lang='lat' dir='ltr'>idemque</span> <span class='ocrx_word' id='word_1_58' title='bbox 534 750 813 793; x_wconf 74' lang='lat' dir='ltr'>W&#39;aldemaro</span> <span class='ocrx_word' id='word_1_59' title='bbox 848 750 901 792; x_wconf 93' lang='lat' dir='ltr'>ob</span> <span class='ocrx_word' id='word_1_60' title='bbox 932 751 1122 806; x_wconf 84' lang='lat' dir='ltr'>puericie</span> <span class='ocrx_word' id='word_1_61' title='bbox 1155 754 1196 792; x_wconf 93' lang='lat' dir='ltr'>et</span> <span class='ocrx_word' id='word_1_62' title='bbox 1226 751 1494 793; x_wconf 91' lang='lat' dir='ltr'>educacionis</span> <span class='ocrx_word' id='word_1_63' title='bbox 1527 765 1594 793; x_wconf 86' lang='lat' dir='ltr'>so-</span> 
     </span>
     <span class='ocr_line' id='line_1_15' title="bbox 141 808 1590 866; baseline 0.001 -17"><span class='ocrx_word' id='word_1_64' title='bbox 141 809 337 851; x_wconf 87' lang='lat' dir='ltr'>cietatem</span> <span class='ocrx_word' id='word_1_65' title='bbox 378 823 607 864; x_wconf 82' lang='lat' dir='ltr'>percarus,</span> <span class='ocrx_word' id='word_1_66' title='bbox 649 809 924 851; x_wconf 84' lang='lat' dir='ltr'>transfretare</span> <span class='ocrx_word' id='word_1_67' title='bbox 966 823 1011 850; x_wconf 89' lang='lat' dir='ltr'>se</span> <span class='ocrx_word' id='word_1_68' title='bbox 1056 809 1167 851; x_wconf 86' lang='lat' dir='ltr'>uelle</span> <span class='ocrx_word' id='word_1_69' title='bbox 1199 809 1330 860; x_wconf 72' lang='lat' dir='ltr'>dixit,</span> <span class='ocrx_word' id='word_1_70' title='bbox 1365 824 1447 865; x_wconf 90' lang='lat' dir='ltr'>que</span> <span class='ocrx_word' id='word_1_71' title='bbox 1478 808 1590 866; x_wconf 88' lang='lat' dir='ltr'>apud</span> 
     </span>
     <span class='ocr_line' id='line_1_16' title="bbox 141 867 1593 923; baseline 0.001 -15"><span class='ocrx_word' id='word_1_72' title='bbox 141 867 299 909; x_wconf 91' lang='lat' dir='ltr'>Iutiam</span> <span class='ocrx_word' id='word_1_73' title='bbox 321 872 588 923; x_wconf 84' lang='lat' dir='ltr'>gererentur,</span> <span class='ocrx_word' id='word_1_74' title='bbox 611 867 786 909; x_wconf 91' lang='lat' dir='ltr'>Kanuto</span> <span class='ocrx_word' id='word_1_75' title='bbox 809 868 1170 910; x_wconf 81' lang='lat' dir='ltr'>renunciaturum.</span> <span class='ocrx_word' id='word_1_76' title='bbox 1219 867 1355 923; x_wconf 87' lang='lat' dir='ltr'>Igitur</span> <span class='ocrx_word' id='word_1_77' title='bbox 1386 873 1434 909; x_wconf 91' lang='lat' dir='ltr'>ut</span> <span class='ocrx_word' id='word_1_78' title='bbox 1456 872 1593 911; x_wconf 89' lang='lat' dir='ltr'>stren-</span> 
     </span>
     <span class='ocr_line' id='line_1_17' title="bbox 139 925 1594 980; baseline 0.001 -13"><span class='ocrx_word' id='word_1_79' title='bbox 139 940 290 977; x_wconf 87' lang='lat' dir='ltr'>nuam,</span> <span class='ocrx_word' id='word_1_80' title='bbox 331 927 389 967; x_wconf 85' lang='lat' dir='ltr'>ita.</span> <span class='ocrx_word' id='word_1_81' title='bbox 420 927 699 980; x_wconf 80' lang='lat' dir='ltr'>periculosam</span> <span class='ocrx_word' id='word_1_82' title='bbox 741 925 1065 980; x_wconf 88' lang='lat' dir='ltr'>nauigacionem</span> <span class='ocrx_word' id='word_1_83' title='bbox 1097 926 1276 968; x_wconf 80' lang='lat' dir='ltr'>feliciter</span> <span class='ocrx_word' id='word_1_84' title='bbox 1318 941 1517 968; x_wconf 84' lang='lat' dir='ltr'>emensus</span> <span class='ocrx_word' id='word_1_85' title='bbox 1552 930 1594 968; x_wconf 93' lang='lat' dir='ltr'>et</span> 
     </span>
     <span class='ocr_line' id='line_1_18' title="bbox 140 985 1591 1039; baseline 0.001 -14"><span class='ocrx_word' id='word_1_86' title='bbox 140 985 262 1039; x_wconf 85' lang='lat' dir='ltr'>quasi</span> <span class='ocrx_word' id='word_1_87' title='bbox 293 998 389 1026; x_wconf 92' lang='lat' dir='ltr'>cum</span> <span class='ocrx_word' id='word_1_88' title='bbox 420 985 511 1039; x_wconf 85' lang='lat' dir='ltr'>ipsa</span> <span class='ocrx_word' id='word_1_89' title='bbox 540 998 682 1026; x_wconf 87' lang='lat' dir='ltr'>rerum</span> <span class='ocrx_word' id='word_1_90' title='bbox 713 989 865 1026; x_wconf 89' lang='lat' dir='ltr'>natura</span> <span class='ocrx_word' id='word_1_91' title='bbox 886 985 1084 1037; x_wconf 89' lang='lat' dir='ltr'>luctatus,</span> <span class='ocrx_word' id='word_1_92' title='bbox 1117 985 1379 1027; x_wconf 89' lang='lat' dir='ltr'>seuiencium</span> <span class='ocrx_word' id='word_1_93' title='bbox 1411 985 1591 1027; x_wconf 82' lang='lat' dir='ltr'>elemen-</span> 
     </span>
     <span class='ocr_line' id='line_1_19' title="bbox 140 1042 1591 1097; baseline 0.001 -13"><span class='ocrx_word' id='word_1_94' title='bbox 140 1047 281 1084; x_wconf 92' lang='lat' dir='ltr'>torum</span> <span class='ocrx_word' id='word_1_95' title='bbox 326 1042 487 1084; x_wconf 86' lang='lat' dir='ltr'>rabiem</span> <span class='ocrx_word' id='word_1_96' title='bbox 533 1042 770 1085; x_wconf 86' lang='lat' dir='ltr'>incredibili</span> <span class='ocrx_word' id='word_1_97' title='bbox 821 1057 1035 1084; x_wconf 85' lang='lat' dir='ltr'>remorum</span> <span class='ocrx_word' id='word_1_98' title='bbox 1088 1043 1316 1084; x_wconf 86' lang='lat' dir='ltr'>certamine</span> <span class='ocrx_word' id='word_1_99' title='bbox 1358 1044 1591 1097; x_wconf 90' lang='lat' dir='ltr'>superauit.</span> 
     </span>
     <span class='ocr_line' id='line_1_20' title="bbox 140 1100 1592 1150; baseline 0 -8"><span class='ocrx_word' id='word_1_100' title='bbox 140 1100 377 1142; x_wconf 86' lang='lat' dir='ltr'>Nunciatur</span> <span class='ocrx_word' id='word_1_101' title='bbox 409 1102 569 1142; x_wconf 86' lang='lat' dir='ltr'>interea</span> <span class='ocrx_word' id='word_1_102' title='bbox 592 1101 850 1150; x_wconf 80' lang='lat' dir='ltr'>Saxonibus,</span> <span class='ocrx_word' id='word_1_103' title='bbox 883 1102 1019 1143; x_wconf 89' lang='lat' dir='ltr'>tocius</span> <span class='ocrx_word' id='word_1_104' title='bbox 1051 1101 1163 1143; x_wconf 87' lang='lat' dir='ltr'>Iutie</span> <span class='ocrx_word' id='word_1_105' title='bbox 1194 1101 1305 1143; x_wconf 91' lang='lat' dir='ltr'>uires</span> <span class='ocrx_word' id='word_1_106' title='bbox 1339 1101 1391 1142; x_wconf 83' lang='lat' dir='ltr'>ad</span> <span class='ocrx_word' id='word_1_107' title='bbox 1416 1100 1592 1143; x_wconf 91' lang='lat' dir='ltr'>Walde-</span> 
     </span>
     <span class='ocr_line' id='line_1_21' title="bbox 139 1157 1591 1216; baseline 0.001 -17"><span class='ocrx_word' id='word_1_108' title='bbox 139 1173 303 1200; x_wconf 88' lang='lat' dir='ltr'>marum</span> <span class='ocrx_word' id='word_1_109' title='bbox 327 1159 476 1212; x_wconf 87' lang='lat' dir='ltr'>coisse,</span> <span class='ocrx_word' id='word_1_110' title='bbox 508 1157 725 1216; x_wconf 66' lang='lat' dir='ltr'>tantalque</span> <span class='ocrx_word' id='word_1_111' title='bbox 746 1159 891 1203; x_wconf 88' lang='lat' dir='ltr'>hostes</span> <span class='ocrx_word' id='word_1_112' title='bbox 914 1174 1042 1201; x_wconf 86' lang='lat' dir='ltr'>manu</span> <span class='ocrx_word' id='word_1_113' title='bbox 1074 1174 1180 1214; x_wconf 86' lang='lat' dir='ltr'>esse,</span> <span class='ocrx_word' id='word_1_114' title='bbox 1213 1165 1261 1201; x_wconf 92' lang='lat' dir='ltr'>ut</span> <span class='ocrx_word' id='word_1_115' title='bbox 1293 1160 1383 1201; x_wconf 88' lang='lat' dir='ltr'>sine</span> <span class='ocrx_word' id='word_1_116' title='bbox 1404 1159 1591 1215; x_wconf 89' lang='lat' dir='ltr'>periculo</span> 
     </span>
     <span class='ocr_line' id='line_1_22' title="bbox 141 1217 1592 1273; baseline -0.001 -14"><span class='ocrx_word' id='word_1_117' title='bbox 141 1222 184 1259; x_wconf 91' lang='lat' dir='ltr'>et</span> <span class='ocrx_word' id='word_1_118' title='bbox 219 1217 338 1259; x_wconf 86' lang='lat' dir='ltr'>clade</span> <span class='ocrx_word' id='word_1_119' title='bbox 370 1218 510 1273; x_wconf 83' lang='lat' dir='ltr'>excipi</span> <span class='ocrx_word' id='word_1_120' title='bbox 542 1224 770 1273; x_wconf 87' lang='lat' dir='ltr'>nequeant.</span> <span class='ocrx_word' id='word_1_121' title='bbox 834 1218 931 1260; x_wconf 90' lang='lat' dir='ltr'>Hac</span> <span class='ocrx_word' id='word_1_122' title='bbox 963 1218 1051 1259; x_wconf 84' lang='lat' dir='ltr'>dux</span> <span class='ocrx_word' id='word_1_123' title='bbox 1083 1218 1198 1260; x_wconf 89' lang='lat' dir='ltr'>fama</span> <span class='ocrx_word' id='word_1_124' title='bbox 1228 1219 1450 1272; x_wconf 88' lang='lat' dir='ltr'>attonitus,</span> <span class='ocrx_word' id='word_1_125' title='bbox 1475 1218 1592 1259; x_wconf 91' lang='lat' dir='ltr'>Hen-</span> 
     </span>
     <span class='ocr_line' id='line_1_23' title="bbox 138 1275 1592 1332; baseline 0 -15"><span class='ocrx_word' id='word_1_126' title='bbox 138 1276 294 1329; x_wconf 87' lang='lat' dir='ltr'>ricum,</span> <span class='ocrx_word' id='word_1_127' title='bbox 341 1291 467 1332; x_wconf 91' lang='lat' dir='ltr'>quem</span> <span class='ocrx_word' id='word_1_128' title='bbox 516 1276 630 1331; x_wconf 92' lang='lat' dir='ltr'>apud</span> <span class='ocrx_word' id='word_1_129' title='bbox 677 1275 1002 1318; x_wconf 87' lang='lat' dir='ltr'>Waldemarum</span> <span class='ocrx_word' id='word_1_130' title='bbox 1047 1277 1266 1318; x_wconf 88' lang='lat' dir='ltr'>affinitatis</span> <span class='ocrx_word' id='word_1_131' title='bbox 1307 1277 1398 1319; x_wconf 91' lang='lat' dir='ltr'>iure</span> <span class='ocrx_word' id='word_1_132' title='bbox 1441 1290 1592 1331; x_wconf 84' lang='lat' dir='ltr'>magne</span> 
     </span>
     <span class='ocr_line' id='line_1_24' title="bbox 138 1333 1592 1390; baseline 0.001 -16"><span class='ocrx_word' id='word_1_133' title='bbox 138 1333 433 1376; x_wconf 84' lang='lat' dir='ltr'>familiaritatis</span> <span class='ocrx_word' id='word_1_134' title='bbox 473 1334 613 1377; x_wconf 91' lang='lat' dir='ltr'>locum</span> <span class='ocrx_word' id='word_1_135' title='bbox 655 1335 812 1376; x_wconf 84' lang='lat' dir='ltr'>habere</span> <span class='ocrx_word' id='word_1_136' title='bbox 845 1338 1045 1387; x_wconf 86' lang='lat' dir='ltr'>nouerat,</span> <span class='ocrx_word' id='word_1_137' title='bbox 1089 1335 1260 1377; x_wconf 90' lang='lat' dir='ltr'>ubinam</span> <span class='ocrx_word' id='word_1_138' title='bbox 1292 1334 1468 1390; x_wconf 89' lang='lat' dir='ltr'>regulus</span> <span class='ocrx_word' id='word_1_139' title='bbox 1501 1335 1592 1376; x_wconf 90' lang='lat' dir='ltr'>eius</span> 
     </span>
     <span class='ocr_line' id='line_1_25' title="bbox 139 1391 1592 1449; baseline 0 -15"><span class='ocrx_word' id='word_1_140' title='bbox 139 1391 330 1447; x_wconf 85' lang='lat' dir='ltr'>degeret,</span> <span class='ocrx_word' id='word_1_141' title='bbox 373 1393 568 1435; x_wconf 77' lang='lat' dir='ltr'>simulato</span> <span class='ocrx_word' id='word_1_142' title='bbox 609 1393 701 1435; x_wconf 92' lang='lat' dir='ltr'>ioco</span> <span class='ocrx_word' id='word_1_143' title='bbox 750 1394 995 1449; x_wconf 88' lang='lat' dir='ltr'>perquirere</span> <span class='ocrx_word' id='word_1_144' title='bbox 1027 1393 1192 1435; x_wconf 86' lang='lat' dir='ltr'>institit.</span> <span class='ocrx_word' id='word_1_145' title='bbox 1266 1393 1361 1442; x_wconf 85' lang='lat' dir='ltr'>Quo</span> <span class='ocrx_word' id='word_1_146' title='bbox 1405 1392 1592 1434; x_wconf 88' lang='lat' dir='ltr'>latebras</span> 
     </span>
     <span class='ocr_line' id='line_1_26' title="bbox 139 1451 1594 1507; baseline 0.001 -16"><span class='ocrx_word' id='word_1_147' title='bbox 139 1464 236 1492; x_wconf 90' lang='lat' dir='ltr'>eum</span> <span class='ocrx_word' id='word_1_148' title='bbox 268 1464 316 1492; x_wconf 91' lang='lat' dir='ltr'>ac</span> <span class='ocrx_word' id='word_1_149' title='bbox 347 1451 596 1493; x_wconf 86' lang='lat' dir='ltr'>solitudines</span> <span class='ocrx_word' id='word_1_150' title='bbox 629 1452 938 1507; x_wconf 89' lang='lat' dir='ltr'>circunspicere</span> <span class='ocrx_word' id='word_1_151' title='bbox 968 1451 1277 1507; x_wconf 87' lang='lat' dir='ltr'>respondente,</span> <span class='ocrx_word' id='word_1_152' title='bbox 1318 1452 1431 1504; x_wconf 86' lang='lat' dir='ltr'>dux,</span> <span class='ocrx_word' id='word_1_153' title='bbox 1478 1451 1594 1492; x_wconf 89' lang='lat' dir='ltr'>eludi</span> 
     </span>
     <span class='ocr_line' id='line_1_27' title="bbox 138 1509 1591 1560; baseline 0 -10"><span class='ocrx_word' id='word_1_154' title='bbox 138 1524 184 1550; x_wconf 86' lang='lat' dir='ltr'>se</span> <span class='ocrx_word' id='word_1_155' title='bbox 217 1509 430 1560; x_wconf 86' lang='lat' dir='ltr'>senciens,</span> <span class='ocrx_word' id='word_1_156' title='bbox 462 1524 486 1550; x_wconf 90' lang='lat' dir='ltr'>a</span> <span class='ocrx_word' id='word_1_157' title='bbox 518 1510 618 1551; x_wconf 88' lang='lat' dir='ltr'>ficta</span> <span class='ocrx_word' id='word_1_158' title='bbox 649 1514 690 1551; x_wconf 89' lang='lat' dir='ltr'>et</span> <span class='ocrx_word' id='word_1_159' title='bbox 721 1510 885 1552; x_wconf 90' lang='lat' dir='ltr'>ludicra</span> <span class='ocrx_word' id='word_1_160' title='bbox 917 1510 969 1551; x_wconf 87' lang='lat' dir='ltr'>ad</span> <span class='ocrx_word' id='word_1_161' title='bbox 1001 1511 1155 1552; x_wconf 90' lang='lat' dir='ltr'>seriam</span> <span class='ocrx_word' id='word_1_162' title='bbox 1199 1515 1240 1552; x_wconf 91' lang='lat' dir='ltr'>et</span> <span class='ocrx_word' id='word_1_163' title='bbox 1280 1510 1498 1552; x_wconf 86' lang='lat' dir='ltr'>sollicitam</span> <span class='ocrx_word' id='word_1_164' title='bbox 1529 1510 1591 1551; x_wconf 90' lang='lat' dir='ltr'>in-</span> 
     </span>
     <span class='ocr_line' id='line_1_28' title="bbox 139 1568 1592 1623; baseline 0.001 -15"><span class='ocrx_word' id='word_1_165' title='bbox 139 1568 475 1622; x_wconf 86' lang='lat' dir='ltr'>terrogacionem</span> <span class='ocrx_word' id='word_1_166' title='bbox 521 1569 796 1611; x_wconf 89' lang='lat' dir='ltr'>conuertitur.</span> <span class='ocrx_word' id='word_1_167' title='bbox 868 1568 1201 1623; x_wconf 86' lang='lat' dir='ltr'>Repugnantem</span> <span class='ocrx_word' id='word_1_168' title='bbox 1242 1568 1362 1609; x_wconf 92' lang='lat' dir='ltr'>illum</span> <span class='ocrx_word' id='word_1_169' title='bbox 1395 1568 1592 1610; x_wconf 90' lang='lat' dir='ltr'>commis-</span> 
     </span>
     <span class='ocr_line' id='line_1_29' title="bbox 139 1625 1590 1682; baseline 0.001 -16"><span class='ocrx_word' id='word_1_170' title='bbox 139 1640 269 1681; x_wconf 89' lang='lat' dir='ltr'>saque</span> <span class='ocrx_word' id='word_1_171' title='bbox 301 1630 825 1681; x_wconf 87' lang='lat' dir='ltr'>tegereperseuerantem</span> <span class='ocrx_word' id='word_1_172' title='bbox 856 1640 932 1682; x_wconf 88' lang='lat' dir='ltr'>per</span> <span class='ocrx_word' id='word_1_173' title='bbox 964 1626 1149 1668; x_wconf 89' lang='lat' dir='ltr'>debitam</span> <span class='ocrx_word' id='word_1_174' title='bbox 1182 1626 1379 1668; x_wconf 88' lang='lat' dir='ltr'>Romano</span> <span class='ocrx_word' id='word_1_175' title='bbox 1411 1625 1590 1681; x_wconf 90' lang='lat' dir='ltr'>imperio</span> 
     </span>
     <span class='ocr_line' id='line_1_30' title="bbox 140 1683 1591 1740; baseline 0.001 -16"><span class='ocrx_word' id='word_1_176' title='bbox 140 1683 264 1725; x_wconf 88' lang='lat' dir='ltr'>fidem</span> <span class='ocrx_word' id='word_1_177' title='bbox 307 1688 400 1725; x_wconf 93' lang='lat' dir='ltr'>orat</span> <span class='ocrx_word' id='word_1_178' title='bbox 443 1684 790 1740; x_wconf 88' lang='lat' dir='ltr'>obtestaturque,</span> <span class='ocrx_word' id='word_1_179' title='bbox 830 1689 899 1738; x_wconf 92' lang='lat' dir='ltr'>ut,</span> <span class='ocrx_word' id='word_1_180' title='bbox 944 1699 1023 1740; x_wconf 92' lang='lat' dir='ltr'>que</span> <span class='ocrx_word' id='word_1_181' title='bbox 1057 1685 1110 1726; x_wconf 91' lang='lat' dir='ltr'>ab</span> <span class='ocrx_word' id='word_1_182' title='bbox 1150 1685 1272 1726; x_wconf 89' lang='lat' dir='ltr'>hoste</span> <span class='ocrx_word' id='word_1_183' title='bbox 1303 1685 1443 1740; x_wconf 90' lang='lat' dir='ltr'>parari</span> <span class='ocrx_word' id='word_1_184' title='bbox 1474 1684 1591 1737; x_wconf 88' lang='lat' dir='ltr'>sciat,</span> 
     </span>
     <span class='ocr_line' id='line_1_31' title="bbox 138 1742 1590 1798; baseline 0.001 -15"><span class='ocrx_word' id='word_1_185' title='bbox 138 1742 290 1784; x_wconf 90' lang='lat' dir='ltr'>indicio</span> <span class='ocrx_word' id='word_1_186' title='bbox 314 1747 548 1796; x_wconf 85' lang='lat' dir='ltr'>precurrat,</span> <span class='ocrx_word' id='word_1_187' title='bbox 571 1757 719 1798; x_wconf 87' lang='lat' dir='ltr'>neque,</span> <span class='ocrx_word' id='word_1_188' title='bbox 744 1742 854 1798; x_wconf 91' lang='lat' dir='ltr'>quod</span> <span class='ocrx_word' id='word_1_189' title='bbox 878 1743 1040 1784; x_wconf 92' lang='lat' dir='ltr'>ciuibus</span> <span class='ocrx_word' id='word_1_190' title='bbox 1063 1744 1349 1798; x_wconf 88' lang='lat' dir='ltr'>perniciosum</span> <span class='ocrx_word' id='word_1_191' title='bbox 1381 1742 1590 1795; x_wconf 86' lang='lat' dir='ltr'>aduertat,</span> 
     </span>
    </p>
   </div>
   <div class='ocr_carea' id='block_1_9' title="bbox 70 1800 1590 1856">
    <p class='ocr_par' dir='ltr' id='par_1_9' title="bbox 70 1800 1590 1856">
     <span class='ocr_line' id='line_1_32' title="bbox 70 1800 1590 1856; baseline 0.001 -15"><span class='ocrx_word' id='word_1_192' title='bbox 70 1826 84 1833; x_wconf 86' lang='lat'><em>-</em></span> <span class='ocrx_word' id='word_1_193' title='bbox 137 1800 309 1841; x_wconf 84' lang='lat' dir='ltr'>silencio</span> <span class='ocrx_word' id='word_1_194' title='bbox 353 1805 570 1856; x_wconf 84' lang='lat' dir='ltr'>contegat.</span> <span class='ocrx_word' id='word_1_195' title='bbox 643 1800 738 1843; x_wconf 84' lang='lat' dir='ltr'>Hac</span> <span class='ocrx_word' id='word_1_196' title='bbox 779 1801 990 1843; x_wconf 88' lang='lat' dir='ltr'>chricus</span> <span class='ocrx_word' id='word_1_197' title='bbox 1033 1801 1306 1844; x_wconf 88' lang='lat' dir='ltr'>adiuracione</span> <span class='ocrx_word' id='word_1_198' title='bbox 1355 1805 1590 1855; x_wconf 86' lang='lat' dir='ltr'>permotus,</span> 
     </span>
    </p>
   </div>
   <div class='ocr_carea' id='block_1_10' title="bbox 136 1857 1592 2730">
    <p class='ocr_par' dir='ltr' id='par_1_10' title="bbox 136 1857 1592 2730">
     <span class='ocr_line' id='line_1_33' title="bbox 139 1857 1591 1914; baseline 0 -15"><span class='ocrx_word' id='word_1_199' title='bbox 139 1873 285 1900; x_wconf 89' lang='lat' dir='ltr'>uerum</span> <span class='ocrx_word' id='word_1_200' title='bbox 318 1874 435 1912; x_wconf 89' lang='lat' dir='ltr'>esse,</span> <span class='ocrx_word' id='word_1_201' title='bbox 477 1858 588 1914; x_wconf 89' lang='lat' dir='ltr'>quod</span> <span class='ocrx_word' id='word_1_202' title='bbox 630 1873 774 1900; x_wconf 89' lang='lat' dir='ltr'>rumor</span> <span class='ocrx_word' id='word_1_203' title='bbox 805 1859 1036 1911; x_wconf 81' lang='lat' dir='ltr'>docuisset,</span> <span class='ocrx_word' id='word_1_204' title='bbox 1078 1860 1275 1902; x_wconf 89' lang='lat' dir='ltr'>asseruit.</span> <span class='ocrx_word' id='word_1_205' title='bbox 1339 1859 1507 1900; x_wconf 90' lang='lat' dir='ltr'>Bellum</span> <span class='ocrx_word' id='word_1_206' title='bbox 1538 1857 1591 1900; x_wconf 92' lang='lat' dir='ltr'>si-</span> 
     </span>
     <span class='ocr_line' id='line_1_34' title="bbox 138 1915 1592 1974; baseline -0.001 -16"><span class='ocrx_word' id='word_1_207' title='bbox 138 1917 310 1972; x_wconf 87' lang='lat' dir='ltr'>quidem</span> <span class='ocrx_word' id='word_1_208' title='bbox 342 1931 418 1972; x_wconf 89' lang='lat' dir='ltr'>pre</span> <span class='ocrx_word' id='word_1_209' title='bbox 440 1917 634 1958; x_wconf 87' lang='lat' dir='ltr'>manibus</span> <span class='ocrx_word' id='word_1_210' title='bbox 667 1931 773 1971; x_wconf 91' lang='lat' dir='ltr'>esse,</span> <span class='ocrx_word' id='word_1_211' title='bbox 807 1918 932 1973; x_wconf 88' lang='lat' dir='ltr'>quale</span> <span class='ocrx_word' id='word_1_212' title='bbox 964 1918 1079 1974; x_wconf 88' lang='lat' dir='ltr'>prius</span> <span class='ocrx_word' id='word_1_213' title='bbox 1102 1918 1268 1973; x_wconf 86' lang='lat' dir='ltr'>experti</span> <span class='ocrx_word' id='word_1_214' title='bbox 1300 1932 1385 1959; x_wconf 92' lang='lat' dir='ltr'>non</span> <span class='ocrx_word' id='word_1_215' title='bbox 1418 1915 1592 1967; x_wconf 84' lang='lat' dir='ltr'>fuerint,</span> 
     </span>
     <span class='ocr_line' id='line_1_35' title="bbox 139 1975 1591 2031; baseline 0 -15"><span class='ocrx_word' id='word_1_216' title='bbox 139 1975 475 2031; x_wconf 87' lang='lat' dir='ltr'>superstitesque</span> <span class='ocrx_word' id='word_1_217' title='bbox 506 1975 853 2017; x_wconf 85' lang='lat' dir='ltr'>recordacionem</span> <span class='ocrx_word' id='word_1_218' title='bbox 887 1976 977 2018; x_wconf 90' lang='lat' dir='ltr'>eius</span> <span class='ocrx_word' id='word_1_219' title='bbox 999 1980 1209 2031; x_wconf 88' lang='lat' dir='ltr'>perpetuo</span> <span class='ocrx_word' id='word_1_220' title='bbox 1241 1979 1415 2018; x_wconf 90' lang='lat' dir='ltr'>narratu</span> <span class='ocrx_word' id='word_1_221' title='bbox 1446 1988 1591 2030; x_wconf 85' lang='lat' dir='ltr'>prose-</span> 
     </span>
     <span class='ocr_line' id='line_1_36' title="bbox 139 2032 1590 2086; baseline -0.001 -11"><span class='ocrx_word' id='word_1_222' title='bbox 139 2038 323 2076; x_wconf 90' lang='lat' dir='ltr'>cuturos.</span> <span class='ocrx_word' id='word_1_223' title='bbox 366 2033 663 2075; x_wconf 85' lang='lat' dir='ltr'>Formidolosa</span> <span class='ocrx_word' id='word_1_224' title='bbox 685 2035 846 2076; x_wconf 89' lang='lat' dir='ltr'>cunctis</span> <span class='ocrx_word' id='word_1_225' title='bbox 870 2034 1048 2076; x_wconf 89' lang='lat' dir='ltr'>Henrici</span> <span class='ocrx_word' id='word_1_226' title='bbox 1070 2034 1301 2076; x_wconf 85' lang='lat' dir='ltr'>affirmacio</span> <span class='ocrx_word' id='word_1_227' title='bbox 1323 2034 1417 2076; x_wconf 90' lang='lat' dir='ltr'>fuit.</span> <span class='ocrx_word' id='word_1_228' title='bbox 1455 2032 1590 2086; x_wconf 89' lang='lat' dir='ltr'>Idem,</span> 
     </span>
     <span class='ocr_line' id='line_1_37' title="bbox 139 2090 1592 2148; baseline -0.001 -14"><span class='ocrx_word' id='word_1_229' title='bbox 139 2107 191 2134; x_wconf 91' lang='lat' dir='ltr'>an</span> <span class='ocrx_word' id='word_1_230' title='bbox 225 2091 367 2134; x_wconf 88' lang='lat' dir='ltr'>hostes</span> <span class='ocrx_word' id='word_1_231' title='bbox 401 2091 653 2147; x_wconf 88' lang='lat' dir='ltr'>expectandi</span> <span class='ocrx_word' id='word_1_232' title='bbox 675 2099 831 2148; x_wconf 86' lang='lat' dir='ltr'>essent,</span> <span class='ocrx_word' id='word_1_233' title='bbox 866 2092 1098 2145; x_wconf 88' lang='lat' dir='ltr'>consultus,</span> <span class='ocrx_word' id='word_1_234' title='bbox 1133 2094 1321 2134; x_wconf 89' lang='lat' dir='ltr'>omnium</span> <span class='ocrx_word' id='word_1_235' title='bbox 1354 2092 1515 2134; x_wconf 85' lang='lat' dir='ltr'>animos</span> <span class='ocrx_word' id='word_1_236' title='bbox 1538 2090 1592 2133; x_wconf 87' lang='lat' dir='ltr'>ad</span> 
     </span>
     <span class='ocr_line' id='line_1_38' title="bbox 137 2150 1592 2206; baseline 0 -15"><span class='ocrx_word' id='word_1_237' title='bbox 137 2151 319 2206; x_wconf 88' lang='lat' dir='ltr'>prelium</span> <span class='ocrx_word' id='word_1_238' title='bbox 352 2150 462 2192; x_wconf 91' lang='lat' dir='ltr'>uirili</span> <span class='ocrx_word' id='word_1_239' title='bbox 496 2151 799 2193; x_wconf 86' lang='lat' dir='ltr'>exhortacione</span> <span class='ocrx_word' id='word_1_240' title='bbox 829 2152 1050 2206; x_wconf 84' lang='lat' dir='ltr'>prouexit,</span> <span class='ocrx_word' id='word_1_241' title='bbox 1083 2152 1142 2192; x_wconf 89' lang='lat' dir='ltr'>ita</span> <span class='ocrx_word' id='word_1_242' title='bbox 1172 2150 1301 2192; x_wconf 89' lang='lat' dir='ltr'>fidem</span> <span class='ocrx_word' id='word_1_243' title='bbox 1331 2165 1452 2192; x_wconf 88' lang='lat' dir='ltr'>suam</span> <span class='ocrx_word' id='word_1_244' title='bbox 1482 2150 1592 2191; x_wconf 88' lang='lat' dir='ltr'>inter</span> 
     </span>
     <span class='ocr_line' id='line_1_39' title="bbox 138 2208 1591 2264; baseline -0.001 -14"><span class='ocrx_word' id='word_1_245' title='bbox 138 2209 261 2251; x_wconf 87' lang='lat' dir='ltr'>amici</span> <span class='ocrx_word' id='word_1_246' title='bbox 303 2223 450 2263; x_wconf 84' lang='lat' dir='ltr'>preces</span> <span class='ocrx_word' id='word_1_247' title='bbox 496 2214 539 2250; x_wconf 80' lang='lat' dir='ltr'>et</span> <span class='ocrx_word' id='word_1_248' title='bbox 586 2209 703 2250; x_wconf 91' lang='lat' dir='ltr'>ducis</span> <span class='ocrx_word' id='word_1_249' title='bbox 748 2209 972 2264; x_wconf 86' lang='lat' dir='ltr'>imperium</span> <span class='ocrx_word' id='word_1_250' title='bbox 1018 2209 1219 2263; x_wconf 89' lang='lat' dir='ltr'>partitus,</span> <span class='ocrx_word' id='word_1_251' title='bbox 1268 2214 1313 2251; x_wconf 89' lang='lat' dir='ltr'>ut</span> <span class='ocrx_word' id='word_1_252' title='bbox 1356 2222 1433 2251; x_wconf 90' lang='lat' dir='ltr'>nec</span> <span class='ocrx_word' id='word_1_253' title='bbox 1465 2208 1591 2249; x_wconf 89' lang='lat' dir='ltr'>huius</span> 
     </span>
     <span class='ocr_line' id='line_1_40' title="bbox 138 2266 1588 2322; baseline 0.001 -15"><span class='ocrx_word' id='word_1_254' title='bbox 138 2267 385 2308; x_wconf 86' lang='lat' dir='ltr'>mandatum</span> <span class='ocrx_word' id='word_1_255' title='bbox 426 2267 662 2322; x_wconf 84' lang='lat' dir='ltr'>negligeret</span> <span class='ocrx_word' id='word_1_256' title='bbox 706 2281 783 2309; x_wconf 87' lang='lat' dir='ltr'>nec</span> <span class='ocrx_word' id='word_1_257' title='bbox 824 2268 936 2309; x_wconf 90' lang='lat' dir='ltr'>illius</span> <span class='ocrx_word' id='word_1_258' title='bbox 976 2267 1156 2310; x_wconf 88' lang='lat' dir='ltr'>salutem</span> <span class='ocrx_word' id='word_1_259' title='bbox 1197 2268 1367 2310; x_wconf 89' lang='lat' dir='ltr'>silencio</span> <span class='ocrx_word' id='word_1_260' title='bbox 1409 2266 1588 2308; x_wconf 87' lang='lat' dir='ltr'>falleret.</span> 
     </span>
     <span class='ocr_line' id='line_1_41' title="bbox 140 2325 1590 2382; baseline -0.001 -16"><span class='ocrx_word' id='word_1_261' title='bbox 140 2326 277 2374; x_wconf 76' lang='lat' dir='ltr'>Quam</span> <span class='ocrx_word' id='word_1_262' title='bbox 310 2327 575 2367; x_wconf 90' lang='lat' dir='ltr'>sentenciam</span> <span class='ocrx_word' id='word_1_263' title='bbox 617 2325 786 2379; x_wconf 91' lang='lat' dir='ltr'>publico</span> <span class='ocrx_word' id='word_1_264' title='bbox 831 2330 949 2368; x_wconf 89' lang='lat' dir='ltr'>metu</span> <span class='ocrx_word' id='word_1_265' title='bbox 982 2325 1205 2377; x_wconf 83' lang='lat' dir='ltr'>refutante,</span> <span class='ocrx_word' id='word_1_266' title='bbox 1239 2325 1417 2382; x_wconf 88' lang='lat' dir='ltr'>cupidus</span> <span class='ocrx_word' id='word_1_267' title='bbox 1449 2338 1590 2366; x_wconf 87' lang='lat' dir='ltr'>reuer-</span> 
     </span>
     <span class='ocr_line' id='line_1_42' title="bbox 136 2380 1592 2439; baseline -0.001 -14"><span class='ocrx_word' id='word_1_268' title='bbox 136 2384 264 2435; x_wconf 88' lang='lat' dir='ltr'>sionis</span> <span class='ocrx_word' id='word_1_269' title='bbox 299 2384 512 2425; x_wconf 84' lang='lat' dir='ltr'>exercitus</span> <span class='ocrx_word' id='word_1_270' title='bbox 545 2384 812 2425; x_wconf 88' lang='lat' dir='ltr'>occasionem</span> <span class='ocrx_word' id='word_1_271' title='bbox 841 2398 865 2425; x_wconf 89' lang='lat' dir='ltr'>a</span> <span class='ocrx_word' id='word_1_272' title='bbox 897 2389 1090 2439; x_wconf 85' lang='lat' dir='ltr'>tempore</span> <span class='ocrx_word' id='word_1_273' title='bbox 1128 2388 1345 2426; x_wconf 88' lang='lat' dir='ltr'>mutuatus</span> <span class='ocrx_word' id='word_1_274' title='bbox 1387 2387 1464 2424; x_wconf 89' lang='lat' dir='ltr'>est.</span> <span class='ocrx_word' id='word_1_275' title='bbox 1525 2380 1592 2423; x_wconf 89' lang='lat' dir='ltr'>Ne</span> 
     </span>
     <span class='ocr_line' id='line_1_43' title="bbox 140 2441 1589 2497; baseline -0.001 -14"><span class='ocrx_word' id='word_1_276' title='bbox 140 2442 248 2483; x_wconf 89' lang='lat' dir='ltr'>enim</span> <span class='ocrx_word' id='word_1_277' title='bbox 283 2442 337 2482; x_wconf 93' lang='lat' dir='ltr'>ob</span> <span class='ocrx_word' id='word_1_278' title='bbox 370 2442 544 2496; x_wconf 89' lang='lat' dir='ltr'>piscium</span> <span class='ocrx_word' id='word_1_279' title='bbox 576 2441 793 2482; x_wconf 86' lang='lat' dir='ltr'>raritatem</span> <span class='ocrx_word' id='word_1_280' title='bbox 824 2442 950 2494; x_wconf 89' lang='lat' dir='ltr'>ueris,</span> <span class='ocrx_word' id='word_1_281' title='bbox 983 2442 1095 2497; x_wconf 90' lang='lat' dir='ltr'>quod</span> <span class='ocrx_word' id='word_1_282' title='bbox 1129 2442 1397 2492; x_wconf 89' lang='lat' dir='ltr'>imminebat,</span> <span class='ocrx_word' id='word_1_283' title='bbox 1429 2444 1589 2482; x_wconf 90' lang='lat' dir='ltr'>statum</span> 
     </span>
     <span class='ocr_line' id='line_1_44' title="bbox 139 2499 1591 2555; baseline -0.001 -14"><span class='ocrx_word' id='word_1_284' title='bbox 139 2500 400 2555; x_wconf 86' lang='lat' dir='ltr'>solenneque</span> <span class='ocrx_word' id='word_1_285' title='bbox 430 2500 636 2541; x_wconf 88' lang='lat' dir='ltr'>ieiunium</span> <span class='ocrx_word' id='word_1_286' title='bbox 667 2499 878 2552; x_wconf 88' lang='lat' dir='ltr'>solueret,</span> <span class='ocrx_word' id='word_1_287' title='bbox 921 2500 1136 2542; x_wconf 88' lang='lat' dir='ltr'>remeandi</span> <span class='ocrx_word' id='word_1_288' title='bbox 1177 2500 1256 2541; x_wconf 89' lang='lat' dir='ltr'>sibi</span> <span class='ocrx_word' id='word_1_289' title='bbox 1292 2499 1591 2541; x_wconf 89' lang='lat' dir='ltr'>necessitatem</span> 
     </span>
     <span class='ocr_line' id='line_1_45' title="bbox 139 2557 1590 2614; baseline -0.001 -15"><span class='ocrx_word' id='word_1_290' title='bbox 139 2558 350 2612; x_wconf 87' lang='lat' dir='ltr'>imposuit,</span> <span class='ocrx_word' id='word_1_291' title='bbox 385 2558 582 2613; x_wconf 90' lang='lat' dir='ltr'>omnique</span> <span class='ocrx_word' id='word_1_292' title='bbox 615 2557 890 2599; x_wconf 88' lang='lat' dir='ltr'>simulacione</span> <span class='ocrx_word' id='word_1_293' title='bbox 923 2558 1262 2614; x_wconf 90' lang='lat' dir='ltr'>competencium</span> <span class='ocrx_word' id='word_1_294' title='bbox 1293 2557 1590 2599; x_wconf 87' lang='lat' dir='ltr'>alimentorum</span> 
     </span>
     <span class='ocr_line' id='line_1_46' title="bbox 141 2615 1591 2670; baseline -0.001 -14"><span class='ocrx_word' id='word_1_295' title='bbox 141 2616 398 2658; x_wconf 87' lang='lat' dir='ltr'>causabatur</span> <span class='ocrx_word' id='word_1_296' title='bbox 429 2616 629 2668; x_wconf 86' lang='lat' dir='ltr'>inopiam,</span> <span class='ocrx_word' id='word_1_297' title='bbox 661 2615 831 2669; x_wconf 91' lang='lat' dir='ltr'>ignauie</span> <span class='ocrx_word' id='word_1_298' title='bbox 862 2616 1051 2658; x_wconf 87' lang='lat' dir='ltr'>studium</span> <span class='ocrx_word' id='word_1_299' title='bbox 1072 2615 1289 2670; x_wconf 88' lang='lat' dir='ltr'>religionis</span> <span class='ocrx_word' id='word_1_300' title='bbox 1319 2615 1491 2656; x_wconf 90' lang='lat' dir='ltr'>nomine</span> <span class='ocrx_word' id='word_1_301' title='bbox 1522 2627 1591 2655; x_wconf 90' lang='lat' dir='ltr'>co-</span> 
     </span>
     <span class='ocr_line' id='line_1_47' title="bbox 140 2671 1591 2730; baseline 0.001 -14"><span class='ocrx_word' id='word_1_302' title='bbox 140 2674 333 2719; x_wconf 82' lang='lat' dir='ltr'>lorando,</span> <span class='ocrx_word' id='word_1_303' title='bbox 398 2673 523 2722; x_wconf 83' lang='lat' dir='ltr'>Quod</span> <span class='ocrx_word' id='word_1_304' title='bbox 555 2672 727 2730; x_wconf 88' lang='lat' dir='ltr'>quidem</span> <span class='ocrx_word' id='word_1_305' title='bbox 769 2673 808 2715; x_wconf 89' lang='lat' dir='ltr'>in</span> <span class='ocrx_word' id='word_1_306' title='bbox 842 2687 987 2716; x_wconf 82' lang='lat' dir='ltr'>corum</span> <span class='ocrx_word' id='word_1_307' title='bbox 1022 2671 1265 2728; x_wconf 80' lang='lat' dir='ltr'>abs&lt;c&gt;essu</span> <span class='ocrx_word' id='word_1_308' title='bbox 1308 2673 1404 2716; x_wconf 85' lang='lat' dir='ltr'>luce</span> <span class='ocrx_word' id='word_1_309' title='bbox 1438 2671 1591 2717; x_wconf 77' lang='lat' dir='ltr'>clarius</span> 
     </span>
    </p>
   </div>
   <div class='ocr_carea' id='block_1_11' title="bbox 1649 1164 1748 1198">
    <p class='ocr_par' dir='ltr' id='par_1_11' title="bbox 1649 1164 1748 1198">
     <span class='ocr_line' id='line_1_48' title="bbox 1649 1164 1748 1198; baseline 0.02 -7"><span class='ocrx_word' id='word_1_310' title='bbox 1649 1173 1675 1198; x_wconf 74' lang='lat' dir='ltr'>p.</span> <span class='ocrx_word' id='word_1_311' title='bbox 1696 1164 1748 1193; x_wconf 81' lang='lat'>7¹5</span> 
     </span>
    </p>
   </div>
  </div>
 </body>
</html>
