1884 3126
106 870 142 897 10

104 1162 140 1188 15

100 1744 137 1771 25

101 2034 139 2060 30

102 2323 137 2350 35

103 2612 139 2640 40

766 228 821 235 -
882 205 947 248 VI
1005 232 1059 237 —
1543 215 1625 257 183

180 330 321 387 opinio
375 331 556 387 quedam
601 346 728 387 super
769 332 900 388 ipsius
943 338 1039 376 ortu
1090 336 1244 378 racioni
1298 338 1625 383 inconsentanea

179 395 306 444 atque
338 404 362 430 a
393 391 485 433 ueri
516 389 600 432 fide
641 390 808 445 penitus
840 392 978 434 aliena
1016 395 1233 438 confinxit.
1294 396 1484 439 Tradunt
1515 400 1624 441 enim
1670 406 1676 411 '

179 447 370 504 quidam,
413 447 524 504 quod
556 463 581 490 a
612 449 855 504 gigantibus
887 450 1023 492 editus
1056 454 1283 495 monstrosi
1309 450 1478 509 ‘generis
1510 457 1625 499 habi-

179 512 267 548 tum
310 507 509 548 inusitata
558 521 760 548 manuum
791 508 1093 551 numerositate
1125 510 1375 567 prodiderit,
1414 520 1625 557 asserunt-

176 579 279 620 que⁷
312 564 428 606 Thor
460 564 586 606 deum
628 570 811 620 quatuor
851 581 903 609 ex
950 567 1038 618 his,
1081 568 1295 611 affluentis
1325 574 1475 614 nature
1517 572 1623 614 uicio

175 628 444 678 procreatas,
488 623 600 664 elisis
643 638 874 666 neruorum
907 626 1182 680 compagibus
1225 628 1454 681 auulsisse‚
1498 635 1624 686 atque

174 681 228 723 ab
262 682 507 736 integritate
538 682 727 736 corporis
758 682 1018 739 prodigiales
1052 684 1280 739 digitorum
1312 687 1471 729 eruisse
1513 702 1622 730 com-

175 740 341 795 plexus,
373 739 432 781 ita
464 744 523 792 ut,
557 738 721 781 duabus
753 745 917 782 tantum
950 741 1127 796 relictis,
1162 756 1335 797 corpus,
1380 745 1489 800 quod
1524 752 1622 787 ante

174 798 215 839 in
248 797 451 853 gigantee
482 797 731 852 granditatis
764 802 919 840 statum
954 800 1179 842 effluxerat
1225 802 1397 857 eiusque
1443 803 1621 845 formam

172 856 344 897 informi
374 856 658 898 membrorum
703 857 974 899 multitudine
1018 860 1363 913 representabat,
1400 866 1493 915 post
1536 877 1623 903 mo-

174 914 272 955 dum
306 914 478 956 meliore
513 915 768 969 castigatum
807 916 1032 958 simulacro
1066 917 1287 960 breuitatis
1324 918 1504 961 humano
1536 935 1623 962 mo-

174 972 273 1015 dulo
308 976 542 1027 caperetur.

315 1030 424 1072 Olim
458 1031 567 1073 enim
589 1030 760 1085 quidam
783 1031 946 1086 magice
969 1032 1070 1073 artis
1102 1033 1262 1085 imbuti,
1287 1033 1402 1075 Thor
1424 1034 1623 1077 uidelicet

175 1093 218 1131 ct
250 1088 432 1131 Othinus
484 1089 640 1144 aliique
690 1090 930 1145 complures
971 1090 1162 1132 miranda
1196 1092 1493 1147 prestigiorum
1537 1107 1620 1134 ma-

172 1147 417 1188 chinacione
439 1147 671 1200 callentes,
713 1147 899 1189 obtentis
923 1148 1171 1204 simplicium
1195 1150 1355 1201 animis,
1389 1150 1621 1193 diuinitatis

172 1205 251 1246 sibi
311 1204 530 1260 fastigium
576 1219 780 1260 arrogare
827 1212 1046 1261 ceperunt.
1131 1207 1297 1263 Quippe
1344 1207 1621 1263 Noruagiam,

172 1263 358 1319 Suetiarn
393 1278 439 1305 ac
473 1263 669 1316 Daniam,
706 1264 931 1306 uanissime
964 1265 1223 1307 credulitatis
1255 1267 1418 1322 laqueis
1451 1267 1623 1308 circum-

173 1326 335 1374 uentas,
367 1321 420 1363 ad
453 1322 590 1364 cultus
623 1322 701 1364 sibi
739 1322 951 1378 pendendi
991 1323 1176 1364 studium
1210 1325 1487 1374 concitantes,
1528 1339 1620 1380 pre-

172 1380 295 1435 cipuo
313 1380 618 1422 ludificacionis
642 1395 716 1423 sue
741 1381 935 1436 contagio
959 1388 1262 1436 resperserunt.
1296 1382 1417 1423 Adeo
1441 1396 1620 1437 namque

101 1453 117 1466 ··
170 1437 337 1480 fallacie
362 1452 508 1481 eorum
531 1438 707 1480 effectus
731 1439 983 1494 percrebuit,
1005 1445 1051 1480 ut
1072 1439 1113 1480 in
1135 1439 1235 1494 ipsis
1258 1441 1387 1482 ceteri
1409 1440 1619 1495 quandam

171 1496 389 1538 numinum
420 1497 659 1552 potenciam
692 1501 967 1548 uenerantes,
999 1511 1156 1553 eosque
1202 1497 1304 1539 deos
1346 1497 1413 1539 uel
1444 1497 1618 1539 deorum

172 1555 395 1611 complices
433 1554 762 1605 ‘autumantes‚*
805 1555 1106 1597 ueneficiorum
1149 1555 1390 1597 auctoribus
1432 1556 1617 1598 solennia

170 1619 270 1655 uota
317 1612 634 1669 dependerent,
687 1618 729 1655 et
776 1614 908 1655 errori
955 1613 1160 1668 sacrilego
1207 1619 1445 1668 respectum
1492 1613 1618 1656 sacris

172 1670 361 1712 debitum
405 1671 672 1714 exhiberent.
749 1671 844 1720 Quo
887 1672 1054 1724 euenit,
1100 1676 1146 1712 ut
1188 1671 1374 1726 legitima
1417 1671 1614 1713 feriarum

169 1728 298 1771 series
325 1730 330 1782 1
359 1729 471 1785 apud
507 1743 584 1771 nos
607 1729 837 1771 eorundem
871 1729 1110 1771 nominibus
1133 1734 1366 1782 censeatur,
1401 1744 1494 1770 cum
1519 1729 1617 1784 ipsis

169 1787 420 1829 Latinorum
469 1792 636 1829 ueteres
683 1788 776 1830 siue
806 1802 832 1829 a
864 1787 1037 1830 deorum
1069 1802 1242 1829 suorum
1274 1787 1492 1828 uocabulis
1528 1787 1617 1828 siue

171 1859 195 1886 a
226 1851 404 1900 septeno
436 1846 707 1902 planetarum
749 1859 925 1887 numero
972 1845 1338 1900 nuncupacionem
1378 1845 1616 1899 singulatim

170 1902 397 1959 adaptasse
428 1909 673 1946 noscantur.
717 1903 803 1945 Eos
835 1907 992 1956 tamen,
1024 1903 1091 1958 qui
1124 1918 1148 1943 a
1170 1903 1324 1944 nostris
1357 1903 1616 1950 colebantur,

170 1975 253 2003 non
289 1975 394 2015 esse,
427 1975 534 2017 quos
555 1962 846 2004 Romanorum
879 1961 1154 2003 uetustissimi
1177 1961 1323 2004 Iouem
1345 1961 1617 2002 Mercurium-

171 2034 252 2074 que
285 2019 456 2073 dixerc,
494 2020 564 2062 uel
596 2020 748 2075 quibus
792 2020 943 2062 Grecia
975 2019 1230 2075 Latiumque
1263 2020 1433 2074 plenum
1473 2031 1616 2073 super·

170 2077 358 2118 sticionis
390 2078 641 2133 obsequium
675 2078 964 2129 exsoluerunt,
1005 2092 1059 2118 ex
1090 2078 1180 2132 ipsa
1224 2077 1379 2132 liquido
1419 2077 1615 2118 feriarum

170 2135 464 2190 appellacione
497 2136 721 2191 colligitur.
771 2136 834 2178 Ea
873 2135 1007 2188 enim,
1043 2150 1124 2190 que
1156 2135 1268 2190 apud
1302 2138 1465 2177 nostros
1501 2133 1615 2174 Thor

171 2194 238 2234 uel
262 2192 408 2235 Othini
441 2193 530 2236 dies
562 2195 726 2245 dicitur,
758 2194 870 2249 apud
902 2194 996 2234 illos
1032 2193 1152 2235 Iouis
1184 2194 1252 2234 uel
1287 2192 1482 2234 Mercurii
1514 2191 1616 2232 feria

170 2257 456 2308 nuncupatur:
518 2252 562 2294 Si
607 2266 707 2308 ergo
739 2252 854 2294 Thor
886 2252 1055 2298 Iouem,
1104 2251 1307 2292 Othinum
1350 2249 1615 2299 Mercurium,

157 2309 291 2354 ,iuxta
337 2309 558 2365 designate
602 2310 968 2366 interpretacionis
1013 2309 1328 2351 distinccionem
1371 2307 1614 2362 accipimus,

171 2371 370 2410 manente
403 2372 643 2411 nostrorum
678 2368 941 2419 assercione,
976 2366 1120 2409 Iouem
1154 2366 1349 2408 Mercurii
1380 2365 1510 2406 filium
1544 2379 1614 2405 ex-

172 2425 306 2468 titisse
339 2425 619 2479 conuincitur‚
651 2426 764 2482 apud
796 2441 902 2482 quos
924 2425 1039 2466 Thor
1063 2424 1219 2466 Othino
1251 2424 1415 2478 genitus
1449 2421 1613 2476 uulgari

172 2483 388 2525 sentencia
418 2483 680 2539 perhibetur.
726 2484 834 2526 Cum
872 2497 972 2538 ergo
995 2482 1137 2524 Latini
1168 2481 1376 2523 contrario
1409 2479 1613 2534 opinionis

172 2546 322 2584 tenore
345 2542 605 2586 Mercurium
629 2541 735 2584 Ioue
768 2542 928 2583 editum
961 2544 1219 2592 asseuerent⁷
1251 2542 1392 2588 restat,
1425 2542 1485 2590 ut,
1517 2551 1614 2578 con-

172 2603 311 2642 stante
344 2612 495 2642 eorum
516 2599 822 2654 affirmacione,
854 2598 970 2643 Thor
987 2598 1115 2640 alium
1146 2611 1271 2655 quam
1302 2595 1462 2651 Iouem,
1496 2593 1614 2635 Othi-

1688 1563 1755 1591 LVb

1635 1738 1640 1743 ·
1672 1735 1699 1760 p.
1719 1727 1768 1753 275
