1884 3126
228 881 260 908 10

226 1169 260 1196 15

221 1457 257 1484 20

222 1746 258 1772 25

220 2034 257 2062 30

223 2323 258 2351 35

293 225 376 268 436
848 244 901 251 —-
961 220 1076 263 XIII
1136 245 1190 254 -—

292 351 460 394 Erieum
504 364 627 405 quam
668 348 780 390 Erici
824 348 1165 403 impugnatorem
1205 346 1397 388 ardebat.
1459 346 1610 402 Itaque
1653 360 1736 388 non

293 410 426 452 solum
450 409 538 449 eius
562 421 676 448 arma
699 405 898 458 deseruit,
922 405 995 446 sed
1020 406 1166 457 eciam,
1190 418 1271 459 quo
1296 404 1544 446 ualidiorem
1562 404 1736 446 Nicolao

294 481 415 522 opem
447 464 719 520 impenderet,
753 463 984 515 castellum,
1017 463 1130 518 quod
1153 463 1192 503 in
1215 462 1503 517 Roskyldensi
1537 463 1737 504 suburbio

293 525 461 565 molitus
503 523 663 574 fuerat,
706 522 961 576 impensiore
1001 521 1264 561 munimento
1297 520 1494 572 uallauit,
1536 520 1737 561 inuidiam

292 583 475 623 fraterna
498 580 734 634 prelacione
757 583 999 633 conceptam
1021 578 1197 633 perfidia
1218 577 1470 620 defeccionis
1502 579 1736 620 exsacians.

293 638 411 680 Idem
453 652 545 679 eum
577 637 726 679 Erieus
774 650 927 691 magna
961 635 1298 677 sialandensium
1342 650 1467 677 manu
1508 650 1584 691 per
1629 636 1736 678 obsi-

292 696 457 738 dionem
502 695 745 748 clausisset,
788 695 970 748 uallique
1011 694 1266 735 firmioribus
1300 693 1529 735 obstaculis
1563 699 1737 735 conatus

291 768 390 795 suos
433 753 483 793 ad
525 753 696 794 modum
742 752 1003 807 interpellari
1045 752 1239 804 uideret,
1285 766 1309 792 a
1351 751 1621 804 Saxonibus,
1669 752 1739 806 qui

291 811 529 866 Roskyldie
562 811 797 865 degebant,
841 814 1147 851 tormentorum
1181 809 1360 851 artificia
1391 814 1631 861 mutuatus,
1665 810 1738 851 do-

292 869 485 911 mesticas
516 869 629 909 uires
662 868 846 909 externis
879 867 1109 909 cuinulauit
1142 867 1332 921 ingeniis.
1390 867 1558 923 Quippe
1589 868 1738 923 nostri,

290 941 429 969 rerum
463 927 604 967 adhuc
634 926 877 967 militarium
910 925 1058 978 rudes,
1092 939 1187 967 raro
1219 925 1368 966 talium
1400 940 1480 967 usu
1512 925 1736 968 callebant.

289 985 478 1026 Primum
509 984 653 1039 itaque
686 998 851 1035 saxum,
884 997 1032 1038 parum
1066 988 1222 1038 uegeto
1254 983 1369 1024 iactu
1401 984 1738 1026 machinamento

291 1047 480 1096 egestum
514 1043 700 1096 citraque
733 1042 831 1082 ualli
865 1042 1222 1096 propinquitatem
1256 1042 1512 1096 collapsum,
1552 1041 1734 1082 ludibrio

292 1100 577 1142 castrensibus
610 1100 701 1141 fuit.
765 1099 1004 1153 Siquidem,
1037 1100 1156 1140 irrisa
1188 1100 1387 1140 tormenti
1420 1100 1476 1152 ui,
1510 1100 1736 1141 ulteriores

292 1159 379 1200 eius
421 1158 626 1212 impulsus
666 1157 804 1198 irritos
847 1158 1177 1211 augurabantur.
1242 1156 1483 1198 Secundum
1520 1157 1736 1198 ineitacius

290 1221 430 1257 aetum
454 1230 500 1256 ac
522 1215 696 1256 mirifico
723 1215 887 1256 cuidam
912 1220 1023 1256 tecto
1057 1228 1240 1270 superne
1271 1215 1514 1270 impactum,
1547 1216 1737 1270 pondere

290 1279 332 1315 et
352 1274 521 1315 incussu
544 1287 620 1314 suo
643 1272 834 1314 funditus
856 1273 1090 1327 penetralia
1122 1273 1498 1326 transuerberauit,
1532 1273 1736 1328 edemque

289 1345 444 1386 magno
479 1345 570 1372 eum
603 1331 771 1383 fragore
805 1331 969 1372 collisit.
1023 1330 1116 1378 Que
1150 1331 1312 1384 domus,
1344 1330 1611 1372 fundamenti
1642 1332 1735 1372 loco

289 1389 432 1444 lignea
471 1393 634 1430 tantum
680 1389 779 1430 base
821 1389 1022 1440 subnixa,
1071 1388 1289 1443 eidemque
1324 1389 1443 1430 uelut
1476 1389 1633 1430 cardini
1663 1389 1737 1430 im-

289 1448 464 1500 minens,
496 1446 582 1488 leui
615 1449 775 1488 attactu
800 1447 1033 1501 quamlibet
1055 1446 1097 1487 in
1119 1451 1285 1501 partem
1307 1446 1535 1501 qircumagi
1556 1452 1735 1502 poterat.

291 1505 384 1553 Quo
418 1502 570 1557 uiso,*
612 1503 824 1545 Haraldus
857 1504 1067 1556 fiduciam,
1100 1518 1229 1557 quam
1263 1519 1315 1546 ex
1347 1505 1469 1559 primi
1502 1505 1634 1546 iactus
1666 1504 1736 1546 de-

289 1562 404 1604 fectu
447 1566 724 1616 conceperat,
766 1563 806 1603 in
839 1562 1012 1603 secundi
1054 1576 1252 1616 processu
1294 1562 1507 1616 deponere
1551 1567 1736 1612 coaetus,

290 1634 384 1661 cum
426 1634 562 1675 neque
595 1634 639 1660 se
672 1620 782 1661 domi
830 1619 1093 1662 obsidionem
1136 1620 1318 1661 laturum
1360 1634 1498 1676 neque
1529 1620 1631 1661 foris
1664 1635 1735 1661 au-

289 1678 391 1719 xilia
422 1682 695 1733 accepturum
727 1683 940 1733 speraret,
983 1683 1134 1731 noctu,
1178 1679 1386 1719 maritima
1418 1678 1583 1732 aggeris
1614 1683 1735 1733 parte

288 1735 524 1791 perfracta,
566 1735 677 1790 quod
712 1737 764 1777 ab
798 1737 920 1778 hoste
952 1736 1239 1791 negligencius
1275 1736 1561 1789 obsideretur,
1605 1750 1736 1792 equos

288 1807 364 1848 per
413 1800 615 1849 prerupta
666 1793 869 1836 demissos
928 1795 1060 1849 pedes
1113 1808 1206 1835 cum
1257 1794 1341 1835 suis
1391 1795 1558 1849 insequi
1612 1794 1735 1848 cepit.

291 1850 485 1907 Cumque
520 1852 619 1892 totis
652 1852 693 1892 in
727 1854 875 1894 castris
909 1853 1115 1894 tumultus
1149 1852 1407 1904 exoriretur,
1440 1852 1567 1894 citato
1600 1853 1735 1893 acrius

291 1924 400 1965 equo
434 1909 752 1964 comitibusque,
784 1916 831 1952 ut
867 1910 1056 1952 Haraldo
1090 1914 1402 1959 occurreretur,
1446 1910 1498 1951 de
1529 1910 1736 1951 industria

289 1967 512 2008 uociferari
550 1968 698 2021 iussis,
741 1982 823 2009 non
869 1968 1108 2018 Haraldus,
1150 1968 1223 2009 sed
1268 1968 1446 2009 Haraldi
1487 1969 1736 2024 insequutor

289 2025 482 2075 creditus,
513 2026 622 2067 inter
654 2026 814 2067 medios
846 2026 1207 2082 perstrepeneium
1232 2026 1382 2080 globos
1411 2028 1417 2075 1
1444 2025 1609 2067 facilem
1632 2026 1733 2080 fuge

288 2086 474 2124 meatum
506 2083 666 2124 habuit.
711 2084 862 2140 Itaque
894 2099 979 2126 non
1011 2085 1149 2125 minus
1181 2084 1277 2125 ficte
1308 2083 1566 2138 fugiencium
1599 2097 1735 2135 uoces,

290 2154 414 2196 quam
454 2141 655 2196 temporis
698 2142 866 2184 habitus
905 2143 1088 2184 hostium
1133 2142 1494 2198 existirnacionem
1534 2141 1734 2184 fefellisse

291 2198 530 2240 creduntur.
583 2199 719 2240 Fuere
752 2206 894 2242 tamen
928 2215 980 2242 ex
1015 2199 1293 2251 Teutonibus,
1327 2200 1395 2255 qui
1428 2199 1540 2240 hunc
1571 2199 1610 2240 in
1644 2200 1735 2254 ipso

290 2255 390 2310 fuge
423 2271 623 2311 procursu
655 2259 818 2311 sagittis
851 2273 875 2300 a
908 2273 952 2299 se
987 2257 1201 2299 confixum
1232 2261 1482 2298 assererent.
1530 2257 1598 2298 Ita
1628 2256 1735 2298 uafri

289 2314 447 2368 ingenii
470 2314 557 2356 dux
580 2315 840 2358 obsidionem
867 2321 968 2369 arte,
990 2316 1224 2372 perieulum
1248 2315 1474 2356 calliditate
1496 2315 1735 2368 frustratus,

290 2378 457 2426 reperta
499 2377 615 2425 rate,
656 2373 810 2415 Iutiam
851 2375 971 2429 petit.
1035 2374 1172 2422 Quem
1203 2372 1428 2425 Nicolaus,
1469 2373 1644 2427 perinde
1687 2386 1735 2413 ac

291 2430 480 2483 partibus
511 2432 596 2473 suis
618 2431 659 2471 in
682 2430 897 2473 Sialandia
929 2435 1284 2487 propugnantem,
1315 2445 1400 2472 non
1432 2431 1568 2472 solum
1600 2431 1733 2485 regali

291 2486 574 2530 beneficeneia
618 2496 894 2549 prosecutus,
943 2490 1016 2531 sed
1058 2490 1189 2530 eciam
1235 2488 1376 2544 primis
1421 2489 1530 2529 inter
1576 2489 1734 2530 amieos

291 2543 521 2587 bonoribus
568 2552 794 2590 ueneratus
843 2553 919 2601 est.
993 2546 1082 2589 Nee
1128 2551 1268 2588 tamen
1317 2546 1553 2602 suspicione
1598 2559 1734 2587 uacua

1758 1513 1884 1541 cxxl)

1788 2041 1815 2065 p.
1838 2032 1884 2059 651
