1884 3126
682 317 733 323 —
796 295 935 337 XIIII
995 320 1048 328 -
1505 300 1586 340 629

138 423 328 464 auersari
358 436 443 464 non
474 422 652 466 dubitet.
715 423 836 466 Tunc
871 427 1022 480 cuncti,
1057 427 1248 482 quisnam
1294 428 1348 469 ab
1380 441 1429 469 eo
1463 427 1588 471 desti-

137 484 322 535 naretur,
355 482 495 522 animo
527 481 860 537 perpendentes,
891 484 1026 525 solam
1060 485 1259 526 uocabuli
1291 485 1589 528 certitudinem

138 539 346 593 flagitant.
409 539 466 581 Et
497 539 582 591 ille,
612 539 958 596 Roskildensem,
991 543 1138 597 inquit,
1170 543 1429 598 antistitem,
1460 545 1589 586 michi

139 597 482 653 propinquitate,
532 597 655 639 uobis
683 600 688 651 Ι
717 599 916 654 opinione
966 604 1138 652 notum,
1187 601 1375 656 designO.
1451 602 1589 657 Igitur
1642 620 1671 644 p·
1691 610 1742 638 916

92 666 109 694 5
140 654 475 711 compluri*bus,
534 655 644 697 bene
695 657 870 698 ecclesie
924 659 1185 711 consultum,
1238 659 1794 712 ac'clamantibus‚cnxxva

139 728 356 768 exurgens
379 714 584 767 Absalon,
607 714 806 757 maiorem
829 715 941 756 hunc
971 715 1141 770 fascem,
1165 731 1289 772 quam
1322 723 1369 758 ut
1402 718 1587 760 humeris

139 772 224 814 suis
255 772 416 827 imponi
447 772 615 827 debeat,
646 772 801 827 refert,
834 773 950 814 nullo
984 789 1029 816 se
1059 779 1183 830 pacto
1224 775 1277 815 ad
1309 775 1587 819 deserendam

139 830 360 872 ecclesiam
394 829 548 872 adduci
579 830 785 886 prefatus,
818 845 960 886 qua-m,
994 833 1303 887 angustissimis
1334 835 1396 875 rei
1426 834 1587 876 Danice

138 888 398 943 temporibus
450 893 716 944 susceptam,
767 889 821 931 ad
875 890 1127 931 eminentem
1179 890 1349 932 fortune
1396 892 1586 933 habiturn

75 956 108 984 10
138 960 304 988 summa
335 946 463 988 animi
495 947 772 1002 corporisque
805 946 1065 1002 fatigacione
1086 947 1350 1003 perduxerit,
1384 950 1587 1006 cuiusque

137 1018 223 1046 non
254 1004 387 1046 solum
422 1008 651 1047 externum
684 1005 852 1047 hostem
883 1006 1010 1047 armis
1033 1007 1308 1060 submouerit,
1343 1007 1418 1049 sed
1454 1008 1589 1049 eciam

137 1067 328 1104 ueterem
376 1066 504 1118 atque
545 1062 843 1105 hereditariam
897 1068 1191 1119 paupertatem
1232 1063 1424 1106 felicibus
1458 1079 1589 1120 opum

137 1121 414 1163 incrementis
451 1122 694 1163 mutauerit.
767 1121 875 1163 Tum
924 1122 972 1171 ii,
1018 1123 1169 1177 quibus
1217 1122 1476 1177 suffragandi
1523 1124 1588 1165 ius

139 1182 243 1231 erat,
275 1178 330 1220 ab
361 1178 525 1221 Eskillo
558 1179 769 1221 taciturne
802 1179 1071 1222 hesitaeionis
1094 1180 1300 1235 increpiti,
1334 1187 1387 1231 et,
1421 1182 1588 1222 cuinam

70 1247 105 1275 15
135 1236 260 1279 officii
304 1238 369 1279 sui
399 1241 542 1292 partes
574 1237 724 1279 cedere
755 1238 939 1288 uellent,
971 1240 1131 1294 rogati,
1174 1238 1347 1294 paribus
1378 1239 1419 1280 in
1453 1239 1589 1281 Absa-

135 1295 279 1336 lonem
309 1295 422 1336 uotis
452 1296 749 1351 pronunciant,
783 1295 975 1351 adeoque
1016 1296 1248 1339 concordes
1287 1296 1587 1351 suffragiorum

137 1367 264 1395 uoces
296 1354 474 1407 misere,
507 1359 555 1395 ut
585 1354 691 1395 nihil
727 1354 770 1395 in
803 1354 866 1395 his
900 1354 1113 1397 diuersum
1147 1360 1221 1395 aut
1264 1354 1437 1396 dubium
1469 1368 1588 1410 repe-

136 1411 253 1454 rires.
315 1411 407 1453 Nec
448 1412 531 1453 oris
564 1411 705 1453 officio
751 1413 951 1460 contenti,
985 1427 1111 1454 manu
1146 1411 1493 1468 comprehensum
1535 1413 1587 1454 ad

138 1469 297 1522 sedem,
330 1483 455 1525 quam
489 1471 528 1511 ei
572 1484 679 1511 uoce
721 1470 984 1522 detulerant,
1015 1472 1056 1512 ui
1090 1471 1336 1526 pertrahere
1369 1475 1587 1512 conantur.

69 1537 105 1564 20
136 1526 246 1569 Nam
294 1529 453 1583 primus
502 1527 693 1570 Eskillus
740 1528 891 1571 iniecte
931 1529 973 1570 in
1021 1543 1116 1570 eum
1165 1529 1341 1570 dextere
1390 1529 1586 1583 exemplo

138 1586 291 1627 ceteris
333 1585 445 1628 idem
486 1586 672 1628 audendi
718 1586 914 1627 fiduciam
956 1587 1141 1629 tribuere
1187 1586 1426 1630 uidebatur.
1505 1587 1588 1635 Qui

141 1644 293 1699 eciam,
326 1649 373 1685 ut
413 1647 504 1686 mo's
547 1647 635 1700 est,
676 1645 897 1687 concinere
933 1646 1095 1698 exorsi,
1127 1644 1335 1686 celebrem
1368 1645 1586 1687 eleccionis

138 1701 409 1744 concordiam
442 1702 596 1744 decoro
630 1703 836 1758 psallendi
861 1703 999 1744 officio
1023 1706 1350 1759 prosequuntur.
1397 1702 1588 1750 Quorum

138 1761 313 1816 plenum
355 1761 650 1803 ueneracionis
691 1766 944 1803 concentum
988 1762 1192 1817 populus,
1234 1760 1395 1815 ingenti
1435 1761 1587 1815 plausu

68 1827 105 1854 25
134 1818 393 1874 tripudians,
437 1833 556 1861 sacro
600 1819 809 1861 cantilene
849 1833 1004 1875 genere
1060 1819 1343 1870 emulabatur,
1389 1818 1584 1873 gloriosis

137 1876 383 1918 clericorum
417 1877 594 1919 uocibus
627 1877 785 1933 aliquid
809 1877 1039 1918 honorifice
1062 1877 1373 1918 modulacionis
1405 1876 1584 1918 adiicere

135 1934 374 1989 gestiendo,
405 1935 731 1990 personantibus
759 1936 861 1989 aliis,
896 1935 1125 1977 deformem
1149 1935 1229 1977 sibi
1251 1934 1588 1976 taciturnitatem

137 1990 397 2036 existimans
475 1992 596 2036 Adeo
636 1994 678 2034 in
721 1993 915 2048 eligendo
960 2007 1009 2034 eo
1051 1996 1140 2035 tota
1185 1992 1412 2034 multitudo
1458 2006 1587 2033 unam

137 2050 332 2092 beniuole
373 2051 693 2105 suffragacionis
735 2066 884 2093 uocem
917 2051 1080 2093 habuit.
1142 2051 1221 2092 Ille
1265 2064 1368 2091 uero
1402 2049 1587 2091 trahenti

68 2117 104 2144 30
136 2123 182 2151 se
223 2109 349 2150 turbe
391 2110 564 2151 summis
608 2110 797 2165 corporis
839 2110 1000 2151 uiribus
1044 2109 1313 2161 obluctatus,
1346 2108 1585 2163 complures

137 2166 377 2209 robustiore
419 2168 604 2223 impulsu
636 2167 864 2223 precipites
904 2169 1078 2209 humum
1123 2171 1271 2221 petere
1304 2166 1455 2220 coegit.
1516 2163 1586 2205 Ab

136 2224 285 2266 iisdem
332 2225 510 2280 quoque'
543 2227 697 2267 exuuie
737 2226 933 2267 renitenti
978 2225 1184 2274 detracte,
1221 2224 1387 2278 iamque
1427 2237 1492 2264 res
1534 2222 1586 2264 ad

137 2282 222 2323 uim
255 2286 296 2324 et
339 2283 476 2325 rixam
518 2297 651 2339 usque
690 2297 918 2339 progressa
951 2283 1187 2339 permixtos
1229 2282 1406 2336 strepitu
1438 2285 1585 2322 cantus

140 2340 334 2382 exaudiri
364 2355 448 2382 non
479 2342 739 2396 paciebatur.
801 2342 939 2396 Igitur
960 2341 1151 2384 Absalon
1186 2338 1237 2380 ad
1269 2339 1415 2380 sedem
1446 2338 1586 2392 ponti-

69 2408 104 2435 35
135 2398 245 2439 ficali
283 2399 453 2454 fastigio
497 2404 787 2441 consecratam
818 2400 890 2454 pia
920 2399 1056 2454 plebis
1099 2398 1308 2440 uiolencia
1339 2396 1585 2450 perductus,

137 2456 179 2497 in
202 2471 252 2498 ea
284 2457 483 2498 collocari
513 2471 661 2513 passus
695 2472 780 2498 non
812 2461 888 2508 est,
921 2472 973 2498 ne
1006 2457 1093 2498 ulla
1116 2471 1169 2497 ex
1191 2459 1309 2510 parte
1333 2454 1586 2507 cogentibus

137 2515 332 2555 assentiri
363 2519 597 2570 putaretur.
662 2515 799 2563 Quam
831 2515 886 2556 ob
917 2529 1007 2556 rem
1039 2515 1153 2571 prius
1185 2513 1236 2554 ab
1269 2511 1449 2565 Eskil10,
1483 2525 1585 2552 mox

138 2585 163 2612 a
194 2571 473 2614 waldemaro
506 2573 636 2615 oblati
668 2573 746 2614 sibi
779 2572 981 2614 diuinitus
1013 2571 1178 2613 honoris
1222 2573 1469 2611 ornamenta
1500 2583 1587 2610 am-

137 2630 265 2685 plecti
305 2635 505 2686 rogatus,
549 2646 603 2673 ne
635 2630 846 2686 presentis
891 2629 1070 2672 ecclesie
1102 2629 1368 2669 maiestatem
1399 2640 1511 2667 nouo
1545 2630 1587 2668 et

68 2702 106 2728 40
136 2687 326 2730 inaudito
360 2693 606 2745 contemptu
639 2689 927 2747 perfunderet,
957 2688 1184 2743 impetrata
1215 2685 1419 2742 loquendi
1453 2684 1586 2741 copia,
