1884 3126
57 914 91 942 10

59 1206 90 1233 15

51 1499 88 1527 20

53 1786 92 1814 25

54 2083 91 2110 30

57 2371 93 2399 35

57 2663 94 2691 40

662 263 717 275 -·-
777 242 919 286 XIIII
978 266 1033 273 —-
1190 264 1193 267 ·
1495 241 1579 284 537

124 374 278 417 adduci
310 379 476 431 potero,
508 378 554 416 ut
586 374 811 416 teterrimis
842 373 1016 429 ignauie
1049 378 1123 416 tue
1144 372 1315 415 monitis
1337 372 1580 415 consentire

125 434 370 476 sustineam.
418 432 484 476 Ita
506 432 714 476 salutares
738 432 918 475 Esberni
940 433 1128 475 monitus
1150 432 1267 487 regie
1289 431 1581 474 festinacionis

124 493 311 548 impetus
355 495 609 548 aspernatus
650 495 727 533 est.
792 490 910 539 Quos
953 492 988 532 si
1030 490 1183 532 imitari
1217 489 1450 544 uoluisset,
1482 503 1580 545 sup-

124 551 255 606 plices
289 549 434 592 Cesari
465 564 615 592 manus
648 549 892 592 deformiter
923 563 1008 591 non
1033 549 1232 591 dedisset.
1282 547 1422 603 Adeo,
1454 562 1583 604 quem

124 609 376 651 temeritatis
423 610 615 651 incursus
665 612 956 650 transuersum
1008 607 1185 664 abripit,
1233 611 1347 648 recto
1397 607 1581 649 racionis

128 668 343 709 estimacio
390 668 560 710 deserit.
637 667 859 721 Ingressos
906 666 1106 707 Bremam
1158 665 1341 707 ciuitatis
1388 665 1581 719 antistes,

127 726 325 769 omnibus
358 726 634 767 humanitatis
666 725 853 767 numeris
885 724 1236 766 instructissimus
1263 724 1581 780 clemenciaque

126 789 168 826 et
190 784 446 827 liberalitate
461 785 733 839 conspicuus,
754 783 1083 839 impensioribus
1107 782 1407 837 hospitalitatis
1435 782 1582 824 officiis

124 843 446 899 prosequendos
478 843 677 898 suscepit.
742 841 860 884 Idem
894 841 946 883 de
978 841 1110 884 ductu
1143 841 1283 882 dando
1317 841 1581 892 sollicitatus,

124 901 354 943 comitandi
396 901 472 944 sibi
515 915 682 956 regem,
726 914 811 942 non
854 900 1057 941 ductandi
1098 900 1162 941 fas
1206 913 1298 941 esse
1347 899 1582 955 respondit.

125 959 378 1015 Complures
420 974 588 1015 quoque
624 959 813 1001 Saxonie
854 959 1089 1016 principes,
1131 972 1212 1013 quo
1256 958 1392 1000 tucius
1424 958 1583 1000 curiam

124 1021 340 1072 peterent,
382 1019 509 1073 regiis
555 1032 601 1060 se
631 1017 930 1059 sodalitatibus
963 1017 1274 1070 deuinxerunt,
1308 1017 1415 1059 adeo
1448 1022 1495 1058 ut
1529 1016 1582 1058 de

123 1076 350 1118 Danorum
392 1077 552 1119 familia
593 1090 641 1118 ac
684 1089 815 1131 grege
855 1076 1037 1118 existere
1080 1080 1344 1131 putarentur.
1413 1075 1582 1131 Itaque,

125 1140 342 1177 crescente
377 1135 466 1177 eius
508 1134 736 1187 comitatu,
785 1148 881 1187 cum
923 1134 1152 1175 multitudo
1186 1134 1373 1188 speciem
1416 1133 1582 1176 hostilis

125 1194 337 1235 exercitus
370 1194 546 1235 reddere
580 1192 812 1247 uideretur,
843 1192 1138 1249 perterrefacti
1158 1192 1298 1234 incole
1320 1206 1416 1234 cum
1439 1192 1582 1233 uxori-

124 1252 202 1293 bus
235 1266 284 1293 ac
316 1252 458 1294 liberis
491 1252 647 1293 diuinis
680 1252 818 1293 semet
850 1251 1077 1308 penatibus
1104 1251 1353 1304 intulerunt,
1383 1264 1410 1292 a
1442 1264 1583 1292 sacra-

121 1324 214 1351 rum
255 1309 396 1351 edium
437 1310 637 1366 hospiciis
665 1312 671 1361 1
699 1310 904 1351 auxilium
953 1309 1171 1365 quesituri.
1241 1308 1307 1351 Eo
1351 1312 1581 1364 comperto,

122 1383 197 1409 rex
231 1369 432 1423 premisit,
465 1370 536 1425 qui
569 1369 710 1423 gentis
733 1368 1071 1424 trepidacionem
1103 1367 1218 1423 pacis
1250 1367 1583 1409 denunciacione

123 1426 399 1481 corrigerent,
431 1427 596 1483 sibique
628 1431 942 1468 commeatuum
965 1427 1229 1483 empcionem
1254 1426 1341 1468 fieri
1369 1426 1578 1468 iuberent.

121 1484 228 1527 Cum
260 1485 313 1526 ad
346 1486 496 1527 urbem
528 1485 683 1527 Methis
718 1482 947 1539 uenisset,*
978 1484 1199 1541 oppidanis
1232 1484 1286 1526 ob
1319 1485 1579 1526 aduenarum

124 1543 413 1599 frequenciam
467 1544 742 1585 emendorum
790 1544 931 1598 precia
975 1543 1336 1598 aggi-auantibus,
1384 1543 1583 1585 iniuriam

124 1602 290 1643 senatui
334 1607 615 1658 conquestus,
661 1602 822 1654 effecit,
864 1607 911 1643 ut
943 1602 1182 1644 necessaria
1225 1605 1315 1642 tum
1348 1601 1447 1654 sibi,
1492 1606 1582 1642 tum

125 1660 256 1701 eciam
291 1661 510 1702 comitatui
543 1660 755 1704 tolerabili
786 1661 928 1717 precio
962 1660 1263 1703 uenderentur.
1311 1660 1450 1715 Igitur
1482 1673 1580 1715 syn·

124 1718 309 1760 ceritatis
342 1724 384 1760 et
415 1720 580 1761 iusticie
603 1719 692 1761 eius
715 1718 730 1773 Η
752 1733 923 1761 rumore
945 1720 1299 1772 increbrescente,
1324 1718 1579 1760 Germanice

123 1780 279 1818 matres
311 1778 513 1831 paruulos
545 1792 641 1820 suos
664 1778 706 1818 in
727 1778 818 1820 eius
842 1778 1075 1820 aduentum
1100 1777 1339 1819 offerendos
1362 1775 1582 1830 curabant,

122 1839 228 1888 rate,
261 1849 334 1876 eos
366 1836 484 1890 regio
528 1840 752 1889 contactu,
798 1836 977 1892 perinde
1009 1849 1058 1877 ac
1089 1835 1235 1878 celesti
1278 1835 1420 1891 aliquo
1454 1834 1583 1876 bene-

123 1893 242 1946 ficio,
276 1893 468 1935 feliciora
499 1898 651 1936 nature
682 1894 944 1937 incrementa
983 1899 1228 1950 sumpturos
1260 1908 1310 1935 ac
1341 1893 1583 1949 prosperio-

123 1951 239 1992 ribus
272 1950 540 1995 educacionis
571 1952 771 2007 auspiciis
804 1952 1070 1995 nutriendos.
1134 1951 1225 1994 Nec
1266 1952 1404 1993 minus
1435 1965 1583 2006 super-

124 2009 282 2051 sticiosi
330 2016 544 2064 agrestes,
591 2011 662 2067 qui
705 2011 990 2054 iaciendorum
1036 2011 1246 2053 seminum
1292 2024 1448 2065 grana,
1498 2024 1582 2065 quo

122 2067 273 2109 melius
317 2067 639 2122 adolescerent,
681 2068 862 2111 dextere
903 2069 995 2111 eius
1040 2068 1287 2110 disiicienda
1327 2067 1581 2124 prebebant.

126 2125 222 2174 Quo
264 2126 422 2167 curiam
468 2127 680 2182 ingresso,
722 2141 866 2182 preses
909 2126 1097 2169 Saxonis
1140 2126 1379 2177 Henricus,
1425 2126 1583 2169 ueteris

124 2183 313 2226 amicicie
357 2184 683 2237 recordacione,
724 2189 861 2228 castra
901 2200 978 2228 sua
1024 2185 1186 2227 maiore
1227 2200 1282 2227 ex
1323 2188 1446 2241 parte
1491 2184 1582 2226 eius

124 2241 331 2283 aduentui
363 2244 504 2296 cessit,
537 2243 959 2300 hospitalitatemque
1002 2244 1040 2285 ei
1082 2244 1170 2286 suis
1211 2243 1450 2299 sumptibus
1493 2256 1585 2284 ero-

125 2300 257 2353 gauit.
320 2299 402 2341 Die
442 2305 614 2356 postera
647 2302 838 2344 Absalon
880 2316 975 2343 cum
1017 2301 1203 2344 Radulfo
1248 2301 1424 2353 missus,
1468 2300 1583 2357 apud

126 2357 342 2412 Cesarem,
375 2358 528 2401 Latine
550 2360 666 2402 uocis
697 2360 751 2401 ad
773 2359 949 2401 modum
971 2360 1131 2414 rudem,
1157 2374 1233 2416 per
1253 2360 1583 2414 interpretatum

126 2415 393 2458 Coloniensis
437 2417 637 2459 antistitis
668 2417 873 2460 mandata
903 2418 1190 2475 prosequitur.
1255 2418 1312 2459 At
1357 2416 1509 2471 Cesar,
1539 2418 1583 2459 in

125 2474 269 2529 primis
312 2488 474 2516 moram
515 2476 626 2531 regis
671 2475 1002 2532 tarditatemque
1051 2481 1272 2526 causatus,
1319 2475 1582 2529 iniuriosum,

125 2532 236 2588 quod
270 2536 369 2574 ante
402 2546 486 2574 non
519 2534 701 2587 uenerit,
723 2534 877 2588 aiebat,
909 2534 1152 2586 asserendo,
1180 2548 1276 2576 eum
1300 2533 1354 2575 ob
1386 2547 1581 2588 regnum,

125 2589 241 2645 quod
273 2590 458 2632 Romani
489 2591 655 2647 imperii
686 2592 894 2635 beneficio
915 2598 1055 2648 gerat,
1089 2592 1169 2635 sibi
1200 2591 1479 2633 seruiciorum
1510 2590 1582 2634 de-

126 2643 309 2691 bitorem
342 2649 539 2692 existere.
600 2649 722 2692 Tunc
752 2649 957 2704 Absalon,
990 2650 1196 2706 decuisse,
1229 2649 1382 2707 inquit,
1416 2648 1584 2693 Cesaris

1636 1329 1664 1354 p.
1684 1320 1735 1347 779

1627 1495 1746 1524 cmx·

1635 1728 1733 1764 (303)
