1884 3126
171 861 209 889 10

172 1150 208 1179 15

168 1440 207 1468 20

168 1727 204 1755 25

167 2015 205 2043 30

240 190 322 241 262
794 220 848 226 -
906 195 1019 238 vm
1079 220 1133 239 -.-

240 326 533 381 hortaturque,
565 338 618 366 ne
639 327 755 367 tante
777 323 911 379 glorie
945 324 1072 367 decus
1095 325 1260 367 deuicte
1281 325 1417 380 gentis
1448 326 1677 367 insolencia

1731 332 1819 364 (146)

239 381 511 426 labe*fa0tari
541 383 794 436 sustineant,
835 397 913 424 nec
945 384 1186 438 imperium,
1228 383 1341 439 quod
1382 383 1460 426 sibi
1498 385 1671 425 iuuenta
1692 387 1884 417 (JXXVIW

240 441 407 483 florenti
437 444 701 496 pepererant,
739 445 958 482 senectute
989 441 1182 483 confecto
1227 442 1337 482 demi
1379 442 1635 496 permittant.

379 498 557 549 Deinde,
574 498 821 540 canentibus
842 498 969 552 lituis,
992 514 1154 541 summa
1174 500 1372 555 utrinque
1388 500 1431 540 ui
1448 500 1679 541 conseritur

245 557 415 598 bellum.
489 555 693 598 Crederes
736 561 910 611 repente
953 557 1073 598 terris
1110 558 1307 612 ingruere
1350 557 1506 610 celum,
1550 557 1678 598 siluas

245 628 502 669 camposque
546 614 786 668 subsidere,
830 615 994 656 misceri
1040 616 1200 668 omnia,
1246 615 1463 669 antiquum
1504 615 1678 657 rediisse

243 672 399 725 chaos,
432 672 576 713 diuina
615 673 771 726 pariter
813 677 854 713 et
896 672 1078 714 humana
1117 673 1380 714 tumultuosa
1423 677 1677 728 tempestate

244 729 455 782 confundi,
496 733 730 784 cunctaque
762 729 884 771 simul
923 730 963 770 in
996 731 1221 786 perniciem
1262 731 1385 772 trahi.
1454 729 1563 771 Nam
1607 730 1677 772 ubi

245 787 298 828 ad
338 787 412 828 teli
446 788 603 828 iactum
645 792 921 842 peruentum,
960 788 1234 829 intolerabilis
1275 802 1487 830 armorum
1528 788 1679 830 stridor

239 845 472 887 incredibili
503 849 653 886 cuncta
683 844 852 898 fragore
884 845 1119 901 compleuit.
1180 845 1328 901 Vapor
1359 847 1582 888 uulnerum
1615 860 1676 887 re-

242 904 457 958 pentinam
500 903 590 944 celo
632 902 834 945 nebulam
878 904 1145 956 intendebat,
1190 903 1278 945 dies
1324 904 1456 946 effusa
1496 905 1678 945 telorum

240 961 444 1016 grandine
474 961 708 1015 tegebatur.
759 960 849 1002 Nec
881 975 1031 1016 parum
1062 962 1102 1002 in
1135 961 1518 1004 acie'funditorum
1551 975 1679 1017 opera

243 1019 386 1061 ualuit.
454 1018 513 1060 At
553 1018 624 1059 ubi
662 1018 748 1073 pila
788 1034 915 1060 manu
955 1024 1030 1060 aut
1069 1020 1289 1061 tormentis
1332 1034 1524 1072 excussa,
1568 1033 1678 1060 com-

242 1077 378 1119 minus
438 1076 587 1130 gladiis
632 1075 885 1131 ferratisque
927 1077 1058 1118 clauis
1099 1077 1353 1120 decernitur.
1423 1077 1530 1119 Tum
1573 1092 1676 1120 uero

239 1135 465 1191 plurimum
497 1133 712 1189 sanguinis
743 1135 1025 1190 periclitatum
1057 1140 1132 1178 est.
1186 1135 1321 1190 Igitur
1351 1135 1471 1177 fessis
1503 1150 1676 1178 manare

240 1192 370 1234 sudor
425 1193 611 1247 corporis
662 1194 793 1246 cepit,
836 1207 1171 1248 mucronumque
1215 1194 1471 1248 crepitacula
1516 1194 1677 1236 eminus

240 1250 589 1292 exaudiebantur.
651 1249 742 1290 Illic
776 1250 1085 1303 Starcatherus,
1125 1251 1192 1306 qui
1226 1251 1325 1293 belli
1362 1250 1485 1293 huius
1527 1252 1677 1294 seriem

239 1322 433 1351 sermone
454 1308 590 1363 patrio
613 1308 771 1363 primus
791 1308 932 1362 edidit,
958 1309 1067 1364 prior
1088 1309 1129 1350 in
1161 1308 1250 1350 acie
1273 1309 1474 1351 dimicans
1499 1309 1677 1351 Haraldi

238 1381 435 1422 proceres
481 1365 583 1406 Hun
626 1369 668 1407 et
708 1365 814 1418 Elii,
857 1366 969 1408 Hert
1008 1381 1056 1407 ac
1087 1366 1261 1421 Burgha
1293 1381 1316 1408 a
1362 1381 1406 1409 se
1446 1371 1676 1423 prostratos

237 1424 548 1479 abscissamque
590 1423 739 1465 Wisne
799 1424 1022 1467 dexteram
1083 1431 1395 1466 commemorat.
1477 1425 1676 1467 Ceterum

238 1482 331 1525 Roa
364 1481 575 1537 quendam
606 1495 702 1523 cum
734 1481 896 1524 duobus
929 1483 1034 1535 aliis,
1070 1482 1236 1538 Gnepia
1269 1487 1310 1525 et
1340 1483 1535 1536 Garthar,
1575 1497 1600 1524 a
1630 1497 1675 1524 se

238 1540 281 1581 in
325 1541 414 1582 acie
459 1540 706 1581 uulneratos
754 1540 1003 1582 occubuisse
1043 1540 1245 1583 declarat.
1316 1540 1493 1582 Hisdem
1534 1541 1676 1583 Scalki

237 1601 405 1653 patrem
426 1598 555 1638 tacito
577 1598 746 1639 nomine
778 1598 988 1653 applicat.·
1021 1598 1138 1639 Idem
1163 1599 1432 1641 fortissimum
1455 1599 1676 1641 Danorum

239 1655 461 1697 Haconem
493 1670 517 1696 a
538 1669 582 1696 se
613 1655 654 1696 in
684 1658 839 1697 terram
862 1661 1096 1711 prorutum,
1130 1670 1257 1711 seque
1288 1656 1340 1698 ab
1368 1671 1417 1698 eo
1449 1657 1507 1697 ita
1528 1662 1675 1698 mutuo

238 1714 508 1755 uulneratum
529 1716 721 1766 testatur,
754 1718 799 1754 ut
821 1718 1036 1755 exsertum
1067 1714 1241 1756 thorace
1266 1715 1509 1770 pulmonem
1542 1716 1675 1757 cerui-

239 1785 414 1827 cemque
446 1770 709 1812 mediotenus
741 1771 926 1819 scissam,
959 1786 1128 1814 manum
1160 1786 1330 1828 quoque
1368 1787 1452 1814 uno
1485 1777 1674 1814 truncam

239 1829 369 1883 digito
403 1843 555 1883 gerens
599 1829 827 1872 excederet
859 1830 993 1882 bello,
1032 1829 1186 1885 diuque
1227 1830 1392 1872 hiscens
1436 1831 1563 1886 plaga
1598 1844 1676 1872 nec

239 1887 442 1929 cicatricis
488 1901 624 1942 capax
665 1901 743 1928 nec
792 1887 953 1928 medele
1005 1887 1154 1929 habilis
1207 1887 1435 1930 uideretur.
1512 1888 1676 1929 Eodem

237 1949 346 1986 teste
368 1944 509 2000 puella
535 1943 822 1999 chthbiorg
852 1946 893 1986 in
919 1949 924 1996 Ι
953 1944 1115 1986 hostem
1139 1945 1339 1986 dimicans
1362 1946 1467 1987 Soth
1488 1946 1674 2001 pugilem

235 2002 325 2044 acie
376 2002 538 2043 strauit.
618 2001 808 2043 Eandem
860 2003 1115 2044 athletarum
1167 2003 1338 2045 cedibus
1387 2004 1674 2045 imminentem

237 2060 482 2102 Thorkillus
504 2059 822 2101 Thelemarchie
845 2065 960 2102 ortus
982 2061 1133 2102 emisso
1167 2074 1241 2114 per
1280 2061 1480 2103 chordam
1513 2063 1674 2117 spiculo

237 2118 400 2160 traiicit.
471 2117 609 2160 Tanta
648 2119 760 2159 enim
797 2118 839 2158 ui
884 2119 1008 2174 periti
1048 2133 1220 2160 arcuum
1267 2119 1475 2162 Guttones
1518 2134 1675 2162 neruos

236 2175 528 2229 intenderant,
576 2180 623 2217 ut
665 2175 836 2231 clypeos
880 2190 1047 2232 quoque
1090 2176 1236 2219 iaculis
1269 2177 1673 2220 transuerberarent.

236 2233 327 2275 Nec
357 2235 443 2275 alia
474 2234 684 2275 efficacior
715 2233 827 2275 cedis
865 2235 1006 2276 extitit
1036 2248 1176 2277 causa.
1227 2234 1403 2277 Loricas
1424 2236 1673 2291 galeasque,

166 2305 203 2332 35
233 2291 406 2346 perinde
437 2306 487 2333 ac
516 2292 691 2333 inermia
721 2305 912 2346 corpora,
955 2292 1205 2347 sagittarum
1247 2294 1440 2335 acumina
1478 2300 1673 2348 penetra-

236 2349 351 2392 bant.
400 2349 570 2391 Interea
595 2349 719 2391 Vbbo
746 2349 955 2404 Fresicus,
987 2351 1324 2415 promptissimus
1346 2350 1525 2393 Haraldi
1554 2352 1672 2393 miles

238 2421 286 2448 ac
317 2421 392 2462 pre
425 2407 516 2448 aliis
548 2407 695 2449 habitu
734 2408 921 2462 corporis
952 2408 1147 2462 insignis,
1178 2413 1319 2464 preter
1349 2409 1451 2454 XI..
1495 2422 1600 2463 quos
1630 2410 1671 2450 in

236 2466 325 2506 acie
365 2465 690 2516 uulnerauerat,
728 2464 874 2507 XXV.
918 2465 1175 2507 delectorum
1218 2467 1408 2521 pugilum
1449 2466 1671 2509 interfecit.

236 2521 273 2563 Ii
304 2522 589 2576 omnespsueti
620 2523 822 2577 sanguine
852 2522 971 2565 fuere
1001 2525 1070 2565 uel
1091 2523 1232 2566 Gothi.
1299 2524 1463 2566 Deinde
1495 2524 1669 2580 primam

171 2592 208 2622 40
241 2594 468 2638 aggressus
504 2581 638 2624 aciem
669 2580 1002 2642 confertissimos
1041 2581 1185 2627 hostes
1215 2581 1354 2637 insilit,
1397 2582 1674 2644 palantesque

1732 503 1830 536 p.388

1730 1933 1827 1985 p.339
