1884 3126
48 911 85 939 10

0 1201 85 1228 115

46 1490 84 1518 20

44 1781 82 1809 25

44 2071 83 2099 30

43 2359 80 2387 35

656 267 711 274 —-
770 243 911 287 XIIII
971 270 1026 275 —-
1485 246 1565 289 591

119 376 196 423 est,
228 371 298 428 qui
329 372 524 415 fortunas
557 387 656 414 suas
687 373 818 415 tocies
851 387 927 428 pro
961 379 1107 416 nostra
1138 375 1272 431 preda
1302 375 1568 431 uictoriaque

118 429 317 481 deuouit,
360 431 562 486 cuiusque
601 444 713 471 nunc
753 431 980 473 fortissimo
1025 433 1156 475 ductu
1202 447 1253 475 eo
1301 434 1568 475 necessitatis

116 489 402 543 pel-uenimus,
434 495 481 530 ut
518 489 698 530 salutem
742 490 868 531 armis
899 495 1127 546 protegere
1170 491 1414 533 debeamus.
1475 491 1567 532 Iam

118 547 228 588 enim
260 548 444 601 patriam
474 555 731 602 acpenates
763 547 1062 590 affectantibus
1085 553 1182 590 ante
1206 550 1388 591 hostium
1423 549 1568 591 0011103

117 605 391 660 conspicuum
434 606 602 646 uirtutis
647 618 752 659 opus
793 605 921 647 edere
964 621 1141 648 necesse
1175 613 1266 661 est,
1299 608 1568 662 reditumque

116 662 338 717 probitatis
386 663 549 705 actibus
594 663 837 717 impetrare.
913 663 1006 705 Has
1053 670 1197 706 autem
1243 666 1388 721 populi
1433 666 1566 707 nostri

117 721 310 776 querelas
344 736 368 762 a
400 734 565 764 summa
603 721 842 763 animorum
885 721 1174 777 trepidacione
1218 723 1433 778 profectas
1476 723 1567 778 quis

117 779 319 820 dubitet?
382 779 489 833 Sed,
532 793 607 834 pro
651 779 792 831 dolor,
827 780 926 835 quid
960 794 1088 821 cause
1123 786 1199 833 est,
1234 781 1345 836 quod
1382 785 1444 822 tot
1474 781 1567 822 illu-

117 836 264 878 strium
311 837 498 878 uirorum
549 837 772 892 precordia
823 843 908 878 tam
961 845 1139 893 repente
1191 839 1346 880 fiducia
1397 839 1565 892 defecit,

116 895 290 949 ignauia
324 895 580 951 occupauit?
628 894 740 943 Quid
763 895 973 936 nobismet
994 897 1109 951 ipsis,
1141 896 1256 938 nullo
1281 898 1566 948 concuciente,

117 957 275 994 metum
300 953 499 1008 parimus,
531 953 784 1008 abiectaque
816 968 904 1008 spe,
937 955 1025 995 sine
1049 954 1238 1009 periculo
1271 955 1567 1010 trepidamus?

120 1009 383 1066 Corporibus
415 1012 568 1065 integri
600 1026 774 1065 sumus,
807 1025 945 1066 neque
977 1026 1114 1053 nexus
1146 1027 1282 1068 neque
1315 1013 1461 1068 plagas
1495 1028 1566 1055 ex-

116 1070 239 1123 perti.
301 1069 474 1111 Dextris
509 1083 630 1111 enses
661 1076 903 1124 gestamus,
936 1070 1122 1125 nihilque
1155 1071 1296 1111 robori
1327 1077 1472 1112 nostro
1504 1072 1565 1112 in-

118 1127 216 1181 opia
248 1131 322 1168 aut
353 1127 494 1168 clades
529 1127 725 1170 detraxit.
787 1129 901 1182 Age,
944 1132 1108 1170 tantam
1140 1128 1308 1170 fortune
1345 1130 1565 1171 incolumi-

116 1187 248 1226 tatem
279 1185 390 1226 uirili
423 1186 634 1227 mencium
666 1186 824 1228 robore,
852 1199 1175 1241 prosequamur.
1238 1187 1566 1237 Meminerimus,

115 1257 190 1284 nos
212 1241 370 1298 (uiros)
394 1244 665 1297 exercitatos,
698 1258 782 1286 non
805 1245 1000 1286 imbelles
1034 1245 1212 1285 feminas
1245 1260 1350 1296 esse,
1384 1251 1427 1287 et
1458 1245 1567 1287 inter

115 1314 225 1355 pene
256 1302 440 1344 inermes
473 1302 616 1344 hostes
649 1317 814 1343 summa
846 1317 942 1343 cum
965 1308 1179 1343 armatura
1202 1305 1394 1345 uer-saris
1425 1303 1563 1356 Certe,

117 1358 151 1399 si
182 1359 324 1401 classis
357 1364 500 1401 nostra
532 1364 604 1400 aut
637 1359 862 1415 naufragio
896 1364 969 1401 aut
999 1361 1194 1403 incendio
1227 1363 1428 1416 perisset,
1461 1362 1566 1402 nihil

115 1417 407 1472 impedimenti
453 1424 583 1467 esset,
626 1419 853 1472 quominus
896 1432 972 1472 per
1013 1419 1174 1466 medios
1209 1419 1353 1461 hostes
1384 1420 1564 1475 patriam

115 1476 230 1530 equis
263 1481 567 1531 repeteremus.
631 1476 786 1518 Mittite
810 1490 910 1530 ergo
942 1477 1128 1531 trepidas
1152 1477 1413 1533 ignauasque
1435 1491 1564 1518 uoces

117 1533 383 1576 muliebriter
413 1534 586 1575 auribus
628 1539 744 1575 tante
778 1535 994 1576 concionis
1037 1536 1234 1586 inserere,
1268 1539 1566 1590 exsurgentes-

116 1605 198 1646 que
229 1592 398 1641 animis,
432 1592 656 1634 hebetatos
696 1591 955 1634 fortitudinis
988 1607 1144 1634 neruos
1189 1594 1365 1647 pristina
1397 1594 1564 1635 uirtutis

115 1649 271 1691 fiducia
288 1655 490 1692 recreate.
532 1650 707 1691 Talibus
726 1650 972 1706 aliquandiu
995 1652 1163 1692 monitis
1181 1651 1392 1703 insistens,
1416 1652 1562 1707 pocius

118 1707 451 1750 obtrectancium
486 1722 560 1749 ora
592 1709 783 1749 cohibuit
815 1722 940 1769 quam
972 1710 1131 1750 animos
1164 1710 1359 1760 correxit,
1393 1709 1564 1764 depres-

113 1765 250 1820 sitque
272 1766 455 1821 iurgium
479 1767 744 1808 exhortantis
768 1767 1009 1816 auctoritas,
1033 1768 1146 1822 quod
1181 1768 1217 1808 ei
1240 1782 1404 1808 summa
1427 1768 1563 1822 pietas

114 1837 164 1864 ac
195 1825 396 1879 precipua
426 1824 633 1866 fortitudo
667 1826 896 1866 maximam
918 1825 1125 1867 sociorum
1147 1826 1332 1879 graciam
1365 1826 1562 1866 concilia-

114 1887 250 1925 uerat.
320 1882 490 1924 Interea
530 1881 819 1938 Kazymarus,
865 1883 1009 1924 classis
1054 1889 1198 1924 nostre
1240 1883 1448 1939 pociende
1490 1897 1565 1938 spe

115 1939 168 1980 ad
201 1940 375 1981 modum
406 1941 626 1994 incitatus,
667 1941 902 1982 simulande
935 1941 1088 1982 fiducie
1121 1942 1266 1996 gracia’
1308 1942 1488 1983 tentorio
1523 1942 1562 1982 in

114 1998 206 2052 ripa
237 1998 400 2050 defixo,
445 1999 582 2039 aureis
627 2000 925 2053 argenteisque
955 1999 1119 2054 poculis
1161 1999 1238 2040 sibi
1280 2014 1329 2040 ac
1361 2000 1564 2040 militibus

112 2069 277 2097 merum
298 2057 515 2112 propinari
538 2057 771 2098 constituit.
806 2056 937 2098 Cuius
959 2058 1189 2098 insolencie
1211 2057 1366 2098 fastum
1390 2057 1562 2112 fugatus

112 2119 211 2168 post
244 2114 414 2157 modum
445 2115 602 2156 rubore
648 2116 842 2157 mutauit.
904 2114 1075 2156 Interea
1107 2115 1408 2156 Waldemarus
1451 2116 1563 2169 prin-

113 2172 240 2226 cipes,
273 2187 296 2212 a
329 2173 474 2214 classis
490 2173 827 2228 pertractacione
859 2177 1096 2225 reuocatos,
1120 2174 1274 2214 curatis
1308 2173 1559 2227 corporibus

112 2230 168 2271 ad
198 2244 245 2271 se
277 2231 389 2272 coire
433 2231 563 2273 iub'et.
626 2230 744 2278 Quos
788 2245 881 2271 cum
925 2231 1033 2271 intra
1074 2231 1289 2285 nauigium
1328 2245 1449 2272 suum
1482 2230 1563 2271 fre-

114 2293 295 2343 quentes
326 2288 474 2330 adesse
507 2293 794 2344 cognosceret,
827 2288 927 2343 quid
958 2287 1074 2329 factu
1099 2290 1361 2343 potissimum
1394 2289 1563 2340 ducant,

110 2345 297 2401 inquirit.
361 2346 523 2395 Quibus
565 2361 812 2402 responsum
852 2360 937 2387 non
970 2346 1187 2398 dantibus,
1229 2347 1562 2388 taciturnitatem

113 2401 324 2459 miraltus,
373 2418 542 2446 causam
589 2405 678 2447 eius
725 2404 883 2460 exponi
929 2404 1130 2460 precepit.
1208 2404 1327 2446 Tunc
1378 2403 1561 2458 quidam,

112 2461 396 2504 hesitantibus
445 2463 617 2515 ceteris,
659 2476 813 2517 pueros
860 2462 897 2503 ei
940 2462 982 2503 in
1030 2462 1250 2503 consilium
1297 2461 1562 2503 adhibendos

116 2519 297 2572 dicebat,
333 2534 512 2576 quorum
544 2521 745 2576 precipue
776 2520 961 2561 monitus
995 2521 1148 2576 sectari
1180 2521 1332 2574 soleat,
1364 2523 1422 2571 ut,
1456 2534 1562 2575 quos

114 2577 242 2619 duces
274 2578 476 2632 elegerat,
510 2579 644 2620 eciam
675 2578 855 2619 reduces
887 2578 1059 2620 habeat.
1124 2577 1219 2625 Qua
1250 2591 1356 2619 uoce
1391 2577 1562 2618 Walde-

43 2648 84 2677 40
114 2649 256 2677 marus
287 2636 516 2678 Absalonis
550 2637 629 2678 sibi
659 2635 989 2678 familiaritatem
1014 2635 1263 2691 exprobrari
1285 2649 1563 2691 cognoscens,

1618 2424 1646 2448 p.
1666 2416 1718 2442 863
