1884 3126
314 570 328 594 1)

291 854 323 879 10

287 1142 322 1167 15

283 1429 318 1455 ‘30

281 2006 317 2032 30

283 2581 317 2607 40

367 206 448 247 460
899 219 953 226 --
1012 193 1153 234 XIIII
1216 216 1269 221 —

367 330 423 370 ita
446 329 503 369 uti
527 327 602 367 hac
629 325 750 376 uelle,
784 327 827 364 ut
851 322 1117 377 captiuorum
1138 334 1255 361 more
1285 319 1430 361 clunes
1453 320 1548 374 equi
1570 320 1802 375 sequendo,

364 387 505 427 fedum
539 385 591 424 (16
622 397 666 422 se
698 381 985 435 spectaculum
1015 379 1156 420 faciat.

502 440 662 480 Verum
696 452 747 478 ex
781 442 900 492 parte
932 437 1093 477 Kanuti
1125 435 1194 476 alii
1227 434 1450 476 confestim
1471 435 1616 488 fugam
1648 436 1803 489 facere,

364 513 457 553 pms
503 495 657 550 oppido
703 496 905 536 latebram
949 507 1149 549 querere
1193 493 1386 533 nonnulli
1418 507 1494 547 per
1525 492 1683 534 medias
1716 494 1802 534 eius

361 557 520 609 pla-teis
564 566 795 607 erumpere.
863 551 1058 592 Kanutus
1101 551 1190 604 ipse
1232 564 1305 604 per
1354 550 1672 602 angustissimas
1721 551 1802 592 uici

362 617 502 666 partes
536 624 643 664 equo
676 614 822 650 uectus
857 610 1044 664 eripitur.
1109 608 1327 662 Occupati,
1362 609 1431 663 qui
1464 608 1505 649 in
1537 609 1676 649 uicum
1708 622 1802 663 pro-

359 670 568 720 fugerant,
603 672 644 707 et
677 668 717 708 in
751 681 874 708 unam
908 668 1049 707 edium
1094 666 1251 719 captiui
1291 666 1531 707 traduntur.
1594 666 1663 707 Ad
1697 681 1802 721 quos

359 727 616 777 introgresso
661 739 784 779 rege,
829 725 998 776 Helias,
1031 723 1228 777 Ripensis
1271 723 1468 767 antistes,
1501 723 1801 778 circunspectis

359 783 564 834 omnibus,
598 783 870 823 hortulanum
902 783 988 836 regi
1024 780 1296 822 emulandum
1330 781 1492 833 aiebat,
1525 782 1592 836 qui
1627 782 1800 823 utilibus

354 840 492 881 herbis
524 841 780 882 incrementa
813 841 1020 890 conciliat,
1053 839 1192 878 noxiis
1216 838 1355 879 locum
1378 839 1624 881 uacuefacit.
1675 839 1799 888 Quod

357 897 512 938 (lictum
561 899 700 951 specie
751 898 964 938 horridum
1020 895 1150 950 siquis
1195 896 1326 937 alcius
1372 902 1513 937 mente
1561 898 1799 951 perspiciat,

357 969 521 996 summa
553 955 759 996 industria
791 959 1059 1010 procuratum
1093 952 1289 1002 fateatur,
1322 968 1493 996 necesse
1526 960 1601 996 est.
1646 955 1800 997 Abcisc

357 1013 468 1053 enim
501 1027 602 1065 rem,
636 1013 708 1053 scd
743 1015 912 1067 copiose
945 1011 1158 1053 disseruit.
1221 1011 1299 1052 Oui
1337 1012 1370 1053 si
1403 1011 1543 1053 Sueno
1576 1012 1800 1054 obsecutus

355 1070 520 1122 fuisset,
543 1071 733 1127 profecto
758 1086 925 1112 omnem
951 1069 1078 1111 emuli
1102 1069 1298 1110 fiduciam
1321 1070 1553 1124 sepelisset.
1601 1070 1682 1118 Qui
1704 1071 1802 1112 licet

354 1127 596 1168 iniuriarum
642 1129 810 1169 nomine
854 1128 1087 1169 uindictam
1128 1141 1152 1167 a
1193 1127 1325 1181 captis
1366 1128 1537 1182 exigere
1579 1128 1800 1182 potuisset,

355 1184 407 1225 ad
428 1186 642 1226 miciorem
661 1191 801 1226 tamen
821 1187 1080 1228 sentenciam
1102 1184 1289 1238 ingenita
1312 1185 1391 1226 sibi
1412 1186 1572 1240 pietate
1595 1186 1617 1226 d
1627 1186 1798 1236 eflexus,

352 1243 567 1298 plerisque
601 1243 831 1285 redimendi
855 1245 1020 1298 copiam
1044 1242 1159 1296 fecit,
1183 1242 1371 1297 aliosque
1394 1249 1668 1296 sacramento,
1692 1244 1797 1285 alios

353 1302 582 1354 sponsione
613 1302 653 1342 in
687 1302 811 1343 fidem
856 1306 1076 1356 acceptos,
1118 1305 1254 1345 morte
1286 1301 1491 1342 mulctare
1530 1316 1679 1354 passus
1711 1315 1796 1343 non

354 1363 430 1398 est.
494 1358 557 1398 Ex
589 1359 739 1413 quibus
774 1359 893 1400 binos
927 1357 1169 1410 dumtaxat,
1203 1358 1486 1413 peculiaribus
1518 1359 1690 1413 flagiciis
1724 1360 1796 1401 ob-

351 1416 464 1466 sitos,
497 1416 692 1469 alterum,
721 1417 818 1471 quia
840 1422 992 1458 tetram
1015 1417 1244 1457 latrociniis
1268 1417 1400 1457 uitam
1423 1422 1581 1471 egerat,
1604 1418 1794 1469 alterum,

352 1473 464 1527 quod
499 1475 656 1528 optime
699 1474 751 1515 de
796 1489 839 1516 se
873 1480 1106 1516 merentem
1148 1474 1285 1514 uirum
1317 1489 1393 1529 per
1433 1474 1606 1516 insidias
1639 1474 1792 1516 dormi-

353 1536 492 1571 entem
527 1537 815 1586 oppresserat,
860 1533 996 1587 capite
1038 1546 1169 1587 penas
1209 1531 1376 1572 soluere
1407 1532 1539 1585 iussit,
1569 1533 1610 1573 in
1641 1538 1793 1574 neutro

352 1588 465 1638 belli⁷
496 1589 535 1629 in
581 1594 759 1644 utroque
799 1591 967 1632 sceleris
1007 1589 1231 1644 negocium
1273 1589 1462 1644 puniens.
1495 1590 1509 1643 ΙΙ
1543 1589 1790 1644 Complures

352 1660 406 1686 ex
438 1647 735 1701 superioribus,
768 1649 923 1689 tribute
955 1647 1032 1689 sibi
1065 1647 1211 1688 salutis
1241 1647 1529 1701 immemores,
1572 1652 1792 1702 acceptum

281 1717 313 1743 ⁸..-
349 1703 400 1743 ab
433 1704 554 1744 hoste
587 1705 854 1753 beneficium,
888 1706 1068 1760 repetita
1100 1704 1260 1746 Kanuti
1291 1705 1463 1758 milicia,
1495 1706 1791 1760 neglexerunt,

352 1761 493 1815 eisque
526 1763 701 1816 pristina
736 1764 837 1805 fides
869 1763 1026 1805 recenti
1060 1764 1195 1804 carior
1227 1769 1331 1805 erat.

487 1819 546 1860 At
587 1819 781 1862 Kanutus
824 1823 876 1863 ab
918 1822 1139 1875 Alaburgo
1173 1820 1443 1862 Liuthusium
1476 1824 1649 1875 petens,
1681 1821 1792 1875 apud

350 1876 545 1918 uitricum
569 1877 827 1919 Suerconem
861 1881 961 1921 exul
984 1878 1229 1934 aliquandiu
1255 1879 1495 1920 demoratus
1518 1882 1591 1919 est.
1640 1878 1794 1933 Hu<i>c

350 1934 577 1988 siquidem,
611 1937 747 1977 occiso
783 1936 961 1992 Maano
995 1935 1157 1978 Kanuti
1198 1942 1333 1977 mater
1367 1936 1561 1990 coniugio
1606 1936 1790 1979 obuenit.

349 1991 467 2032 Tunc
498 2007 600 2034 uero
633 1994 768 2035 heere
801 1995 1021 2036 Danorum
1052 2009 1118 2035 res
1142 1984 1396 2048 disiecteque
1427 1994 1555 2046 fuere,
1589 2008 1696 2045 cum,
1728 1995 1790 2035 in-

352 2051 479 2091 telius
512 2051 655 2092 sociali
690 2052 799 2093 bello
833 2054 1066 2107 flagrante,
1110 2053 1297 2093 exterius
1339 2053 1516 2107 piratica
1556 2052 1686 2105 pestis
1730 2053 1791 2093 in-

349 2113 533 2162 grueret.
615 2108 743 2150 Cuius
788 2109 1072 2166 propulsande
1125 2123 1252 2151 causa
1304 2109 1444 2151 8116110
1496 2110 1576 2150 toti
1626 2110 1792 2151 Sclauie

351 2166 506 2206 bellum
537 2167 720 2208 crebrius
761 2182 885 2222 quam
927 2168 1170 2223 prosperius
1212 2168 1432 2209 inferebat.
1495 2166 1648 2222 Neque
1682 2167 1791 2208 enim

350 2226 468 2264 tanta
499 2224 556 2264 illi
588 2225 629 2265 in
662 2226 802 2279 preliis
826 2227 1166 2280 perseuerancia,
1199 2231 1379 2280 quantus
1411 2224 1527 2266 furor
1559 2230 1686 2279 atque
1716 2225 1791 2265 im-

281 2295 296 2319 1
348 2286 470 2335 petus
514 2281 606 2324 fuit.
678 2281 784 2323 Nam
827 2298 924 2325 cum
964 2283 1156 2338 receptui
1199 2283 1418 2324 consulere
1460 2282 1662 2335 debebat,
1705 2286 1790 2323 tam

349 2338 472 2379 auide
505 2339 618 2380 littus
650 2345 843 2394 repetere
875 2342 1109 2390 consueuit,
1140 2346 1186 2381 ut
1208 2355 1283 2395 par
1311 2340 1413 2394 fuge
1446 2340 1638 2381 reduecio
1673 2339 1789 2381 uide-

350 2400 476 2436 retur.
537 2397 687 2453 Neque
719 2412 885 2439 suorum
919 2400 955 2439 ei
987 2414 1053 2439 res
1087 2412 1182 2439 cure
1202 2398 1348 2464 ⁸‘fuere,
1380 2397 1479 2438 dum
1511 2397 1634 2439 modo
1676 2398 1790 2450 prior

349 2453 439 2507 ipse
472 2455 686 2509 nauigium
718 2457 939 2510 rapuisset.
1003 2456 1095 2503 Que
1123 2456 1232 2509 regis
1254 2456 1426 2509 ignauia
1446 2459 1605 2496 tantam
1629 2454 1788 2496 Sclauis

349 2510 568 2551 audaciam
601 2513 737 2564 (ledit,
768 2517 815 2553 ut
870 2514 994 2554 rebro
1037 2514 1180 2567 copias
1225 2514 1314 2555 eius
1354 2517 1616 2554 reuertentes
1649 2513 1788 2577 oppri-

348 2576 525 2613 merent.
589 2570 686 2626 Ipse
726 2528 894 2645 (111011ιῇ
935 2571 1209 2626 Wibergam,
1252 2570 1390 2612 adhuc
1427 2570 1676 2612 munimenti
1717 2584 1788 2611 ex-
