1884 3126
701 291 750 297 —
810 269 920 311 XVI
982 295 1031 301 -
1406 299 1410 302 -
1500 273 1577 314 661

144 387 361 428 literarum
395 402 564 430 suarum
596 391 794 433 instinctu
826 395 1050 450 nequibat,
1093 397 1227 439 aliene
1265 398 1381 439 uocis
1412 399 1579 453 supple-

143 449 284 486 mento
317 459 568 500 persuasum
611 449 756 490 haberi
800 453 1007 495 conando.
1069 454 1150 503 Qui
1193 456 1265 496 ubi
1295 456 1476 498 Daniam
1517 458 1578 498 in-

142 503 285 556 trauit,
319 509 478 559 quanta
510 507 620 561 regis
653 508 827 550 caritate
860 510 913 551 ob
946 513 1102 553 sororis
1146 514 1233 554 eius
1263 514 1576 555 matrimonium

142 565 369 613 teneretur,
402 564 654 620 quantisque
687 564 814 607 Cesar
847 568 1005 610 uiribus
1037 576 1160 622 esset,
1194 572 1409 626 exposito,
1443 571 1576 613 Absa-

90 636 107 663 5
139 618 302 671 Ionem,
345 619 559 662 Sunonem
603 626 643 663 et
682 622 939 679 Esbernum,
978 627 1048 682 qui
1090 628 1167 669 soli
1211 643 1264 670 ex
1307 629 1447 670 amicis
1480 643 1575 670 cum

139 690 238 731 rege
271 676 617 732 admittebantur,
645 684 733 721 tum
755 681 865 735 fidei,
899 697 1024 738 quam
1047 684 1231 739 Kanuto,
1262 687 1379 727 cuius
1410 691 1575 728 tutores

140 736 388 789 existerent,
422 736 639 789 deberent,
680 742 768 779 tum
816 740 992 793 fiducie,
1038 756 1160 797 quam
1209 743 1394 785 eiusdem
1421 746 1426 795 l
1453 750 1576 799 pater
1629 754 1726 788 p·9ssss

138 793 181 832 in
213 806 358 833 eorum
382 796 396 846 (Ι
420 796 660 848 pectoribus
702 803 968 852 reposuerat,
1010 800 1246 842 admonitos
1286 814 1405 843 orare
1447 802 1569 856 cepit,
1599 812 1778 849 (37[5]<6>)

138 864 203 903 ne,
235 851 463 893 amicorum
494 854 663 894 nomine
695 853 836 896 hostes
867 857 1059 911 agendO,
1092 858 1295 900 creditum
1328 858 1407 900 sibi
1438 860 1574 914 pupil-

69 926 107 954 10
137 909 240 963 lum,
271 910 390 950 annis
422 913 463 951 et
494 911 667 952 consilio
701 918 905 966 tenerum,
937 928 1067 968 graue
1099 921 1141 956 et
1182 916 1445 957 intolerabile
1476 917 1573 957 belli

139 979 243 1008 onus
276 967 487 1023 suscipere
518 969 705 1022 iubeant,
739 983 919 1027 eumque
941 973 1017 1013 sub
1039 973 1160 1014 titulo
1193 973 1348 1015 tuende
1370 974 1572 1015 libertatis

136 1037 266 1079 regno
307 1030 477 1068 exuant.
553 1025 707 1082 Qui<n>
745 1030 892 1083 pocius
939 1031 1189 1072 salutaribus
1234 1032 1349 1072 illum
1394 1032 1571 1072 consiliis

136 1082 319 1124 formare
351 1097 450 1125 cure
470 1084 670 1138 habeant,
692 1086 959 1143 Romanique
989 1089 1255 1142 imperatoris
1279 1088 1390 1129 curie
1423 1089 1571 1130 ascribi

137 1140 326 1182 deforme
355 1155 441 1183 non
473 1141 644 1184 ducant.
705 1144 956 1200 Respondet
985 1146 1196 1198 Absalon,
1238 1146 1289 1188 de
1321 1161 1366 1188 se
1399 1146 1570 1188 dubium

67 1215 103 1242 15
134 1212 218 1239 non
252 1212 357 1252 esse,
392 1200 492 1255 quin
525 1201 662 1253 utiles,
695 1203 729 1242 si
761 1209 923 1253 nosset,
965 1205 1147 1246 monitus
1179 1204 1348 1245 Kanuto
1389 1204 1570 1245 libenter

134 1255 261 1298 fuerit
274 1263 563 1312 porrecturus,
579 1273 603 1300 a
627 1274 708 1314 quo
731 1260 790 1300 ita
807 1260 972 1302 Cesaris
987 1262 1217 1303 amiciciam
1239 1262 1379 1316 expeti
1395 1262 1510 1315 uelit,
1525 1266 1571 1303 ut

134 1315 303 1369 proprie
337 1315 425 1358 eius
457 1316 687 1358 maiestatis
729 1317 855 1359 decus
896 1320 1105 1360 incolume
1147 1324 1398 1361 seruaretur.
1460 1319 1568 1360 Nam

135 1377 176 1413 et
219 1372 564 1425 Waldemarum,
595 1374 809 1417 Frederici
840 1383 983 1430 partes
1023 1377 1339 1432 amiciciamque
1369 1381 1567 1426 secutum,

134 1430 236 1471 nihil
267 1430 350 1472 fide
381 1432 470 1473 eius
492 1436 566 1474 aut
586 1434 864 1488 promissione
885 1433 1074 1476 fallacius
1096 1435 1340 1490 repperisse.
1384 1435 1568 1476 Proinde

63 1503 101 1532 20
133 1487 350 1543 Syfridum
381 1504 508 1531 nosse
530 1491 703 1543 debere,
736 1491 907 1533 Kanuto
934 1492 1162 1547 Cesarique
1185 1507 1339 1548 equum
1362 1492 1568 1546 regnandi

133 1547 199 1587 ius
231 1561 337 1598 esse,
370 1562 510 1603 neque
542 1550 702 1590 minore
743 1564 838 1590 cum
869 1550 1066 1591 libertate
1107 1551 1214 1591 hunc
1245 1550 1396 1592 Danici
1436 1550 1565 1603 regni,

135 1618 260 1659 quam
291 1605 409 1647 illum
431 1606 612 1648 Romani
643 1608 807 1662 imperii
838 1608 1126 1662 gubernacula
1158 1608 1387 1650 continere.
1432 1607 1566 1660 Igitur

133 1661 380 1717 indignante
412 1664 598 1719 Syfrido,
633 1666 836 1720 plenaque
868 1666 1073 1706 minarum
1115 1680 1163 1707 ac
1204 1666 1333 1706 fastus
1364 1678 1565 1720 responsa

133 1720 360 1774 fundente,
404 1723 472 1763 An
502 1727 568 1772 tu,
609 1724 767 1777 inquit,
810 1737 862 1764 ex
893 1727 1022 1765 temet
1061 1724 1151 1780 ipso
1186 1723 1365 1764 Daniam
1397 1736 1564 1778 pensas,

60 1794 97 1821 25
129 1792 307 1834 eamque
338 1785 386 1821 ut
416 1779 735 1836 Thyring<i>am
768 1795 791 1822 a
815 1780 982 1832 Cesare,
1016 1795 1108 1822 cum
1139 1781 1264 1830 uolet,
1297 1794 1425 1836 quam
1448 1780 1563 1821 facil-

130 1836 227 1878 lime
271 1838 363 1891 capi
405 1852 530 1893 posse
572 1839 815 1881 existimas}>
875 1839 1060 1880 Proinde
1102 1839 1188 1891 abi,
1233 1839 1563 1893 imperatorique

130 1900 205 1935 tuo
237 1896 393 1950 perfer,
430 1895 650 1938 Danorum
682 1911 823 1952 regem
855 1911 908 1938 ne
940 1897 1151 1937 minimam
1175 1896 1342 1951 quidem
1374 1895 1563 1950 obsequii

129 1957 292 2003 partem
324 1953 518 2008 dignitati
550 1955 638 1996 eius
670 1969 716 1996 ac
748 1955 905 1996 nomini
939 1953 1191 1995 delaturum.
1253 1954 1440 2007 Dignum
1481 1952 1562 1994 hoc

129 2015 371 2066 contemptu
405 2011 602 2064 dixerim,
638 2013 707 2068 qui
740 2013 910 2067 propior
937 2012 1073 2054 alieno
1108 2011 1281 2066 imperio
1316 2025 1439 2066 quam
1467 2024 1563 2064 pro-

59 2082 98 2110 30
127 2068 216 2123 prie
261 2068 480 2122 affinitati,
521 2075 609 2111 tam
650 2070 829 2112 inuisam
876 2069 1038 2111 Danice
1079 2069 1259 2110 libertati
1300 2069 1563 2123 legacionem

129 2139 204 2167 suo
258 2129 419 2169 monitu
467 2127 759 2170 administrare
803 2127 1013 2169 sustinuit.
1089 2126 1168 2168 His
1209 2127 1388 2178 auditis,
1434 2125 1563 2167 Cesar

129 2186 342 2239 spernenti
384 2200 429 2227 se
469 2187 581 2240 regi,
625 2186 722 2241 quia
763 2186 920 2227 bellum
961 2185 1175 2240 nequiuit,
1218 2184 1358 2225 odium
1398 2183 1560 2235 inflixit,

127 2242 282 2294 animo,
303 2257 387 2284 non
410 2243 518 2286 ferro
540 2247 834 2297 contemptum
856 2243 1034 2284 ulturus.
1087 2242 1170 2297 Spe
1193 2246 1333 2283 tamen
1355 2240 1562 2295 pociende

128 2299 266 2341 Danie
276 2315 361 2342 non
374 2303 542 2355 omissa,
554 2302 737 2343 ciuilium
748 2301 788 2341 in
802 2315 853 2342 ea
862 2301 1069 2341 malorum
1080 2304 1239 2341 motum
1253 2297 1563 2353 expectandum

59 2371 96 2399 35
126 2358 316 2412 putabat,
348 2359 560 2401 sedicione
593 2359 809 2400 diuiduam
840 2363 1022 2412 gentem,
1049 2357 1053 2411 Ι
1083 2358 1242 2398 minore
1283 2370 1376 2398 cum
1407 2355 1559 2396 uirium
1613 2371 1641 2396 p.
1660 2363 1710 2390 967

128 2429 297 2456 suarum
329 2418 517 2471 periculo
551 2416 879 2472 oppugnandam
909 2415 1132 2470 sperando.
1195 2414 1331 2461 Quam
1363 2416 1560 2468 opportu-

127 2473 301 2515 nitatem
336 2475 577 2530 aliquandiu
610 2474 815 2529 quesitam
849 2488 872 2513 a
901 2474 1068 2514 fortuna
1103 2472 1181 2513 sibi
1222 2471 1367 2526 negari
1399 2471 1560 2525 conspi-

129 2531 265 2584 ciens,
300 2531 466 2574 Sclauie
499 2531 733 2586 sasstrapam
766 2530 1087 2585 Bogiszlauum,
1108 2543 1242 2584 'quem
1275 2542 1408 2583 nuper
1439 2526 1561 2568 Kazi-
1599 2535 1732 2565 CXGVb

126 2590 231 2629 mari
261 2589 399 2632 fratris
432 2590 678 2632 decedentis
712 2588 867 2630 orbitas
908 2587 1103 2629 heredem
1144 2586 1362 2635 effecerat,
1404 2585 1560 2626 crebris

58 2658 96 2688 40
126 2647 369 2690 muneribus
411 2648 760 2704 amplissimisque
800 2645 1144 2703 promissionibus
1186 2644 1227 2690 in
1258 2642 1418 2688 Danica
1450 2642 1560 2692 bella
