1884 3126
239 214 357 255 -130
858 213 1127 255 —V—

272 339 600 395 intelligenciam
631 339 855 383 referebat.
902 341 1106 384 Preterea
1139 347 1225 384 tam
1259 342 1390 384 comis
1421 346 1550 397 atque
1582 341 1717 384 ornati

272 398 429 453 eloquii
480 402 595 449 erat,
648 402 715 447 ut,
767 399 966 454 quicquid
1015 399 1225 442 disserere
1275 403 1471 456 cuperet,
1521 400 1721 441 continuo

273 455 591 511 prouerbiorum
625 456 771 511 lepore
803 458 967 512 poliret.
1019 458 1078 498 At
1110 457 1178 499 ubi
1212 457 1521 524 superueniens
1555 456 1688 498 Craca
1715 455 1719 512 Ι

274 527 447 555 concam
491 515 789 569 transpositam
831 520 1081 571 partemque
1113 516 1239 572 pultis
1270 517 1483 571 pociorem
1516 514 1570 556 ab
1601 514 1724 556 Erico
1778 537 1803 562 p
1826 529 1876 555 195

224 584 240 610 5
272 585 484 613 comesam
532 573 759 626 cognouit,
809 571 1023 614 fortunam
1070 573 1154 616 filio
1208 578 1476 630 preparatam
1528 572 1723 628 priuigno

275 630 455 672 cessisse
486 605 719 671 condboluit.
782 630 860 671 Cui
892 645 992 672 mox
1025 632 1294 686 gemebunda
1326 631 1565 697 supplicare
1602 630 1724 686 cepit,

272 702 325 730 ne
359 701 543 743 unquam
574 702 649 729 sua
686 688 861 730 fratrem
904 703 984 744 ope
1017 690 1230 743 deficeret,
1261 704 1385 745 quem
1417 689 1548 745 ipsius
1591 692 1725 730 mater

273 750 338 787 tot
383 759 496 787 noue
543 745 760 788 felicitatis
808 746 959 802 opibus
1011 747 1278 790 cumulasset.
1357 747 1525 802 Quippe
1575 745 1722 800 sapido

273 804 394 845 unius
426 803 539 860 epuli
568 808 697 858 gustu
729 803 909 846 racionis
948 808 1074 860 atque
1109 805 1354 860 eloquencie
1396 818 1601 846 summam
1645 817 1723 846 nec

210 873 241 899 10
273 876 355 903 non
402 861 685 917 gerendorum
718 875 921 918 prospere
970 863 1242 905 conflictuum
1286 863 1471 918 graciam
1505 866 1724 904 assecutus

273 920 510 963 uidebatur.
573 919 740 962 Adiecit
771 933 958 976 quoque,
990 920 1210 963 Rollerum
1254 935 1388 977 prope
1419 920 1593 962 modum
1627 933 1724 960 con-

272 978 349 1019 silii
383 991 594 1034 capacem,
623 977 913 1033 futurumque,
948 982 994 1020 ut
1025 978 1222 1020 destinati
1254 979 1333 1020 sibi
1365 978 1529 1021 obsonii
1551 991 1723 1033 prorsus

272 1049 424 1091 expers
456 1049 541 1077 non
573 1041 696 1078 esset.
764 1036 932 1078 Monuit
954 1050 1135 1092 quoque,
1167 1038 1200 1078 si
1234 1051 1431 1093 suprema
1461 1036 1723 1078 necessitatis

271 1094 479 1135 uiolencia
510 1093 768 1148 postularet,
816 1094 996 1136 nominis
1039 1095 1102 1136 sui
1135 1095 1460 1150 nuncupacione
1491 1093 1722 1135 remedium

209 1161 240 1189 15
273 1152 449 1194 celerius
471 1165 565 1193 esse
588 1151 864 1206 querendum,
898 1152 1125 1205 affirmans,
1158 1167 1202 1194 se
1225 1152 1367 1195 diuina
1389 1153 1543 1209 partim
1566 1152 1723 1192 uirtute

274 1210 497 1256 subnixam
541 1213 583 1251 et
628 1210 747 1264 quasi
798 1214 1038 1253 consortem
1089 1211 1282 1264 celitum,
1329 1211 1495 1253 insitam
1542 1209 1723 1251 numinis

271 1272 442 1322 gestare
474 1267 727 1322 potenciam.
791 1268 938 1310 Ericus
971 1283 1015 1309 se
1057 1268 1110 1310 ad
1157 1268 1381 1311 astandum
1410 1267 1529 1310 fratri
1573 1272 1724 1309 natura

270 1326 457 1382 pertrahi
502 1324 622 1378 dixit,
665 1325 918 1380 probrosum
961 1326 1147 1367 referens
1189 1326 1358 1380 alitem,
1405 1326 1475 1382 qui
1506 1325 1722 1381 proprium

271 1384 437 1439 polluat
467 1383 625 1425 nidum.
688 1383 747 1424 At
781 1383 957 1426 Cracam
1000 1384 1133 1439 magis
1165 1385 1336 1440 propria
1367 1384 1622 1426 molestabat
1661 1383 1722 1424 in-

201 1450 239 1477 ‘20
272 1442 410 1494 curia,
468 1454 591 1497 quam
643 1441 814 1482 fortuna
858 1442 936 1483 filii
979 1449 1182 1496 grauaret
1222 1442 1416 1485 aduersa.
1503 1441 1721 1483 Artificem

272 1500 381 1541 enim
412 1499 582 1554 ingenio
618 1513 695 1541 suo
728 1499 870 1541 deludi
903 1514 1106 1554 magnum
1144 1500 1243 1541 olim
1279 1500 1444 1543 ruboris
1476 1499 1720 1541 incitamen-

272 1564 361 1599 tum
393 1557 485 1599 fuit

408 1614 577 1657 Deinde
621 1615 699 1658 hec
739 1615 852 1670 ipsa,
896 1616 1123 1658 comitante
1164 1615 1282 1682 uiro,
1322 1615 1477 1658 fratres
1510 1614 1562 1656 ad
1604 1628 1720 1656 mare

270 1672 541 1729 profecturos
581 1673 765 1715 abducit.
838 1673 919 1722 Qui
954 1687 1038 1715 uno
1084 1674 1241 1728 egressi
1272 1673 1473 1729 nauigio,
1518 1672 1601 1714 duo
1642 1673 1720 1714 sibi

201 1740 239 1766 ‘25
272 1744 371 1772 mox
404 1731 485 1772 alia
517 1731 815 1773 deuinxerunt.
878 1730 934 1772 Et
980 1731 1061 1773 iam
1096 1730 1317 1786 Daniglcum
1361 1732 1541 1786 attigere
1588 1731 1719 1780 littus,
1786 1738 1858 1772 (73)

271 1803 390 1842 cum,
438 1788 658 1844 explorato
691 1788 808 1834 loco,
857 1789 966 1830 haud
1001 1790 1127 1844 longe
1159 1793 1322 1844 septem
1354 1789 1517 1832 subisse
1548 1788 1718 1843 nauigia

271 1846 451 1892 discunt.
526 1846 636 1888 Tum
678 1846 828 1889 Ericus
872 1846 980 1888 duos
1025 1847 1187 1889 Danice
1228 1846 1432 1889 facundos
1476 1847 1622 1902 lingue
1669 1860 1719 1887 eo

271 1904 360 1946 sine
392 1907 513 1947 ueste
554 1904 762 1959 proficisci
792 1904 922 1956 iubet,
961 1905 1052 1959 qui,
1096 1920 1184 1947 rem
1212 1903 1217 1959 Ι
1248 1905 1407 1947 cercius
1450 1904 1720 1960 speculaturi,
1776 1913 1873 1946 ρ-196

271 1961 473 2004 nuditatis
505 1977 582 2004 sue
613 1968 816 2018 tanquam
857 1976 930 2017 per
963 1962 1134 2004 Ericum
1164 1963 1274 2004 facte
1307 1962 1476 2004 Oddoni
1509 1963 1718 2017 querimo-

203 2028 240 2056 30
270 2019 382 2062 niam
430 2019 681 2072 afferentes,
733 2020 902 2062 caucius
935 2020 1160 2076 explorata
1203 2020 1421 2063 referrent.
1494 2020 1560 2061 Illi
1605 2020 1717 2075 apud

274 2077 496 2120 Oddonem
529 2077 776 2119 familiarius
809 2077 965 2129 habiti,
1010 2092 1133 2120 omno
1176 2077 1294 2119 ducis
1325 2078 1590 2134 propositum
1626 2092 1720 2119 uer·

272 2136 378 2177 sutis
410 2135 581 2177 auribus
614 2136 756 2177 nenati
789 2139 896 2177 sunt.
946 2136 1161 2178 Statuerat
1194 2136 1303 2177 enim
1334 2135 1519 2177 diluculo
1554 2135 1719 2177 hostem

272 2192 554 2248 improuidum
588 2193 777 2248 aggredi,
811 2207 894 2249 quo
928 2193 1054 2235 cicius
1091 2193 1307 2235 nocturnis
1338 2194 1599 2249 implicatum
1630 2197 1719 2248 teg-

272 2250 453 2292 minibus
485 2251 782 2305 obtruncaret,
814 2252 1049 2305 affirmans,
1095 2266 1145 2293 eo
1178 2252 1282 2293 lucis
1315 2256 1507 2306 tempore
1539 2251 1720 2306 corpori-

204 2316 240 2342 35
273 2309 350 2350 bus
384 2307 603 2350 humanis*
625 2310 719 2364 plus
751 2309 936 2365 stuporis
967 2314 1096 2364 atquc
1125 2309 1368 2364 grauedinis
1398 2310 1534 2351 inesse
1567 2308 1716 2351 solere.
1782 2317 1859 2346 XL-

272 2366 471 2421 Precepit
519 2380 714 2422 quoque,
771 2381 902 2409 naues
949 2367 1063 2409 saxis
1092 2366 1169 2409 vad
1219 2366 1457 2409 iaciendum
1508 2366 1719 2408 habilibus

273 2425 462 2476 onerari,
505 2424 689 2466 futuram
721 2425 843 2467 exicii
884 2425 950 2467 sui
989 2438 1158 2467 causam
1200 2424 1451 2467 accelerans.
1511 2424 1719 2479 Explora-

272 2487 406 2535 tores,
451 2483 656 2524 concubia
689 2490 815 2524 nocte
846 2481 1029 2538 delapsi,
1061 2482 1285 2534 nunciant,
1318 2481 1541 2524 Oddonem
1573 2480 1719 2536 exqui-

273 2540 362 2581 sitis
395 2539 447 2580 ad
482 2541 638 2582 iactum
669 2539 822 2595 lapillis
854 2544 944 2582 tota
984 2540 1170 2596 replesse
1199 2540 1390 2595 nauigia,
1433 2545 1596 2593 cetera,
1638 2553 1718 2594 quc

203 2606 242 2634 40
272 2593 544 2652 acceperant,
590 2598 846 2641 intimantes.
916 2597 1093 2650 Ericus,
1139 2612 1185 2640 re
1227 2597 1280 2639 ad
1320 2598 1492 2640 modum
1535 2598 1716 2651 cognita,
