1884 3126
276 869 310 895 10

274 1155 309 1180 15

272 1442 308 1468 2¹0

269 2017 306 2044 :³10

270 2305 306 2331 35

272 2591 308 2617 40

348 220 431 260 508
918 232 965 238 -
1027 207 1165 249 XIIII
1226 231 1279 235 —

350 348 467 385 nocte
500 344 680 395 postera,
713 351 815 377 aura
847 335 1099 377 sensibiliter
1119 335 1323 390 impetum
1346 333 1598 386 remittente,
1623 336 1779 375 euentu

347 399 535 454 gauisus,
579 395 829 436 antelucano
868 398 1081 448 tempore,
1114 392 1295 449 peractis
1328 391 1502 442 diuinis,
1546 391 1598 432 ad
1639 404 1779 445 regem

347 455 552 511 peruenit,
574 451 827 503 nunciando,
858 454 1151 505 tempestatem
1184 465 1237 490 ex
1259 454 1380 502 parte
1413 449 1652 504 collapsam,
1684 462 1781 503 pos-

346 513 509 554 sibilem
557 509 726 564 quidem
772 508 1050 563 profeccioni,
1091 508 1163 549 sed
1213 507 1426 547 difficilem
1458 506 1561 557 fore,
1593 520 1670 547 nec
1701 506 1780 547 nisi

346 582 507 611 summa
542 581 634 607 cum
667 566 828 619 remigii
871 565 1119 607 difficultate
1151 564 1440 617 nauigacionis
1480 577 1678 618 capacem
1711 578 1781 604 ex-

345 628 486 667 istere.
557 623 859 678 Respondente
901 637 1024 675 rege,
1066 636 1203 663 moras
1248 636 1339 663 esse
1380 621 1661 676 rumpendas,
1706 635 1781 675 per

345 682 571 723 ludibrium
614 681 855 732 subtexuit,
897 680 1074 735 pulchre
1113 694 1157 721 se
1200 693 1375 733 operam
1416 680 1702 733 impensuros,
1734 679 1780 730 si,

345 739 629 793 nauigacionis
662 737 888 779 medietate
912 737 1112 791 confecta,
1145 736 1257 778 unde
1279 737 1503 786 soluerant,
1535 737 1617 778 sint
1638 751 1780 777 reuer-

343 797 442 838 suri.
506 796 633 837 Cuius
669 795 766 836 dicti
798 795 1040 849 procliuitas
1073 795 1241 836 tametsi
1272 794 1364 835 ioco
1395 793 1633 835 mordacior
1667 793 1782 834 uide-

343 858 469 903 retur,
502 854 649 908 ingens
672 853 761 906 regi
784 853 1041 906 capessende
1062 852 1230 894 uirtutis
1254 852 1421 906 prebuit
1448 852 1779 893 incitamentum.

343 911 506 966 Lepida
562 915 701 951 tamen
751 910 942 951 irrisione
993 924 1077 951 non
1131 909 1284 963 caruit,
1336 909 1616 963 subiungente
1667 923 1781 962 rege,

344 967 666 1022 reuer<t>entem
699 982 743 1008 se
787 982 839 1008 ex
879 982 952 1020 eo,
987 982 1068 1023 que
1110 968 1149 1008 in
1193 967 1362 1008 Solauia
1401 972 1625 1021 gerantur,
1657 980 1782 1021 posse

343 1039 612 1080 cognoscere.
686 1024 898 1079 Principio
942 1025 1084 1066 classis
1128 1025 1253 1065 letam
1296 1025 1565 1079 alacremque
1609 1025 1782 1077 nauiga-

343 1085 504 1125 cionem
537 1083 659 1137 pleno
691 1082 841 1124 fiducie
874 1083 1047 1137 remigio
1080 1082 1334 1137 proferebat.
1394 1081 1503 1123 Nam
1545 1083 1655 1123 intra
1686 1097 1781 1137 pro-

341 1142 498 1195 pinque
521 1141 681 1182 tclluris
704 1139 919 1182 anfractus
942 1155 1044 1182 aure
1064 1141 1141 1191 uis,
1174 1155 1256 1195 que
1277 1145 1425 1194 aperto
1448 1140 1551 1180 mari
1582 1139 1780 1181 licencius

341 1198 634 1251 incumbebat,
679 1198 904 1238 latencium
949 1198 1156 1239 undarum
1204 1197 1392 1238 habitum
1445 1211 1643 1251 asperare
1696 1211 1780 1238 non

341 1260 520 1313 poterat,
544 1256 698 1296 terreni
715 1259 874 1297 tractus
894 1256 1122 1297 obstaculis
1148 1255 1333 1310 undique
1355 1269 1476 1296 secus
1493 1255 1780 1296 incitaciorem

341 1315 542 1354 fluctuum
594 1313 805 1367 allapsum
853 1314 1105 1356 arcentibus.
1179 1314 1237 1354 At
1279 1312 1350 1353 ubi
1393 1313 1433 1353 in
1481 1313 1613 1353 altum
1658 1312 1779 1367 dirigi

341 1370 510 1423 nauigia
540 1385 714 1425 cepere,
754 1371 1006 1413 intolerabili
1048 1385 1156 1426 pene
1195 1371 1457 1424 tempestatis
1498 1383 1675 1411 occursu
1707 1385 1778 1412 ex-

339 1428 614 1484 cipiebantur.
677 1429 881 1481 Antistes,
914 1443 966 1470 ne
997 1429 1246 1470 fortissimos
1280 1428 1461 1469 monitus
1503 1442 1597 1469 suos
1629 1441 1779 1482 parum

340 1487 451 1528 iusto
485 1491 639 1527 conatu
671 1487 870 1541 prosequi
896 1486 1122 1536 uideretur,
1154 1484 1372 1540 ingenuo*
1402 1485 1565 1540 pudore
1589 1485 1778 1526 firmatus

340 1544 761 1599 perseuerantissima
794 1544 954 1598 remigii
987 1544 1282 1585 obluctacione
1323 1543 1442 1598 quasi
1474 1557 1568 1584 cum
1600 1542 1781 1585 necessi-

341 1607 427 1643 tate
469 1602 681 1647 certabat,
722 1615 977 1656 regemque,
1016 1602 1181 1643 uirtutis
1224 1601 1487 1643 emulacione
1519 1605 1778 1655 prouectum,

344 1659 451 1714 cepti
484 1659 547 1700 sui
579 1659 775 1700 comitem
807 1660 999 1700 existere·
1021 1659 1169 1713 coegit.
1212 1659 1362 1714 Itaque
1385 1659 1498 1699 lenta
1521 1662 1564 1699 et
1585 1658 1780 1700 inhabilis

270 1731 302 1755 ιν-
339 1731 513 1772 aepene
555 1717 802 1758 inconcessa
842 1718 1089 1771 nauigacio,
1134 1717 1228 1758 hinc
1272 1716 1466 1758 seuiente
1514 1716 1639 1769 mari,
1683 1716 1780 1757 inde

341 1773 605 1815 claudicante
644 1775 839 1828 remigio,
884 1773 974 1815 fuit.
1035 1774 1097 1815 Ea
1128 1774 1224 1815 freti
1263 1774 1541 1829 repugnantis
1573 1773 1780 1815 uiolencia

340 1833 498 1886 regiam
531 1846 695 1885 nauem,
729 1832 919 1873 aduersis
951 1832 1157 1873 undarum
1191 1831 1371 1872 molibus
1402 1831 1673 1886 implicatam,
1704 1846 1779 1886 per

339 1904 546 1930 summam
590 1889 868 1944 procellarum
914 1890 1183 1944 asperitatem
1230 1889 1385 1930 laxatis
1431 1902 1564 1943 prope
1607 1889 1777 1930 moduni

341 1945 625 2002 compalgibus
659 1948 841 2002 disiungi
874 1949 1024 2001 coegit.
1088 1947 1181 1995 Quo
1216 1947 1328 1994 uiso,
1361 1961 1460 1999 rex,
1493 1954 1583 1987 tum
1615 1947 1775 1988 uitandi

337 2004 528 2060 periculi,
559 2010 648 2046 tum
681 2006 812 2046 eciam
845 2004 1093 2060 complende
1125 2004 1414 2059 nauigacionis
1445 2004 1586 2058 gracia
1618 2005 1778 2046 tuciore

340 2063 477 2116 excipi
509 2061 704 2117 cupiens,
738 2063 941 2117 Ingimari
984 2063 1223 2105 Scaniensis
1254 2066 1386 2103 ratem
1427 2062 1600 2116 propius
1632 2062 1778 2103 adesse

338 2121 506 2170 iussam,
540 2134 683 2161 ensem
715 2120 865 2162 dextra
888 2120 1140 2175 signumque
1171 2120 1267 2162 leua
1294 2119 1537 2174 corripiens,
1575 2125 1622 2161 ut
1653 2126 1780 2161 teme-

339 2177 461 2230 rario,
493 2178 551 2218 ita
582 2191 783 2232 prospero
807 2179 914 2219 saltu
948 2178 1122 2227 inuolat,
1155 2191 1332 2232 eamque
1355 2177 1479 2218 remis
1504 2177 1640 2218 acrius
1663 2177 1779 2219 citari

339 2234 467 2276 iubet.
529 2234 779 2290 Eskyllum,
824 2236 991 2277 uirtutis
1031 2235 1264 2290 pertinacia
1294 2235 1540 2289 aliquandiu
1579 2235 1780 2290 subsequi

339 2297 548 2343 conatum,
580 2293 861 2348 affectumque
905 2293 1016 2348 regis
1059 2306 1183 2348 quam
1225 2292 1485 2334 debilitatem
1528 2292 1685 2346 nauigii
1716 2294 1780 2333 sui

339 2351 590 2405 propensius
611 2351 859 2404 intuentem,
891 2351 1043 2405 partim
1066 2351 1181 2404 regie
1212 2350 1329 2391 uocis
1358 2349 1605 2403 prohibicio,
1628 2351 1777 2405 partim

339 2407 492 2448 referta
525 2409 711 2462 periculo
743 2410 972 2450 necessitas
994 2408 1148 2449 reuerti
1181 2407 1396 2462 compulit.
1440 2406 1503 2447 Eo
1536 2408 1643 2459 uiso,
1667 2422 1777 2449 com-

339 2465 479 2518 plures
510 2466 764 2508 reuersionis
806 2467 1071 2514 occasionem
1103 2466 1156 2506 ab
1189 2466 1341 2506 erroris
1384 2464 1657 2506 simulacione
1691 2479 1779 2506 mu-

339 2523 445 2562 tuari
485 2523 656 2576 ignauia
696 2523 851 2565 docuit.
913 2523 1074 2571 Quibus
1116 2527 1255 2563 tamen
1302 2523 1454 2563 erroris
1496 2527 1778 2564 commentum

339 2581 571 2634 patrocinio
603 2581 691 2628 fore
722 2594 806 2627 non
830 2580 990 2634 debuit,
1023 2594 1119 2621 cum
1140 2593 1286 2634 regem
1317 2579 1547 2634 nauigium,
1580 2594 1666 2621 non
1687 2580 1779 2632 iter,

1829 1493 1884 1520 (311¹

1831 1963 1856 1987 p.
1876 1953 1884 1980 'i
