1884 3126
116 652 131 677 5

95 941 130 968 10

740 299 786 304 ..
849 274 916 316 ΧῙ
980 301 1029 306 -
1533 274 1615 316 395

301 403 361 446 At
400 406 600 460 populus,
641 408 863 461 perempto
911 419 1011 459 rege
1058 406 1275 457 exultans,
1302 403 1438 460 =quod
1481 403 1617 446 scelus

167 463 322 505 deflere
354 463 582 513 debuerat,
625 463 900 505 insultacione
932 464 1127 519 prosequi
1169 463 1401 519 uoluptatis
1432 463 1522 504 loco
1553 476 1617 504 re-

167 521 360 576 putabat.
434 521 514 570 Qui
557 536 652 563 cum
694 521 917 577 parricidio
961 522 1130 576 pictatis
1162 536 1331 563 causam
1362 525 1620 576 pretexeret,

170 579 295 635 idque
338 580 606 635 tyrannicidii
647 580 813 621 nomine
853 580 1082 631 coloraret,
1130 581 1307 621 militem
1350 593 1472 621 suum
1514 579 1618 620 deus

163 638 358 679 mercede
390 638 577 679 fraudari
608 652 692 680 non
722 652 895 693 passus,
927 652 1126 679 arcanam
1159 638 1410 679 sanctissimi
1443 637 1523 678 uiri
1554 638 1616 678 in-

162 697 408 737 nocenciam
441 696 674 737 manifestis
698 696 932 751 publicauit
953 696 1130 747 indiciis,
1154 696 1392 751 eximioque
1419 696 1506 737 uite
1529 696 1617 737 eius

163 754 382 809 splendore?
423 755 555 795 eciam
597 755 710 796 clara
748 755 893 795 mortis
935 759 1184 795 ornamenta
1224 754 1443 795 concessit.
1506 753 1617 794 Sane

163 812 215 853 ad
249 812 561 867 coarguendam
593 812 901 868 parricidarum
947 813 1159 853 maliciam
1189 812 1328 867 puniti
1360 812 1510 853 merita
1542 812 1616 852 mi-

163 871 362 912 raculosis
396 871 582 926 prodidit
614 870 897 925 argumentis,
946 871 1220 926 ignotamque
1252 870 1383 925 uulgo
1415 870 1617 911 uirtutem

163 929 336 971 mirifico
368 944 508 970 rerum
540 929 707 984 fulgore
730 929 906 970 detexit.
954 928 1145 977 Quorum
1177 929 1297 984 plebs
1320 929 1617 970 ammiracione

165 987 358 1041 perculsa
398 988 566 1028 uirtutis
607 987 811 1028 inuidiam
853 987 962 1041 egit,
1004 986 1359 1042 conspicuamque
1400 987 1618 1041 signorum

165 1045 478 1100 expericnciam
519 1045 589 1086 diu
629 1045 906 1100 nequicquam
944 1045 1152 1087 infuscare
1193 1045 1387 1086 tentauit.
1449 1043 1618 1086 Veteris

137 1120 139 1122 ·
164 1117 347 1158 namque
378 1103 538 1145 inuidie
572 1104 744 1145 fremitu
777 1118 824 1145 ac
858 1104 1043 1158 pristinis
1064 1104 1149 1145 odii
1180 1103 1340 1144 uiribus
1361 1103 1617 1158 pertinacius

97 1231 132 1258 15

99 1524 136 1550 ‘20

99 2104 136 2131 30

101 2392 138 2419 35

165 1161 496 1215 excandescens,
538 1162 691 1203 adduci
733 1176 815 1211 non
862 1166 1048 1217 poterat,
1097 1167 1143 1203 ut
1189 1162 1343 1203 diuinis
1387 1161 1618 1202 honoribus

165 1220 341 1273 coleret,
390 1234 513 1275 quem
556 1220 609 1261 ob
651 1220 786 1261 scelus
827 1234 851 1261 a
892 1234 935 1261 se
978 1220 1247 1262 interfectum
1294 1224 1486 1276 putaret,
1528 1233 1618 1260 rem

166 1278 314 1319 celitus
347 1277 607 1320 declaratam
649 1278 844 1320 humanis
875 1279 1138 1333 argumentis
1169 1280 1386 1333 abnegare
1414 1277 1616 1319 conando.

166 1335 421 1391 Quanquam
452 1337 563 1378 enim
597 1336 818 1378 damnatos
851 1351 875 1378 a
907 1351 950 1378 se
983 1351 1118 1379 mores
1150 1337 1294 1379 celesti
1323 1336 1475 1377 iudicio
1507 1350 1619 1377 com-

165 1394 365 1449 probatos
387 1395 563 1446 uideret,
591 1395 643 1435 ad
666 1395 1012 1437 dissimulandam
1034 1400 1176 1437 tamen
1205 1395 1209 1436 l
1238 1394 1615 1449 occultandamque

167 1452 468 1494 miraculorum
499 1453 626 1494 fidem
658 1454 811 1494 iustam
843 1453 956 1495 cedis
988 1468 1158 1495 causam
1189 1453 1400 1508 fingebat,
1434 1452 1618 1493 firmam-

169 1524 249 1565 que
271 1510 371 1551 facti
394 1511 619 1553 tuicionem
641 1512 839 1564 retinens,
871 1513 1083 1554 sentencie
1106 1526 1179 1553 sue
1201 1511 1618 1568 perseuerantissima

167 1570 474 1624 propugnatrix
510 1570 691 1611 existere
722 1584 804 1611 non
836 1570 1017 1612 erubuit.
1077 1570 1168 1612 Nec
1198 1572 1287 1612 uita
1318 1584 1462 1624 regem
1495 1569 1619 1623 spoli-

167 1640 258 1668 asse
290 1631 501 1679 contenta,
534 1628 668 1669 eciam
699 1627 778 1669 fati
809 1628 1005 1670 laudibus
1037 1643 1193 1670 exuere
1226 1628 1469 1680 conabatur,
1502 1627 1618 1668 cuius

166 1685 304 1726 lucem
348 1685 613 1738 extinxerat,
653 1685 812 1727 famam
854 1700 1021 1742 quoque
1065 1687 1243 1742 sepelire
1288 1686 1469 1727 connisa.
1534 1684 1616 1726 Sed

167 1742 362 1784 humanis
409 1744 593 1784 tenebris
641 1744 807 1785 diuinus
857 1745 1055 1800 splendor
1100 1745 1261 1787 inuolui
1311 1758 1394 1785 non
1436 1747 1615 1799 poterat.

122 1815 132 1827 ··
169 1800 335 1856 Quippe
367 1802 665 1843 miraculorum
694 1803 808 1843 nitor
831 1802 1058 1844 dubietatis
1081 1804 1302 1858 caliginem
1331 1803 1444 1843 clara
1475 1816 1616 1842 rerum

168 1859 261 1900 luce
292 1859 491 1914 pellebat.
535 1859 645 1901 Nam
678 1861 911 1902 sanctitatis
943 1861 1032 1902 eius
1063 1861 1229 1903 medela
1260 1861 1400 1902 uarias
1431 1859 1617 1901 imbecil-

167 1917 355 1957 lisstatum
394 1917 645 1959 affecciones
675 1918 957 1960 remediorum
999 1920 1247 1961 salubritate
1288 1922 1509 1975 prosecuta
1540 1922 1615 1959 est.

169 1973 358 2030 Cumque
407 1975 733 2017 obtrectancium
775 1977 883 2018 liuor
914 1977 1272 2019 crebrescentibus
1313 1978 1442 2032 signis
1471 1976 1618 2017 uirtuti

168 2032 317 2074 cedere
349 2038 571 2087 cogeretur
613 2048 691 2075 nec
730 2034 855 2076 fidem
887 2036 1064 2077 ulterius
1096 2036 1289 2077 frustrari
1321 2035 1544 2090 quiuisset,
1576 2035 1618 2074 in

168 2090 268 2131 facti
299 2095 442 2132 tamen
476 2091 719 2133 defensione
750 2094 979 2148 persistens
1001 2094 1216 2135 sanctitati
1238 2094 1406 2149 quidem
1430 2093 1617 2144 assensit,

168 2148 241 2189 sed
281 2163 374 2189 eam
415 2162 497 2190 non
540 2154 626 2190 tam
669 2165 721 2191 cx
753 2152 955 2206 preterite
994 2152 1082 2193 uite
1124 2152 1283 2193 meritis
1321 2166 1447 2207 quam
1479 2151 1617 2191 ultimi

169 2207 370 2261 temporis
400 2207 639 2262 penitencia
663 2210 894 2262 profectam
925 2210 1120 2252 astruxit.
1168 2210 1235 2251 Ita
1258 2214 1299 2251 et
1330 2212 1484 2251 iustam
1506 2209 1617 2250 facto

169 2278 337 2306 causam
370 2266 584 2320 pre-texuit
614 2270 655 2308 et
685 2267 774 2308 uita
796 2281 959 2309 cassum
981 2268 1140 2309 honore
1163 2268 1352 2310 donauit.
1401 2267 1617 2322 Siquidem

171 2322 297 2377 digne
328 2336 472 2377 regem
505 2325 674 2379 perisse,
705 2325 779 2366 sed
810 2326 926 2380 pium
957 2326 1183 2382 lachrymis
1221 2327 1403 2367 euasisse
1436 2325 1615 2375 dicebat,

1671 1411 1698 1435 p.
1718 1402 1769 1429 593

1639 1923 1794 1953 cxvllla

170 2380 451 2437 intencionem
484 2382 573 2423 eius
604 2383 786 2424 auaricie
818 2397 946 2438 quam
976 2385 1168 2439 religioni
1205 2385 1444 2439 propiorem
1476 2383 1644 2436 existi-¹

174 2452 304 2480 mans.
367 2438 496 2480 Cuius
537 2441 687 2481 erroris
727 2455 809 2482 non
855 2455 1009 2496 paruas
1052 2446 1144 2497 post
1186 2442 1353 2483 modum
1386 2455 1516 2496 penas
1546 2454 1618 2496 pe-

173 2496 331 2550 pendit.
393 2496 475 2538 Sed
497 2501 540 2539 et
560 2499 728 2553 posteri,
761 2503 982 2554 paternam
1012 2500 1249 2541 redolentes
1277 2500 1493 2551 inuidiam,
1516 2513 1618 2540 >san-

173 2555 329 2595 ctitatis
361 2555 449 2596 eius
482 2555 659 2596 formam
693 2570 776 2597 non
809 2557 1004 2607 moribus,
1036 2558 1108 2599 sed
1136 2558 1362 2613 lachrymis
1393 2558 1616 2611 imputant,

174 2614 442 2667 presentique
488 2613 777 2655 incredulitate
820 2612 1020 2669 preterito
1070 2629 1161 2657 sese
1207 2616 1336 2665 errori
1385 2615 1616 2669 implicant.

105 2681 142 2709 40
173 2668 322 2724 Neque
364 2670 515 2712 adduci
554 2676 753 2727 possunt,
794 2677 842 2714 ut
882 2673 1011 2729 ipsius
1053 2673 1380 2726 beatitudinem,
1424 2673 1617 2729 deposito
1652 2703 1654 2706 v
