1884 3126
369 257 449 300 656
927 275 973 281 —
1036 249 1122 293 XV
1188 275 1232 281 Α

367 387 604 437 spargeret,
635 382 789 435 uixque
832 379 883 420 ad
925 393 1014 419 rem
1044 379 1229 419 diuinam
1261 377 1545 434 peragendam
1575 379 1687 420 uocis
1723 383 1795 420 aut

367 455 512 480 manus
557 439 784 478 ministerio
839 437 1029 477 sufficere
1074 437 1220 478 ualuit.
1293 436 1403 484 Quin
1449 437 1581 476 eciam
1632 443 1794 477 tantum

367 496 608 550 egritudinis
649 495 785 534 animo
828 494 1059 545 contraxit,
1107 498 1275 547 tamque
1321 494 1441 547 graui
1482 498 1523 534 et
1565 494 1795 548 periculosa

366 553 592 594 ualitudine
624 551 759 592 subito
791 550 901 591 affici
932 551 1055 605 cepit,
1086 556 1132 591 ut
1163 565 1269 604 pene
1301 552 1432 591 uitam
1463 565 1556 591 cum
1596 552 1794 593 sacrificio

318 621 335 647 5
365 611 512 650 finiret.
573 608 822 649 Incredibile
855 608 1090 658 uideretur,
1134 613 1295 648 tantum
1340 609 1477 649 uirum
1517 612 1604 649 tam
1642 609 1794 662 insigni

365 668 498 706 luctus
530 663 715 719 herli-ore
747 666 1004 718 confectum,
1043 666 1075 705 si
1107 680 1189 706 non
1221 666 1308 706 eius
1340 679 1441 719 erga
1472 665 1793 706 waldemarum

365 723 537 763 affectus
560 723 705 763 fuisset
728 723 975 764 notissimus.
1019 722 1101 763 Sed
1124 723 1306 773 fortuna,
1330 723 1463 763 altero
1483 724 1618 777 patrie
1641 724 1795 764 lumine

364 781 559 827 extincto,
592 780 797 834 reliquum
831 780 965 834 perire
997 794 1118 834 passa
1157 794 1241 820 non
1273 784 1348 833 est,
1380 795 1431 820 ne
1462 781 1648 831 deesset,
1681 782 1795 821 cuius

364 837 488 877 ductu
527 837 662 877 Danie
703 837 879 890 pedibus
912 837 1079 878 solania.
1119 837 1415 891 subiiceretur‚
1457 842 1529 878 aut
1560 851 1681 892 gens,
1715 852 1794 893 que

295 907 331 934 10
363 894 438 934 sub
461 895 585 934 tantis
619 894 792 935 ducibus
815 894 865 934 ad
889 895 1164 935 excellentem
1198 895 1362 936 honoris
1383 895 1572 936 habitum
1594 900 1795 951 prouecta

362 951 509 995 fuerat,
543 956 681 992 tutore
714 966 847 992 uacua
878 958 1124 993 remaneret.
1191 952 1317 993 Cuius
1355 953 1591 1007 lachrymis,
1625 966 1794 1007 precum

362 1009 450 1049 loeo
494 1009 670 1060 defusis,
709 1023 898 1063 respersa
930 1010 1079 1049 altaria
1110 1024 1191 1050 non
1233 1011 1456 1064 paruulum
1487 1010 1795 1065 promptissime

361 1066 448 1106 eius
480 1080 580 1119 erga
622 1080 764 1120 regem
810 1067 1093 1107 beniuolencie
1126 1067 1321 1107 indicium
1363 1068 1579 1122 prebuere.
1640 1067 1794 1108 Iisdem

362 1137 525 1177 quoque
556 1124 793 1164 madefacta
825 1124 947 1164 thura
977 1130 1144 1178 gratum
1176 1125 1254 1165 deo
1286 1125 1458 1166 odorem
1497 1125 1677 1178 dedisse,
1710 1139 1794 1166 cre-

292 1193 327 1220 15
359 1180 549 1222 diderim.

408 1469 661 1499 EXPLICITVS
693 1470 770 1499 EST
801 1469 984 1499 SAXONIS
1017 1469 1290 1499 GRAMMATICI
1320 1471 1376 1500 DE
1407 1471 1544 1502 REBVS
1575 1470 1745 1501 DANIOIS

788 1528 918 1556 LIBER
948 1528 1136 1558 DECIMVS
1167 1528 1364 1564 QVINTVS.
