1884 3126
221 857 253 884 10

224 1146 254 1172 15

219 1435 255 1466 20

218 1723 253 1750 Ξῖ)

218 2012 253 2039 30

219 2300 254 2327 35

219 2592 255 2619 40

286 205 369 244 542
827 222 877 228 —
939 196 1075 238 XIIII
1137 219 1191 225 -

286 327 450 368 lacione
495 327 729 380 picwtiactos
770 323 1043 377 locorumque
1089 322 1258 363 tandem
1295 320 1623 376 difficultatillbus
1654 322 1728 363 im-

286 385 465 439 plicatos
499 382 769 447 opprimeret.
818 381 1010 428 Quoxum
1040 381 1222 436 p1imum
1246 380 1386 421 Sclaui
1418 380 1550 421 libero
1580 381 1731 421 itinere

288 442 553 494 transgressi,
578 440 686 480 circa
710 439 920 503 reliquum
954 437 1159 479 redeundi
1181 438 1419 478 diffidencia
1442 439 1731 479 constiteiunt.

287 498 450 540 Eodem
481 497 569 538 fele
600 497 805 537 momenti
837 497 978 550 spacio
1014 497 1096 537 duo
1130 496 1294 551 pedites
1328 496 1636 548 Siilandenses,
1670 497 1730 536 in-

285 561 455 610 gentem
488 554 616 609 prede
649 554 803 595 fascem
837 559 1078 608 gestantes,
1115 567 1255 595 errore
1286 553 1471 595 locorum
1516 554 1556 593 in
1595 554 1730 608 ipsum

284 628 393 668 pene
425 613 677 654 Sclauorum
710 613 944 652 exercitum
975 612 1226 653 inciderunt.
1289 611 1372 658 Qui
1405 624 1497 652 cum
1520 625 1545 651 a
1566 611 1731 652 duobus

284 685 430 712 eorum
484 669 697 725 equitibus
749 674 1075 724 appeterentur,
1126 682 1368 724 quanquam
1427 674 1519 710 tuto
1573 669 1729 711 uadum

283 728 519 783 transgredi
560 732 781 783 poterant,
825 742 876 768 ne
919 741 1132 768 recessum
1174 741 1249 782 per
1294 727 1508 782 ignauiam
1556 741 1732 782 querele

285 787 554 836 uiderentur,
595 785 786 826 hostibus
827 786 1025 826 resistere
1057 799 1185 851 quam
1217 785 1355 826 socios
1396 784 1599 826 accedere
1647 799 1732 826 ma-

283 845 375 885 luci
381 849 468 894 unt
493 844 682 884 deforme
701 843 1007 894 existimantes,
1026 843 1158 894 abiis,
1182 856 1287 898 quos
1310 857 1487 884 Ilumelo
1514 850 1730 897 equarent,

286 901 464 943 audacia
496 900 700 956 superari.
761 900 929 955 Itaque,
963 914 1046 955 quo
1080 901 1213 954 magis
1247 900 1471 956 expeditos
1503 915 1548 941 se
1581 901 1729 942 redde-

285 958 422 1009 rent‚*
443 973 590 1014 presso
628 958 809 1012 uestigio
840 960 1116 1013 proiectoque
1137 959 1265 1010 fasce,
1295 972 1417 999 enses
1449 958 1726 1013 destringunt.

287 1018 480 1065 Quorum
521 1017 760 1058 constancie
807 1023 848 1056 et
891 1016 1038 1057 uirtuti
1077 1016 1246 1057 fortuna
1287 1015 1471 1057 debitam
1513 1017 1731 1058 incolumi-

287 1080 418 1116 tatem
454 1075 676 1116 concessit.
739 1073 955 1128 Siquidem
988 1075 1179 1128 equitum
1211 1078 1362 1115 neutro
1394 1074 1627 1129 procedere
1659 1089 1729 1116 au-

287 1134 424 1186 dente,
468 1137 682 1197 resumpto
724 1132 838 1173 fasce
879 1136 1043 1186 ceptum
1087 1133 1166 1174 iter
1209 1137 1469 1186 carpserunt.
1543 1131 1731 1198 Cumque

286 1205 452 1232 ruisum
485 1190 624 1232 Sclaui
659 1191 777 1231 binos
810 1190 973 1245 equites
1005 1190 1056 1230 ad
1090 1205 1159 1232 eos
1189 1190 1486 1245 oppiimendos
1508 1191 1730 1240 misissent,

286 1263 432 1290 eorum
465 1250 677 1289 incursum
721 1247 881 1292 elidem
923 1247 1047 1288 animi
1080 1248 1297 1303 presencia
1337 1248 1575 1303 reppuleie.
1637 1249 1730 1296 Quo

286 1307 401 1348 facto
436 1312 521 1347 tam
566 1305 748 1347 hostium
783 1319 907 1360 quam
941 1306 1094 1346 ciuium
1126 1307 1166 1347 in
1201 1320 1244 1347 se
1275 1306 1603 1347 ailmiracionem
1636 1321 1728 1347 uer-

286 1372 388 1415 teie,
422 1377 707 1418 magnumque
728 1364 809 1404 illis
840 1364 1051 1414 ruborem
1086 1364 1149 1405 his
1171 1364 1279 1405 inter
1303 1370 1461 1404 metum
1485 1369 1525 1405 et
1546 1365 1728 1406 leticiam

289 1423 580 1474 liesitantibus,
615 1436 831 1476 peperere.
892 1421 933 1462 A
967 1435 1043 1463 sex
1076 1422 1244 1462 tandem
1278 1422 1486 1476 equitibus
1518 1422 1729 1466 attentati,

288 1480 525 1521 inuariabili
547 1481 697 1520 mentis
719 1480 866 1520 habitu
883 1480 1115 1534 perstitere,
1134 1484 1335 1535 tanquam
1358 1480 1543 1521 hostium
1561 1481 1730 1533 ignauie

286 1539 422 1594 plenis
454 1537 713 1579 fortitudinis
745 1538 892 1578 animis
926 1539 1188 1579 insultantes.
1250 1537 1338 1579 Nec
1370 1537 1505 1579 defuit
1527 1538 1731 1579 Absaloni

288 1600 483 1651 prompta
517 1609 632 1636 mens
666 1595 717 1636 ad
753 1609 878 1649 opem
910 1609 1053 1648 eorum
1090 1596 1233 1636 uirtuti
1267 1596 1504 1650 fiducieque
1540 1601 1731 1651 prestan-

287 1654 396 1694 dam.
459 1654 674 1708 Siquidem
706 1658 768 1695 tot
799 1668 971 1694 suorum
1004 1654 1218 1709 equitum,
1264 1660 1366 1708 quot
1400 1654 1610 1695 hostilium
1645 1654 1730 1695 ani-

286 1711 587 1759 maduerteret,
621 1712 678 1751 eis
711 1725 785 1765 pro
820 1712 1115 1766 supplemento
1150 1712 1393 1754 transmisit.
1457 1712 1597 1752 &claui
1626 1725 1729 1766 quo-

286 1784 366 1824 que
399 1783 571 1809 suorum
603 1770 861 1824 paucitatem
896 1770 1089 1810 certatim
1122 1770 1360 1811 numerosis
1392 1769 1567 1810 militum
1591 1771 1730 1823 presi-

288 1828 364 1868 diis
386 1829 767 1881 prosequebantur.
812 1827 961 1882 Itaque
984 1828 1288 1881 supplementis
1311 1828 1507 1880 utrinque
1529 1832 1729 1882 tanquam

287 1900 338 1926 ex
373 1884 461 1939 pari
502 1886 807 1935 crescentibus,
852 1885 1149 1940 equitibusque
1190 1886 1325 1926 ueluti
1360 1885 1411 1926 ad
1452 1885 1602 1926 milicie
1638 1899 1730 1938 spe-

289 1942 501 1983 ctaculum
524 1958 545 1983 e
569 1943 739 1984 diuerso
765 1943 1129 1992 conuenientibus,
1153 1942 1465 1990 Sialandenses,
1485 1944 1728 1984 ulteriorem

288 2001 470 2041 bostium
503 2001 783 2055 petulanciam
828 2001 1064 2056 inspectare
1106 2015 1188 2041 non
1222 2002 1357 2056 passi,
1400 2002 1598 2042 uniuersa
1638 2001 1728 2043 acie

287 2059 347 2100 eis
380 2064 621 2100 occurrunt.
686 2060 873 2106 Quorum
907 2059 1073 2112 fugam,
1108 2058 1227 2099 uadis
1259 2058 1607 2114 impedientibus,
1639 2059 1729 2100 lon-

286 2130 386 2170 gum
409 2116 573 2171 insequi
601 2122 879 2170 nequeuntes,
910 2117 1111 2157 maiorem
1136 2130 1339 2170 equorum
1363 2131 1488 2171 quam
1513 2117 1730 2157 hominum

287 2180 473 2239 stragem
526 2180 715 2227 egerunt.
790 2174 981 2229 Cumque
1034 2175 1112 2214 iter
1163 2174 1215 2215 ad
1266 2188 1397 2215 naues
1448 2176 1639 2215 reflecte1
1645 2181 1728 2226 ent

287 2233 491 2286 mmigum
525 2245 696 2272 suorum
729 2233 860 2272 aciem
893 2233 1019 2273 armis
1052 2233 1210 2286 pariter
1242 2246 1290 2272 ac
1321 2233 1448 2285 signis
1481 2207 1728 2273 instructani

287 2291 459 2331 obuiam
492 2289 744 2341 habueiunt,
778 2304 901 2344 quam
934 2289 984 2330 ad
1010 2290 1169 2330 auxilia
1202 2290 1325 2330 sociis
1348 2289 1524 2331 ferenda
1552 2289 1727 2330 foituito

287 2348 441 2389 nuncio
475 2348 634 2388 monita
666 2347 800 2388 uirtus
834 2348 1087 2388 idduxerat.
1149 2347 1204 2388 Hi
1238 2347 1429 2402 profecto
1470 2361 1561 2388 cum
1595 2347 1729 2388 Absa—

287 2406 383 2445 lone
428 2406 604 2446 uictorie
649 2405 826 2459 gloriam
875 2407 1318 2458 communicauerunt,
1367 2406 1430 2446 cui
1482 2420 1525 2445 se
1578 2410 1728 2459 sponte

288 2464 454 2504 uirtutis
486 2464 624 2505 socios
657 2463 914 2505 obtulerunt.
977 2463 1144 2505 Interea
1187 2478 1264 2504 rex
1295 2464 1396 2504 seris
1439 2463 1611 2517 uigilum
1644 2477 1729 2503 mo-

287 2521 383 2562 nitis
437 2522 670 2573 excitatus,
722 2521 875 2562 omisse
925 2521 1213 2575 nauigacionis
1264 2535 1425 2562 moram
1471 2534 1728 2575 prepropera

286 2577 560 2620 festinacione
594 2578 800 2620 discussit.
863 2578 944 2627 Qui
981 2593 1087 2633 cum,
1119 2579 1218 2620 uisis
1252 2578 1623 2629 Sialandensibus,
1654 2592 1728 2633 po-

1791 333 1883 367 (311]

1766 967 1881 996 (¹1.va

1784 1265 1811 1289 p.
1831 1257 1883 1284 802
