1884 3126
751 238 798 244 —
859 213 947 259 VII
1007 242 1059 249 -——
1538 221 1619 264 227

181 339 391 399 repeciit.*
461 340 655 399 Cumque
695 342 892 400 Syritha,
933 358 1050 388 more
1089 345 1264 402 pristino
1307 347 1493 390 decursis
1534 349 1618 391 late
1655 357 1797 387 vam

181 401 378 456 scopulis,
409 401 451 442 in
483 400 675 443 Ebbonis
701 401 812 444 forte
842 403 963 445 sedes
995 417 1172 447 erronea
1193 406 1470 460 peruenisset,
1501 407 1620 448 nudi-

181 459 280 502 tatis
315 462 355 500 et
384 459 526 514 inopie
557 459 710 501 rubore
743 461 961 515 egencium
992 475 1038 503 se
1069 463 1194 503 filiam
1226 464 1457 507 astruebat.
1521 464 1623 506 Ani-

183 517 454 559 maduertens
485 521 629 560 autem
670 518 778 560 hanc
815 519 966 561 Othari
1006 524 1158 570 mater,
1202 523 1393 576 quamuis
1434 536 1622 564 marcore

134 588 150 615 5
179 576 327 617 illitam
362 575 559 632 inopique
604 580 838 618 contectam
871 578 1066 632 amiculo,
1098 592 1117 619 a
1152 580 1362 633 generosis
1394 581 1621 635 pullulasse

181 634 433 688 ramalibus,
479 635 686 676 honorato
739 634 914 677 sedendi
959 637 1053 678 loco
1102 642 1339 692 susceptam
1387 638 1622 681 reuerenda

183 707 325 735 secum
357 692 552 734 comitate
577 692 769 735 detinuit.
810 693 1087 736 Nobilitatem
1110 696 1264 751 quippe
1296 695 1467 750 uirginis
1490 697 1622 738 index

184 751 322 792 forma
341 750 563 806 prodebat,
587 754 629 792 et
648 751 767 793 uultu
790 765 924 806 genus
947 752 1179 807 interprete
1202 754 1447 796 resultabat.
1486 755 1622 803 Quam

184 809 334 851 uidens
376 808 583 863 Otharus,
632 824 706 851 cur
750 810 916 851 uultum
959 811 1084 866 peplo
1134 812 1392 864 obscuraret,
1434 814 1621 869 inquirit.

118 883 151 910 10
183 867 313 909 Cuius
344 868 531 909 animum
563 868 725 910 cercius
758 873 1025 923 experturus,
1056 874 1284 925 nupturam
1316 870 1392 911 sibi
1425 870 1620 913 feminam

184 926 317 981 fingit,
351 925 528 982 eiusque
558 926 729 968 thorum
761 926 1062 980 conscendens,
1102 928 1318 969 lucernam
1349 928 1515 984 Syrithe
1552 943 1622 983 ge-

186 983 379 1026 standam
421 985 656 1026 committit.
731 987 822 1031 Que
864 999 979 1037 cum,
1026 986 1258 1041 absumptis
1300 1000 1406 1041 pene
1446 987 1622 1042 lychnis,

186 1042 356 1084 admoto
377 1042 550 1098 propius
573 1042 671 1097 igne
697 1047 974 1097 premeretur,
995 1046 1159 1085 tantum
1181 1044 1391 1098 paciencie
1413 1045 1623 1101 specimen

185 1100 377 1156 prebuit,
418 1104 465 1141 ut
504 1114 675 1142 manum
706 1101 866 1156 absque
906 1105 1025 1142 motu
1062 1101 1276 1143 continere
1316 1103 1426 1155 uisa,
1466 1103 1624 1144 nullam

122 1173 154 1200 15
186 1159 349 1200 ardoris
392 1158 633 1200 molestiam
672 1160 830 1201 sentire
863 1159 1121 1201 crederetur.
1191 1159 1429 1202 Externum
1471 1161 1624 1216 quippe

188 1221 325 1259 estum
349 1216 572 1258 cohibebat
604 1217 790 1259 interior.
824 1222 865 1259 et
886 1217 1130 1272 pruritantis
1163 1218 1289 1259 animi
1315 1217 1454 1261 feruor
1475 1219 1624 1261 aduste

188 1275 294 1317 cutis
314 1275 556 1317 incendium
579 1276 856 1330 temperabat.
902 1276 995 1324 Que
1017 1275 1185 1317 demum
1216 1275 1267 1317 ab
1292 1275 1451 1319 Otharo
1484 1277 1625 1318 manui

188 1334 406 1375 consulere
435 1334 561 1388 iussa,
593 1333 782 1390 placidos
814 1335 855 1375 in
897 1348 993 1375 eum
1026 1335 1198 1375 obtutus
1229 1335 1472 1377 uerecunda
1501 1335 1624 1376 lumi-

187 1406 287 1432 num
331 1391 549 1433 ereccione
592 1391 822 1445 conuertit,
864 1392 1113 1447 statimque,
1158 1389 1332 1447 semolto
1378 1393 1626 1449 nupciarum
1679 1398 1775 1431 rust-34

119 1463 157 1490 ρο
186 1450 405 1505 figmento,
436 1450 648 1504 genialem
679 1450 848 1492 thorum
891 1455 1075 1505 nuptura
1110 1450 1365 1493 conscendit.
1435 1451 1625 1505 Cumque

187 1513 284 1564 post
315 1507 488 1550 modum
520 1508 730 1564 Syualdus
764 1508 1113 1563 comprehensum
1141 1508 1346 1549 Otharum
1380 1509 1432 1550 ob
1464 1509 1624 1550 illatum

188 1566 271 1608 filie
302 1570 496 1622 stuprum
536 1567 766 1621 suspendio
808 1565 1144 1608 consumendum
1177 1566 1384 1620 duxisset,
1429 1567 1623 1609 continuo

188 1624 380 1680 Syritha,
412 1629 559 1680 raptus
593 1625 657 1666 sui
689 1624 856 1666 casibus
891 1625 1134 1679 explicatis,
1163 1638 1246 1665 non
1280 1625 1416 1666 solum
1456 1638 1551 1666 eum
1581 1625 1624 1665 in

188 1683 297 1737 regis
328 1683 514 1738 graciam
547 1683 728 1735 reduxit,
762 1683 835 1724 sed
858 1683 989 1724 eciam
1020 1687 1182 1737 patrem
1225 1682 1277 1723 ad
1317 1683 1404 1724 eius
1436 1696 1624 1724 sororem

119 1755 157 1782 ‘25
188 1741 455 1782 matrimonio
489 1741 566 1783 sibi
599 1741 880 1796 copulandam
913 1740 1102 1782 adduxit.

324 1799 430 1841 Post
471 1800 550 1841 hec
590 1800 700 1840 inter
732 1799 966 1855 Syualdum
998 1797 1372 1853 Regnaldumquc,
1415 1798 1624 1853 exquisite

188 1857 411 1913 probitatis
456 1857 658 1899 militibus
701 1857 927 1912 utrobique
966 1857 1159 1910 delectis,
1210 1856 1322 1911 apud
1366 1855 1623 1897 Sialandiam

187 1915 367 1970 prelium
400 1916 551 1970 agitur.
595 1915 646 1957 In
670 1929 752 1971 quo
776 1929 885 1968 cum,
916 1915 1055 1956 triduo
1087 1915 1242 1956 mutuis
1265 1914 1436 1956 cedibus
1460 1917 1623 1966 exacto,

189 1973 242 2015 ob
274 1988 480 2015 summam
512 1974 733 2028 utriusque
764 1975 892 2029 partis
925 1975 1128 2015 uirtutem
1158 1973 1304 2014 incerti
1336 1973 1508 2014 uictor-ie
1529 1986 1624 2028 pro-

121 2044 156 2071 so
189 2046 335 2074 cursus
368 2033 611 2083 existerent,
644 2031 844 2082 Otharus,
892 2033 983 2073 siue
1017 2031 1174 2072 diutine
1205 2045 1349 2086 pugne
1380 2031 1492 2072 tedio
1534 2031 1623 2072 siue

186 2090 317 2145 glorie
351 2091 617 2132 emulaeione
649 2093 891 2145 correptus,
934 2104 1025 2131 cum
1070 2090 1210 2130 mortis
1247 2092 1487 2144 contemptu
1528 2102 1624 2129 con-

177 2148 442 2202 fertissimos
470 2149 617 2190 'hostes
649 2148 857 2203 irrumpit,
888 2147 1194 2202 Regnaldoque
1226 2147 1335 2188 inter
1376 2146 1623 2187 fortissimas

186 2206 365 2247 militum
395 2207 508 2248 acies
535 2206 799 2258 obtruncato,
832 2205 1013 2247 subitam
1035 2206 1164 2246 Danis
1196 2205 1416 2246 uictoriam
1445 2204 1621 2259 peperit.

187 2264 360 2319 Insigne
393 2265 474 2306 hoc
514 2264 696 2319 prelium
731 2264 1011 2306 maximorum
1051 2276 1275 2318 procerum
1318 2263 1487 2317 ignauia
1528 2260 1621 2302 fuit.

119 2333 158 2360 35
182 2322 311 2374 ,Adeo
344 2321 555 2378 siquidem
588 2323 648 2364 rei
681 2336 844 2364 summa
876 2321 1127 2376 perhorruit,
1168 2323 1215 2361 ut
1245 2319 1459 2361 fortissimi
1491 2318 1623 2360 Suec-

187 2394 288 2421 num
320 2380 428 2422 .XL.
461 2385 583 2435 terga
603 2380 705 2435 fuge
737 2380 905 2422 dedisse
939 2379 1145 2421 dicantur.
1191 2378 1379 2426 Quorum
1400 2377 1622 2431 precipuus

190 2437 500 2494 Starcatherus,
531 2439 649 2479 nulla
680 2439 837 2480 seuicia
866 2451 1006 2479 rerum
1041 2441 1115 2479 aut
1146 2436 1424 2492 periculorum
1464 2434 1623 2487 magni-

187 2496 334 2538 tudine
362 2497 479 2551 quati
509 2496 671 2550 solitus,
702 2496 842 2538 nescio
876 2509 959 2551 qua
989 2492 1363 2549 nunc'obrepente
1401 2491 1623 2533 formidine

188 2555 399 2596 sociorum
429 2555 575 2609 fugam
607 2555 725 2610 sequi
766 2568 890 2609 quam
924 2567 1122 2608 spernere
1153 2551 1410 2606 preoptauit.
1480 2548 1624 2590 Credi-

120 2627 156 2654 40
187 2612 318 2655 derim
353 2612 465 2654 hunc
496 2616 657 2656 metum
701 2611 737 2654 ei
769 2612 920 2654 diuinis
952 2611 1113 2653 uiribus
1143 2609 1365 2662 iniectum,
1405 2621 1457 2649 ne
1497 2620 1624 2662 supra

1423 2675 1486 2711 15*
