1884 3126
240 939 274 964 lt)

316 283 398 323 410
879 298 930 303 ἡ
989 273 1081 314 ΧΠ
1142 298 1194 303 —-

315 406 429 449 ciniis
451 404 708 446 teterrimam
729 403 771 443 in
793 401 1004 443 subiectos
1026 401 1268 457 potenciam
1300 404 1532 452 exerceret,
1563 399 1753 455 plebem-

315 478 394 519 que
425 462 533 504 omni
564 459 734 501 in*iurie
768 473 923 512 genere
955 460 1167 514 fatigaret.
1209 459 1303 507 Quo
1335 459 1490 511 euenit,
1520 464 1568 500 ut
1599 458 1753 511 cuncti,

314 520 641 562 sordidissimam
684 518 773 559 eius
817 517 1152 559 dominacionem
1192 517 1353 572 perosi,
1392 529 1659 581 nequaquam
1690 530 1753 558 re-

311 592 441 643 gnum
473 576 711 631 oppressori
743 574 1021 616 deferendum
1054 579 1274 630 putarent,
1307 574 1526 629 indignum
1558 574 1663 627 rati,
1695 573 1754 614 in-

310 635 435 676 iurias
467 648 563 675 suas
597 632 828 687 obsequiis
872 633 1091 687 angustias
1134 633 1294 673 honore
1325 631 1516 687 rependi
1579 631 1752 673 Cunctis

310 705 410 745 ergo
442 691 604 732 Isoram
647 690 920 743 coeuntibus,
965 705 1060 732 cum
1103 690 1156 731 ob
1198 694 1354 731 etatem
1387 689 1559 731 Vbboni
1592 703 1755 730 summa

309 750 618 799 decerneretur,
650 747 850 789 Nicolaus
884 748 1009 797 solus,
1041 749 1113 803 qui
1132 748 1173 789 id
1198 762 1294 803 egre
1316 748 1479 789 laturus
1511 747 1753 802 putabatur,

308 807 490 851 maximo
514 806 660 847 fauore
683 806 894 847 concionis
927 806 1130 861 suffragia
1163 806 1481 860 comprobabat,
1514 804 1626 860 quod
1652 804 1754 846 Sue-

307 864 426 905 nonis
471 864 542 904 filii
583 878 659 919 pro
704 864 827 906 etatis
868 863 1015 906 habitu
1061 864 1178 919 regni
1218 865 1326 905 inter
1368 879 1411 906 se
1444 863 1753 904 successionem

306 935 474 963 uersare
515 923 836 975 consueuerint,
879 935 1130 978 semperque
1169 923 1374 963 minorem
1417 922 1550 962 maior
1581 921 1751 963 honoris

307 979 430 1020 huius
462 979 661 1021 heredem
694 979 899 1021 habuerit.
940 980 1069 1022 Vbbo
1101 995 1218 1033 uero,
1250 994 1399 1036 parum
1434 979 1609 1021 solercie
1639 979 1754 1030 fisus,

305 1037 436 1078 ueluti
469 1037 661 1078 secordie
695 1038 959 1079 consciencia
993 1041 1111 1079 tanto
1145 1039 1263 1079 oneri
1285 1038 1483 1079 humeros
1507 1051 1606 1079 suos
1629 1037 1754 1078 subii-

307 1108 402 1136 cere
433 1095 670 1148 recusauit,
714 1096 947 1150 uegecioris
978 1095 1135 1150 ingenii
1166 1095 1342 1137 fratrem
1387 1109 1438 1138 eo
1483 1108 1655 1136 munere
1696 1094 1754 1136 di-

305 1153 551 1206 gnissimum
585 1167 851 1195 asseuerans.
903 1153 1133 1196 Enimuero
1166 1154 1293 1196 animi
1326 1154 1388 1195 sui
1422 1153 1753 1195 imbecillitatem

236 1226 271 1252 15
302 1212 472 1266 proprio
506 1226 630 1266 quam
663 1212 801 1253 alieno
835 1211 987 1253 iudicio
1021 1211 1157 1252 metiri
1191 1212 1446 1267 prudencius
1479 1211 1614 1253 duxit.
1671 1210 1753 1252 Sed

235 1514 272 1541 20

234 1802 270 1829 25

306 1268 431 1309 michi
453 1268 620 1324 quidem
658 1269 830 1310 uitande
860 1270 1195 1326 presumpcionis
1227 1270 1367 1324 gracia
1399 1269 1598 1310 humilius
1631 1282 1754 1324 quam

306 1327 446 1367 uerius
469 1327 521 1368 de
543 1328 700 1369 uirtute
723 1342 800 1369 sua
821 1328 1004 1369 sensisse
1035 1327 1215 1379 uidetur,
1249 1327 1313 1369 cui
1338 1327 1487 1369 melius
1509 1326 1751 1383 respuendo

306 1397 481 1437 regnum
515 1399 642 1440 quam
682 1385 975 1441 amplectendo
1018 1386 1249 1438 consuluit,
1292 1401 1340 1427 eo
1382 1385 1551 1440 quidem
1593 1385 1753 1427 honore

308 1441 487 1495 dignior,
519 1443 629 1498 quod
665 1443 854 1484 oblatum
888 1444 967 1485 sibi
997 1443 1180 1485 fraterne
1225 1443 1455 1499 prudencie
1487 1442 1636 1484 cedere
1669 1456 1752 1484 non

306 1500 488 1543 eiubuit.
552 1500 604 1542 Et
636 1501 804 1555 quidem
837 1501 970 1552 Dani,
1012 1515 1164 1557 parum
1205 1502 1315 1542 iusta
1360 1501 1633 1544 estimacione
1665 1506 1754 1542 tam

304 1558 538 1599 modestam
564 1560 653 1601 eius
675 1559 974 1600 uerecundiam
998 1560 1225 1625 prosecuti,
1246 1560 1477 1614 ignarique,
1500 1558 1754 1615 prudentem

303 1616 438 1656 uirum
471 1616 661 1671 fugiendi
706 1619 844 1659 oneris
886 1619 1097 1660 racionem
1129 1618 1285 1658 inercie
1310 1618 1323 1669 ΙΙ
1347 1617 1619 1658 simulacione
1652 1630 1749 1672 que-

304 1673 420 1726 sisse,
453 1689 577 1729 quem
608 1676 927 1729 perseuerancia
964 1688 1162 1731 superare
1193 1675 1453 1727 debuerant,
1484 1674 1752 1729 negligencia

302 1733 505 1786 preterire
551 1734 850 1775 sustinuerunt.
914 1733 1017 1781 Quis
1065 1734 1174 1774 enim
1221 1734 1372 1774 mentis
1416 1747 1586 1788 compos
1631 1733 1753 1773 huius

302 1789 501 1831 refertum
542 1790 748 1831 industria
791 1795 938 1846 pectus
980 1793 1168 1845 ignoret,
1210 1791 1282 1846 qui
1314 1805 1358 1832 se
1389 1791 1500 1832 intra
1539 1791 1752 1846 priuatum

303 1846 473 1889 fortune
495 1848 683 1889 habitum
709 1850 927 1890 continere
952 1863 1077 1904 quam
1109 1849 1329 1903 dignitatis
1361 1849 1622 1891 incrementa
1653 1861 1753 1889 cura

304 1918 353 1946 ac
384 1906 666 1948 sollicitudine
699 1921 877 1962 querere
908 1907 1182 1962 preoptauit?

599 2114 855 2144 EXPLICITVS
886 2114 964 2144 EST
994 2113 1124 2144 LIBER
1154 2113 1445 2144 DVODECIMVS.

1792 467 1876 497 CXX

1806 1627 1884 1661 (230
