1884 3126
255 570 271 597 5

234 855 271 883 10

233 1144 269 1171 15

232 1431 270 1459 20

232 1721 269 1749 25

231 2009 269 2038 30

231 2302 267 2331 35

234 2589 268 2616 40

307 202 388 244 552
838 222 883 228 --
951 193 1089 235 XIIII
1151 217 1200 224 -

305 342 386 370 non
426 325 713 368 interfectores
753 323 903 375 modo,
941 323 1016 365 sed
1059 322 1197 378 ipsum
1229 321 1477 374 Siuardum,
1520 321 1739 364 seuissime

307 381 655 426 consternacionis
685 380 802 423 furiis
835 380 1054 431 concitati,
1085 394 1159 436 per
1191 379 1276 421 uim
1309 384 1351 421 et
1382 378 1637 421 sedicionem
1668 391 1740 433 ap·
1770 387 1774 392 '

304 443 506 497 peterent,
538 452 744 494 eumque,
783 439 824 480 in
859 437 979 480 edem
1009 437 1157 492 fugere
1189 441 1402 489 coactum,
1434 437 1648 479 conuulsis
1679 440 1740 477 ta-

304 497 516 540 bernaculi
548 496 749 546 claustris,
781 498 945 551 raptum
979 494 1251 546 trucidarent,
1282 494 1553 536 homicidium
1586 494 1739 550 specie,

301 570 346 596 re
378 569 481 597 uera
521 554 745 608 coniugum
784 567 955 595 suarum
999 554 1116 608 prius
1156 553 1209 594 ab
1242 554 1332 608 ipso
1374 556 1741 608 constupratarum

304 612 602 654 contumeliam
633 611 894 653 ulciscentes.
958 610 1086 652 Cuius
1117 612 1175 651 rei
1209 612 1361 652 nuncio
1394 610 1603 660 Ostenus,
1648 623 1741 652 cum

302 670 434 712 classe
456 669 688 723 Berginum
709 672 885 724 peteret,
917 682 992 723 per
1015 669 1161 710 obuios
1185 673 1373 723 accepto,
1405 668 1579 724 petendi
1600 667 1741 710 fratris

302 741 425 782 quam
457 725 637 768 cauendi
667 726 874 782 cupidior,
907 725 1174 768 nihilominus
1206 726 1260 767 ad
1293 740 1389 768 eum
1420 726 1638 781 processit.
1700 725 1742 767 A

302 800 384 840 quo
417 799 511 826 cum
543 784 730 825 debitam
760 784 826 825 sui
847 785 966 838 regni
999 787 1161 839 partem
1192 784 1336 839 negari
1368 783 1740 836 animaduerteret,

300 842 445 898 paucis
477 856 571 884 eum
612 841 766 883 affatus
808 841 1021 895 discessit,
1064 842 1273 898 uultuque
1313 841 1437 884 fidem
1479 842 1741 897 promittens,

302 900 375 941 sed
406 900 613 956 pe1empti
644 899 784 940 fratris
807 900 1002 955 exemplo
1024 900 1160 954 perire
1182 904 1387 951 metuens,
1419 899 1520 954 fuge
1550 914 1594 940 se
1618 913 1740 965 quam

300 958 402 1000 noui
436 958 605 999 sceleris
637 957 881 999 auctoribus
914 957 1064 999 offerre
1094 957 1253 999 maluit.
1316 958 1452 1006 Quem
1484 958 1651 1000 Siuardi
1680 957 1741 998 in-

300 1015 563 1068 telfectores,
586 1014 714 1070 priori
735 1014 919 1057 facinore
942 1030 1091 1070 parum
1125 1016 1324 1067 contenti,
1357 1015 1532 1070 Ingonis
1556 1015 1740 1057 emulum

300 1073 555 1124 iudicantes,
599 1073 793 1115 naualem
832 1074 978 1127 fugam
1026 1073 1216 1114 terrestri
1260 1077 1425 1115 mutare
1465 1074 1741 1129 compulsum,

301 1131 375 1173 sed
410 1145 503 1172 eam
536 1130 588 1172 ob
612 1131 782 1172 nimiam
814 1131 1000 1185 corporis
1023 1129 1236 1185 saginam*
1256 1130 1416 1173 lencius
1446 1135 1740 1186 exequentem,

302 1194 475 1244 propter
494 1189 613 1230 littus
629 1188 814 1243 peditem
834 1188 1089 1240 occiderunt,
1108 1188 1274 1231 duobus
1291 1190 1407 1244 regni
1426 1187 1740 1244 partic<ipi>bus

300 1246 494 1301 sublatis,
525 1261 551 1289 a
581 1247 808 1301 superstite
840 1246 1057 1301 dignitatis
1090 1251 1131 1288 et
1153 1247 1459 1302 stipendiorum
1481 1248 1741 1288 incrementa

301 1307 530 1360 sperantes.
601 1303 790 1353 Quorum
833 1305 1011 1346 scelesta
1053 1304 1207 1356 fames,
1248 1304 1289 1345 in
1333 1310 1546 1346 tantorum
1587 1304 1741 1346 ducum

302 1361 461 1403 cladem
504 1362 694 1403 esuriens
735 1362 892 1417 uixque
936 1362 1103 1416 gemino
1146 1362 1375 1415 exaciatall
1399 1362 1644 1418 parricidio,
1687 1361 1741 1403 ab

301 1419 501 1475 Haquino
545 1419 751 1475 quodam,
791 1424 968 1475 paterne
1004 1419 1118 1461 cedis
1158 1421 1367 1462 ulcionem
1407 1424 1603 1476 petente,
1646 1424 1743 1475 post

302 1477 472 1520 modum
504 1476 718 1519 uindicata
750 1483 825 1520 est.
889 1476 1123 1533 Siquidem,
1155 1478 1281 1519 trium
1313 1478 1486 1521 fortuna
1527 1478 1579 1519 ad
1610 1492 1740 1519 unum

301 1535 508 1590 Ingonem
549 1550 624 1591 per
665 1535 751 1576 uim
795 1539 836 1578 et
875 1535 1037 1577 facinus
1080 1535 1273 1588 redacta,
1328 1550 1413 1578 non
1452 1536 1743 1578 sustinuerunt

301 1592 544 1646 Amundus,
587 1592 767 1635 Simonis
799 1592 929 1645 filius,
961 1597 1004 1635 et
1034 1593 1258 1650 Philippus
1298 1594 1451 1650 aliique
1485 1590 1740 1650 complures!

301 1650 474 1705 insignis
516 1650 722 1692 industrie
764 1651 864 1704 uiri,
905 1626 1082 1705 regnum
1114 1652 1176 1705 ei,
1217 1651 1329 1707 quod
1361 1653 1514 1718 partim
1554 1651 1741 1708 proprio,

301 1708 453 1764 partim
499 1708 635 1750 alieno
683 1709 839 1751 scelere
887 1709 1162 1764 quesiuisset,
1214 1713 1351 1751 tutum
1400 1710 1742 1765 intentatumque

299 1766 535 1821 persistere.
596 1766 823 1821 Indignum
865 1780 1032 1822 quoque
1063 1766 1350 1822 compluribus
1381 1768 1543 1821 uisum,
1589 1772 1636 1809 ut
1668 1768 1742 1808 ho-

300 1823 402 1865 mini
451 1823 644 1865 ridiculas
698 1825 886 1879 corporis
929 1829 1051 1865 notas
1096 1824 1265 1866 habenti
1311 1825 1489 1867 liberum
1534 1801 1743 1880 ’regnandi

301 1881 439 1923 locum
478 1882 655 1924 militum
697 1895 869 1923 suorum
910 1882 1154 1924 conciliaret
1193 1882 1400 1938 impietas.
1474 1882 1742 1949 Quapropter

302 1937 559 1994 Haquinum,
592 1953 717 1995 quem
748 1939 850 2005 dixi,
882 1939 1082 1981 faccionis
1114 1954 1191 1982 sue
1222 1941 1372 1983 ducem
1404 1945 1608 1990 creantes,
1630 1941 1737 1983 eius-

300 2009 381 2052 que
403 1997 656 2053 tyrocinium
677 1998 793 2052 regio
817 1998 987 2039 nomine
1007 2001 1294 2049 uenustantes,
1325 1998 1483 2040 bellum
1513 1998 1742 2041 aduersum

301 2054 512 2109 Ingonem
556 2055 808 2109 decernunt,
851 2059 892 2097 et
936 2055 1055 2111 quasi
1096 2055 1265 2098 Siuardi
1306 2057 1376 2099 uel
1408 2055 1557 2099 Osteni
1596 2070 1742 2098 manes

301 2112 444 2166 ulturi,
476 2112 622 2155 crebro
657 2126 844 2167 pugnam
875 2127 972 2154 cum
1003 2113 1195 2155 hostibus
1237 2114 1395 2155 ineunt.
1454 2112 1616 2156 Verum
1648 2114 1741 2169 plu-

301 2169 416 2211 ribus
462 2171 670 2212 continuis
715 2171 857 2226 preliis
889 2171 1078 2225 subacti,
1123 2171 1164 2212 in
1197 2171 1387 2213 Suetiam
1433 2170 1604 2213 tandem
1648 2185 1742 2213 cum

301 2227 462 2282 pupillo
507 2228 745 2282 diffugiunt.
809 2229 925 2278 Quos
957 2228 1065 2284 Ingo
1106 2243 1239 2285 prope
1273 2228 1530 2271 Sialandiam
1567 2229 1743 2284 fugandi

298 2284 437 2327 studio
471 2286 739 2339 subsecutus,
771 2301 923 2342 magna
947 2287 1132 2328 hostium
1154 2291 1273 2342 parte
1295 2287 1555 2343 propinquas
1587 2287 1740 2342 pelago

300 2342 428 2386 siluas
458 2347 644 2399 petente,
676 2344 937 2386 Absalonem
976 2358 1051 2399 per
1082 2345 1247 2400 legatos
1278 2345 1505 2398 sollicitat,
1543 2358 1636 2391 eos
1668 2346 1741 2400 qui

298 2402 341 2443 in
371 2400 572 2444 littoralia
592 2415 767 2444 nemora
787 2402 1078 2457 profugerant,
1100 2401 1366 2458 prendendos
1391 2407 1569 2445 curaret.
1613 2402 1738 2450 Quod

299 2459 491 2502 Absalon
531 2460 755 2501 honestate
807 2474 883 2504 sua
929 2474 977 2502 ac
1026 2459 1232 2515 dignitate
1271 2460 1493 2515 indignum
1535 2459 1739 2506 iudicans,

299 2531 448 2572 parum
497 2516 692 2573 precibus
743 2517 1068 2573 obtemperauit.
1147 2516 1391 2573 Appetente
1443 2517 1619 2573 hyeme,
1670 2518 1740 2573 qui

299 2589 393 2618 cum
426 2574 624 2633 Haquino
657 2575 956 2633 profugerant,
986 2575 1164 2631 patriam
1206 2581 1401 2632 repetere
1442 2575 1605 2628 adorsi,
1648 2579 1737 2619 tan-

1768 1138 1879 1172 CL[VI

1796 1370 1884 1406 (307)

1795 1671 1823 1695 p.
1843 1662 1884 1689 791
