1884 3126
311 236 392 276 190
883 257 926 262 ——
992 232 1057 275 VI
1120 257 1169 264 --

308 362 418 404 tulit.
479 360 602 402 Adeo
633 375 685 403 ne
716 361 842 403 nimie
883 361 1051 417 quidem
1091 362 1258 404 luxurie
1298 375 1490 403 assensor
1533 376 1623 404 esse
1663 376 1749 404 sus·

309 420 446 461 tinuit.
494 418 593 460 Filii
623 433 725 460 uero
749 419 975 474 Suertingi,
1007 421 1143 470 ueriti,
1174 434 1227 461 ne
1248 419 1412 472 Ingello
1435 418 1563 475 penas
1583 420 1749 475 paterni

309 477 502 519 facinoris
544 476 711 526 darent,
752 491 937 518 sororem
977 478 1016 519 ei
1057 478 1096 520 in
1131 478 1440 519 matrimonium
1472 478 1748 530 contulerunt,

309 536 519 576 ulcionem
566 534 768 576 beneficio
814 536 1064 590 precursuri.
1141 535 1208 577 Ex
1255 549 1337 590 qua
1386 536 1492 577 filios
1537 541 1749 590 susceptos

260 608 276 633 ⁵
307 592 586 645 Frothonem,
634 592 901 645 Fridleuum,
949 593 1158 647 Ingellum
1204 598 1329 648 atque
1376 593 1556 634 Olauum
1603 592 1748 648 (quem

243 896 279 924 10

244 1185 279 1212 15

245 1474 282 1501 ‘20

246 1763 282 1791 ‘25

249 2052 285 2078 30

249 2339 287 2367 35

252 2628 289 2656 ⁴0

310 650 484 706 quidam
525 650 653 705 ipsius
694 665 834 692 sorore
876 651 1034 692 editum
1083 650 1432 704 asseuerant[er])
1480 650 1750 706 an(t>iquitas

309 708 517 764 perhibet.

447 764 574 807 Cuius
613 780 794 808 sororem
829 765 1012 821 'Helgam
1053 766 1223 821 quidam
1260 767 1353 808 auri
1392 767 1538 823 opifex
1577 766 1750 808 obscure

310 824 463 879 stirpis,
496 823 715 865 blandiciis
737 825 988 879 compositus
1019 838 1067 865 ac
1088 825 1217 866 uariis
1237 825 1463 866 instructus
1484 824 1749 874 munusculis,

311 882 462 937 quibus
498 882 502 930 Ι
540 882 753 923 muliebris
794 883 978 923 maxime
1021 882 1227 937 cupiditas
1269 883 1450 938 capitur,
1496 884 1538 923 in
1586 887 1750 923 mutuas

310 941 424 981 faces
455 940 658 980 amatoria
690 940 885 981 comitate
918 944 1193 994 pertraxerat.
1255 940 1420 995 Quippe
1461 945 1556 995 post
1589 939 1749 981 obitum

310 998 436 1052 regis,
468 1010 552 1038 non
575 997 864 1049 existentibus,
887 998 957 1052 qui
979 1003 1155 1051 paterna
1175 999 1217 1039 in
1239 999 1358 1052 prole
1382 999 1530 1039 merita
1552 998 1750 1049 colerent,

312 1055 497 1097 custodie
543 1055 665 1110 inops
711 1056 1002 1110 tutoribusque
1048 1055 1212 1097 defecta
1258 1055 1409 1097 fuerat.
1486 1055 1607 1104 Quod
1657 1069 1750 1096 cum

313 1112 604 1154 Starcatherus
648 1127 699 1154 ex
748 1113 911 1154 assidua
958 1113 1170 1154 uiatorum
1217 1114 1427 1155 relacione
1468 1118 1750 1167 cognosceret,

311 1170 565 1225 impunitum
613 1170 721 1211 fabri
761 1171 909 1211 luxum
951 1172 1154 1226 preterire
1185 1185 1267 1212 non
1310 1172 1530 1222 sustinens,
1576 1171 1751 1226 (quippe

313 1233 360 1270 ut
382 1242 608 1269 memorem
634 1228 928 1269 beneficiorum
952 1229 1165 1281 cult-orem,
1188 1229 1246 1270 ita
1263 1233 1505 1283 promptum
1526 1229 1752 1270 insolencie

313 1286 522 1327 uindicem
555 1300 681 1339 agere
722 1286 1020 1340 consueuerat)
1063 1291 1149 1327 tam
1195 1287 1391 1328 inusitate
1423 1286 1752 1342 presumpcionis

315 1343 533 1385 audaciam
565 1344 701 1384 ultum
732 1344 792 1385 ire
832 1344 1106 1398 deproperat
1148 1344 1333 1399 orphane
1375 1344 1542 1385 alumne
1584 1348 1751 1385 uetusta

314 1401 538 1443 Frothonis
571 1402 722 1442 merita
754 1416 1016 1456 repensurus.
1078 1401 1294 1456 Denique
1338 1407 1563 1456 peragrata
1594 1400 1752 1454 Suetia,

313 1459 422 1501 fabri
467 1463 641 1513 penates
688 1460 922 1513 ingressus,
972 1460 1155 1501 uicinum
1200 1460 1334 1500 limini
1379 1460 1515 1500 locum
1564 1463 1752 1514 occupat,

315 1517 486 1573 pilleolo
518 1515 698 1572 (caput),
730 1531 782 1558 ne
814 1517 1070 1572 proderetur,
1107 1517 1369 1559 obscurante.
1398 1539 1411 1548 -,
1431 1515 1586 1565 Quem*
1618 1517 1748 1566 faber,

314 1589 401 1617 non
441 1575 541 1616 satis
582 1575 748 1627 doctus,
796 1576 870 1616 uili
912 1575 1122 1616 interdum
1163 1575 1342 1616 amiculo
1382 1575 1543 1616 ualidas
1585 1575 1752 1616 subesse

317 1647 487 1699 manus,
533 1633 798 1687 obiurgatum
832 1633 908 1674 ede
940 1634 1053 1674 o'cius
1091 1633 1296 1675 excedere
1328 1632 1457 1684 iubet,
1488 1634 1596 1673 inter
1627 1646 1753 1687 egen-

315 1691 425 1732 cium
474 1704 646 1745 gregem
697 1691 854 1732 ultimis
904 1705 1090 1742 escarum
1137 1691 1322 1756 reliquiis
1371 1666 1613 1756 potiturum.
1692 1689 1752 1731 At

315 1763 468 1801 senex,
511 1748 565 1789 ab
597 1748 742 1789 inolita
784 1749 860 1790 sibi
894 1749 1186 1790 model-acione
1229 1748 1484 1803 pacienciam
1525 1752 1752 1799 mutuatus,

316 1806 587 1848 nihilominus
629 1806 785 1848 ibidem
826 1807 1089 1862 acquiescere
1138 1806 1425 1861 paulatimque
1473 1806 1752 1861 petulanciam
1790 1843 1802 1854 ,

316 1864 492 1919 hospitis
545 1865 729 1918 experiri
778 1864 987 1906 studebat.
1068 1863 1319 1906 Procursum
1368 1878 1549 1919 namque
1602 1863 1754 1905 furoris

316 1923 508 1977 superior
552 1923 711 1977 impetu
764 1923 874 1964 racio
919 1921 1173 1964 refrenabat.
1259 1921 1365 1962 Tum
1412 1921 1555 1974 faber,
1608 1926 1754 1976 aperta

317 1981 504 2035 puellam
532 1981 786 2034 procacitate
820 1994 1062 2035 aggressuS‚
1104 1980 1147 2021 in
1178 1979 1266 2021 eius
1306 1979 1417 2021 forte
1460 1980 1596 2020 sinum
1628 1979 1754 2020 iacta-

316 2042 437 2079 uerat
478 2052 651 2093 corpus,
697 2038 844 2093 capitis
887 2051 1050 2079 comam
1096 2038 1297 2092 uirgineis
1340 2037 1531 2078 manibus
1578 2036 1755 2078 offerens

317 2095 635 2151 depectendam.
679 2095 839 2137 Exerto
861 2109 1024 2151 quoque
1055 2095 1252 2148 lumbari,
1281 2109 1453 2150 operam
1475 2095 1563 2136 eius
1585 2093 1754 2135 demen-

318 2153 381 2195 dis
397 2154 603 2208 pulicibus
626 2153 865 2208 expetebat,
888 2153 1160 2208 extorsitque,
1183 2157 1229 2194 ut
1245 2152 1578 2207 splendidissime
1595 2151 1753 2192 familie

318 2211 476 2252 femina
506 2211 713 2266 pollentes
735 2211 962 2252 amenitate
993 2210 1146 2264 digitos
1167 2210 1458 2252 sordidissimis
1479 2209 1754 2251 femoralibus

319 2269 502 2310 inserere
533 2283 615 2310 non
647 2268 924 2310 erubesceret.
985 2268 1148 2309 Deinde
1182 2268 1341 2309 credita
1370 2267 1600 2322 uoluptatis
1630 2267 1755 2308 licen-

318 2327 382 2368 cia
428 2326 614 2368 interiori
653 2326 782 2381 ipsius
821 2330 920 2381 toge
961 2326 1196 2381 prurientes
1237 2326 1391 2367 inferre
1430 2326 1592 2380 palmas
1629 2326 1755 2365 insta-

319 2384 509 2439 bilesque
551 2398 698 2425 manus
738 2385 896 2438 pectori
939 2384 1108 2439 propius
1150 2383 1378 2425 admouere
1418 2383 1624 2425 sustinuit.
1696 2381 1755 2423 At

319 2442 415 2494 illa,
470 2442 557 2483 noti
602 2441 816 2496 quondam
860 2442 969 2483 senis
1022 2441 1174 2482 intuitu
1214 2441 1435 2483 curiosiore
1497 2440 1755 2496 presenciam

320 2500 513 2555 capiens,
554 2503 754 2554 concepto
787 2499 971 2554 pudore,
1012 2499 1230 2540 libidinose
1261 2498 1606 2541 contrectacionis
1636 2502 1755 2552 petu-

319 2558 500 2599 lanciam
521 2557 693 2612 spreuit,
723 2557 727 2609 Ι
754 2571 985 2612 manusque
1008 2557 1191 2612 reppulit
1212 2555 1463 2611 impudicas3
1495 2555 1594 2610 quin
1623 2555 1753 2613 eci-am

319 2615 446 2656 armis
477 2628 581 2670 opus
611 2614 853 2656 habendum
885 2615 1077 2668 edocens,
1110 2614 1317 2656 lasciuiori
1349 2615 1443 2655 lusu
1474 2613 1756 2654 desistendum

1803 1524 1869 1552 LV}
