1884 3126
35 607 52 634 5

19 899 52 927 10

22 1188 54 1216 15

17 1479 53 1506 20

15 1769 52 1797 25

17 2058 54 2086 80

18 2347 55 2375 35

19 2639 56 2666 40

627 256 679 264 —
738 231 878 276 XIIII
938 255 992 264 --·
1448 232 1529 275 545

84 364 261 406 fortuna
292 363 490 405 uariaret.
553 361 742 410 Quorum
773 362 1008 418 prudencia
1047 377 1124 404 rex
1157 376 1206 404 ac
1237 362 1531 405 beniuolencia

84 422 333 473 delectatus,
366 421 546 477 probata
587 421 824 471 sentencia,
855 421 975 476 regni
1006 421 1271 464 maiestatem
1313 434 1405 464 cum
1437 436 1531 464 san-

83 480 212 535 guine
245 493 318 522 suo
354 478 609 535 participare
639 492 722 521 non
751 478 952 520 damnum
985 479 1178 534 honoris,
1223 479 1296 521 sed
1329 480 1531 522 claritatis

83 539 389 580 incrementum
411 536 592 592 putauit,
614 536 926 592 primatumque
948 550 1077 579 uoces
1100 537 1151 578 ad
1179 538 1341 592 regium
1374 552 1529 580 nomen

82 597 168 639 filio
202 595 480 637 deferendum
510 594 803 637 concionando
827 594 1043 650 perduxit.
1086 595 1181 643 Qua
1205 596 1257 637 de
1279 611 1325 638 re
1345 597 1532 638 uniuersi

85 655 293 697 exercitus
326 666 534 695 consensu
575 652 742 706 habito,
782 652 976 694 Burisius
1008 653 1238 706 duntaxat,
1279 655 1368 696 siue
1403 655 1533 697 tacita

83 713 205 767 regui
236 711 522 763 affectacione,
552 711 641 754 siue
673 711 736 752 rei
757 711 950 752 nouitate
971 715 1206 766 permotus,
1237 713 1396 754 nullam
1423 727 1532 769 pene

83 784 235 813 uocem
266 769 479 824 suffragiis
511 769 667 811 attulit.
729 768 813 817 Qui
846 782 942 810 cum
984 770 1040 810 ob
1070 769 1151 811 hoc
1182 784 1226 812 se
1257 771 1347 825 regi
1388 786 1531 827 suspe-

85 834 194 871 ctum
248 842 339 870 esse
385 828 581 880 sentiret,
627 826 961 869 taciturnitatem
1007 841 1125 869 suam
1170 842 1255 869 non
1302 829 1408 883 odii,
1456 829 1529 871 sed

83 886 239 929 amoris
270 885 454 927 indicem
485 884 740 937 affirmabat,
772 884 900 941 quod,
923 885 1062 928 Danie
1095 900 1274 940 regnum
1294 902 1317 928 a
1339 887 1530 943 pluribus

85 945 219 987 amice
259 944 557 1000 participatum
602 957 721 997 esse,
753 943 959 985 memorie
997 942 1221 999 <traditum
1254 958 1338 986 non
1370 943 1457 1000 sit),
1491 950 1531 987 et

85 1003 231 1045 crebra
264 1002 524 1057 antiquitatis
559 1001 849 1057 experimenta
881 1001 979 1056 sint,
1010 1003 1120 1044 inter
1141 1007 1305 1057 patrem
1336 1009 1377 1045 et
1400 1004 1532 1046 filium

86 1062 138 1103 de
174 1074 316 1102 rerum
359 1060 544 1101 dominio
586 1059 742 1101 bellum
786 1060 984 1101 creuisse.
1053 1059 1341 1104 Veruntamen
1384 1076 1450 1115 se,
1497 1063 1530 1103 si

83 1119 199 1173 regie
240 1118 472 1160 uoluntatis
512 1119 700 1173 prescius
743 1118 914 1170 fuisset,
956 1118 1173 1160 silencium
1208 1134 1293 1161 non
1325 1126 1530 1162 acturum.

84 1177 288 1219 Tacuisse
320 1190 445 1227 uero,
485 1174 600 1231 quod
630 1190 721 1217 rem
752 1190 892 1232 neque
922 1177 975 1218 ab
1007 1178 1099 1232 ipso
1133 1192 1271 1233 neque
1303 1179 1355 1219 ab
1388 1178 1530 1220 amicis

84 1236 375 1292 precognitam
408 1234 639 1277 habuisset.
681 1234 744 1276 Ea
776 1235 937 1276 silencii
971 1237 1252 1279 excusacione
1283 1237 1389 1278 iram
1420 1237 1530 1292 regis

83 1295 127 1335 in
161 1292 543 1335 dissimulacionem
576 1292 797 1335 conuertit.
865 1291 998 1345 Idem,
1031 1300 1205 1349 peracta
1237 1295 1529 1350 expedicione,

86 1365 179 1394 cum
221 1352 370 1393 ceteris
393 1350 408 1405 Η
432 1350 570 1391 Danie
610 1350 858 1406 primatibus
902 1352 1014 1405 apud
1057 1352 1339 1407 Roskyldiam
1370 1353 1526 1395 Kanuti

84 1410 204 1452 miles
236 1409 401 1451 solenni
432 1422 549 1450 more
581 1408 672 1450 fieri
703 1409 868 1462 iussus,
899 1410 991 1451 aliis
1023 1410 1199 1465 imperio
1234 1411 1528 1466 obtemperan-

83 1468 208 1519 tibus,
239 1467 280 1508 id
313 1467 451 1509 facere
482 1466 705 1519 recusauit,
740 1481 876 1522 eaque
899 1482 945 1509 re
967 1482 1166 1523 magnam
1194 1470 1274 1511 sibi
1305 1470 1527 1525 concupite

83 1526 389 1567 dominacionis
421 1525 706 1580 suspicionem
727 1523 986 1580 con<s>ciuit.
1033 1525 1192 1568 Verum
1225 1528 1334 1569 hunc
1364 1529 1528 1583 imperii

86 1588 335 1639 conceptum
376 1583 548 1638 quesitis
593 1583 743 1624 callide
786 1584 1026 1626 racionibus
1066 1589 1289 1640 protegere
1333 1586 1528 1641 perstitit,

85 1643 291 1698 prefatus,
324 1656 383 1694 se,
419 1645 613 1682 exstante
646 1654 709 1693 eo,
742 1641 806 1682 cui
825 1642 1003 1697 primam
1025 1643 1176 1685 milicie
1198 1644 1325 1685 fidem
1351 1643 1528 1697 dederit,

85 1701 192 1742 alius
226 1700 401 1741 militem
424 1713 509 1740 non
541 1699 740 1753 futurum,
774 1714 851 1742 nec
873 1700 1026 1742 adduci
1055 1714 1196 1755 posse,
1227 1707 1274 1743 ut
1305 1703 1529 1757 pristinum

85 1758 333 1813 obsequium
365 1758 523 1799 recenti
555 1761 782 1812 permutet,
813 1771 987 1813 remque
1019 1764 1103 1800 tam
1136 1761 1272 1814 patrie
1306 1765 1527 1802 consuetu-

87 1816 186 1870 dini,
219 1829 345 1871 quam
367 1816 581 1857 honestati
601 1815 813 1857 inimicam
835 1817 1081 1870 committat,
1105 1818 1261 1874 quippe
1289 1832 1383 1859 cum
1404 1832 1527 1860 nemo

85 1875 305 1916 Danorum
338 1873 514 1915 diuiduo
545 1872 774 1915 famulatus
809 1874 945 1916 officio
978 1877 1113 1917 teneri
1145 1877 1302 1929 soleat,
1345 1877 1528 1931 solisque

87 1932 326 1974 Saxonibus
358 1932 470 1973 hunc
501 1931 775 1974 seruiciorum
798 1947 958 1974 morem
981 1933 1288 1989 stipendiorum
1319 1934 1526 1990 cupiditas

85 1990 225 2033 faciat.
286 1989 395 2031 Nam
429 1989 462 2031 si
484 1990 591 2031 inter
613 1989 719 2031 duos
741 1991 863 2032 unius
887 1988 1146 2047 ob'sequium
1169 1993 1526 2034 communicantes

85 2048 243 2090 bellum
274 2047 489 2101 incideret,
521 2048 743 2089 amborum
764 2049 886 2090 miles
908 2050 1159 2091 alterutrum
1191 2050 1378 2092 iuuando
1401 2050 1527 2092 fidem

84 2107 251 2161 utrique
290 2119 461 2148 seruare
503 2119 587 2146 non
631 2110 791 2161 posset.
861 2105 952 2148 Nec
992 2108 1082 2162 regi
1126 2108 1179 2148 ad
1222 2109 1327 2150 iram
1358 2108 1526 2151 mitibus

87 2163 298 2220 responsis
329 2163 581 2218 placidoque
612 2163 733 2205 uultu
754 2164 981 2219 tegendam
1004 2179 1113 2221 equa
1135 2167 1348 2208 simulacio
1378 2166 1525 2208 defuit.

1583 1363 1676 1398 (313)

1582 2010 1613 2036 p.
1631 2003 1682 2028 soc

87 2221 227 2271 Quem
267 2236 361 2263 cum
405 2220 680 2263 Hallandiam
723 2221 907 2277 petendo
940 2222 1170 2265 comitem*
1202 2224 1400 2275 haberet,
1433 2230 1524 2266 tan·
1545 2233 1718 2263 CLXHH·

86 2294 212 2336 quam
255 2279 427 2321 insidias
469 2279 547 2322 sibi
587 2283 825 2321 nectentem
868 2280 1020 2322 tacitus
1060 2283 1237 2324 notauit.
1300 2282 1436 2331 Quam
1482 2286 1528 2323 ut

86 2337 295 2392 effugeret
327 2335 677 2393 (suspicionem),
718 2337 928 2392 imperata
960 2353 1006 2380 se
1036 2339 1246 2381 facturum
1278 2340 1526 2396 spondebat,

87 2396 122 2437 si
151 2396 393 2450 potenciam
425 2396 515 2438 eius
545 2409 621 2436 rex
654 2395 956 2438 beneficiorum
991 2397 1258 2439 incrementis
1296 2397 1528 2440 extendere

87 2453 317 2507 uoluisset,
372 2456 436 2506 et,
478 2454 587 2494 sicut
626 2453 716 2507 ipse
755 2468 957 2508 regnum,
1003 2454 1114 2511 quod
1155 2460 1330 2497 eatenus
1372 2455 1528 2497 eleccio

86 2511 289 2564 uariabat,
322 2510 625 2552 hereditarium
655 2509 822 2552 efficere
852 2513 1051 2566 gestiret,
1094 2514 1152 2554 ita
1185 2526 1351 2568 quoque
1383 2527 1528 2556 neces-

87 2569 293 2610 sariorum
333 2582 507 2610 suorum
550 2568 694 2609 liberis
735 2582 939 2624 suppares
982 2569 1208 2625 dignitates
1256 2575 1298 2612 et
1343 2571 1527 2614 minores

86 2627 305 2682 potencias
356 2631 563 2682 perpetua
613 2625 864 2669 hereditatis
914 2628 1007 2683 lege
1056 2628 1256 2670 fruendas
1306 2629 1526 2672 tribueret.

157 2699 236 2726 Saxo
256 2699 488 2726 Granunancus.
1346 2697 1391 2733 35
