1884 3126
362 230 442 270 612
841 224 940 254 '-
1004 222 1140 265 XIIII
1201 248 1253 254 —-—

362 369 522 410 quoquc
554 358 717 407 tempus
747 351 1103 404 Walagostcnses,
1130 349 1135 402 1
1162 350 1348 391 menium
1375 362 1543 390 suorum
1575 349 1790 402 angustias
1843 368 1871 392 ιν-

358 413 508 467 perosi,
540 410 819 451 contracciora
849 408 962 448 urbis
995 408 1134 462 spacia
1164 421 1398 462 propagare
1430 411 1644 460 ceperunt.
1700 406 1790 447 Nec

361 471 615 510 incrementa
660 467 858 507 adiecisse
905 465 1111 516 contenti,
1155 479 1268 505 noua
1314 463 1566 505 defensionis
1608 463 1790 518 presidia

364 524 670 578 excogitabant.
749 522 965 577 Siquidem
1016 521 1304 576 frequentibus
1349 521 1456 575 palis
1501 521 1610 562 circa
1653 522 1790 562 menia

290 594 307 619 5
358 582 515 633 defixis,
549 595 628 634 quo
661 581 797 621 minus
829 579 960 620 hostis
992 580 1108 620 aditu
1138 580 1365 634 potiretur,
1397 579 1633 633 propinqua
1663 579 1791 619 muris

356 639 466 679 uada
497 637 760 689 claudebant,
793 637 1063 691 profundiora
1093 637 1241 677 fluenti
1271 637 1374 687 loca,
1405 636 1614 677 aduolutis
1645 636 1790 690 ingen-

356 696 464 736 tibus
495 696 619 745 saxis,
651 695 828 748 nauigiis
852 694 867 747 ΙΙ
890 695 1098 735 inaccessa
1126 694 1361 735 reddentes.
1423 693 1592 735 Ceteros
1623 707 1786 748 quoque
1841 702 1884 737 (δέ

355 756 514 793 meatus
547 752 894 805 nauigacionibus
924 757 1179 806 opportunos
1210 755 1282 792 aut
1313 751 1500 806 lapidum
1532 752 1789 805 coagmentis

355 814 427 850 aut
458 810 540 850 alio
574 809 971 863 impedimentorum
1001 822 1157 862 genere
1188 809 1496 862 prestruebant.
1542 808 1622 850 His
1652 808 1788 850 obsta-

288 879 322 905 10
353 867 456 907 culis
477 881 552 908 rex
576 870 719 920 optato
741 867 926 907 locorum
948 880 1117 908 accessu
1148 866 1394 921 prohibitus,
1428 866 1603 907 classem
1623 870 1789 920 postera

355 923 579 965 aduersum
602 923 772 965 Sclauos
804 924 1076 977 expedicione
1108 928 1344 978 promotam
1366 924 1641 965 Zuinensibus
1674 924 1789 965 ostiis

353 982 508 1033 inserit,
531 981 739 1036 Iulinique
769 995 924 1022 uacuas
956 981 1243 1023 defensoribus
1265 981 1363 1023 edes
1384 981 1575 1023 incendio
1606 981 1787 1033 adortus,

352 1039 587 1080 rehabitate
628 1039 740 1079 urbis
777 1039 1008 1080 nouitatem
1048 1039 1198 1080 iterata
1245 1040 1465 1093 penacium
1509 1043 1648 1092 strage
1690 1051 1788 1080 con-

353 1097 539 1151 sumpsit.
581 1095 670 1137 Nec
691 1096 826 1137 solum
848 1095 976 1137 Iulini
998 1097 1208 1148 uiciniam,
1239 1097 1310 1138 sed
1343 1101 1385 1138 et
1415 1097 1591 1138 confinia
1608 1095 1783 1149 Camini,

288 1166 320 1193 15
350 1154 441 1208 ipso
474 1155 685 1208 preterito,
718 1154 942 1208 populatus
973 1158 1047 1207 est,
1081 1159 1127 1195 ut
1156 1157 1159 1206 Ι
1187 1154 1303 1195 factu
1325 1155 1514 1207 celerius,
1543 1154 1603 1195 ita
1623 1167 1787 1209 quoque
1843 1165 1871 1189 Ρ·

351 1212 537 1253 hostibus
569 1212 838 1266 perniciosius
870 1216 997 1264 ratus,
1030 1216 1243 1266 patentem
1274 1213 1381 1253 ruris
1421 1212 1659 1253 ubertatem
1690 1211 1788 1252 diri-

351 1283 451 1323 pere
492 1283 617 1324 quam
657 1269 786 1310 dubia
827 1270 1180 1311 munimentorum
1211 1269 1394 1311 claustra
1435 1270 1617 1324 pulsare.
1677 1267 1789 1310 Nam

352 1326 598 1380 Iulinenses,
631 1341 724 1367 cum
754 1326 869 1367 urbis
901 1341 973 1368 sue
1002 1331 1189 1368 recentes
1219 1328 1360 1369 ruinas
1381 1326 1554 1368 ferende
1585 1326 1788 1368 obsidioni

352 1384 557 1425 inhabiles
580 1388 810 1437 cernerent,
842 1384 1014 1439 perinde
1037 1398 1085 1425 ac
1107 1384 1266 1425 uiribus
1283 1385 1430 1436 orbati,
1455 1384 1619 1426 deserta
1636 1383 1786 1438 patria,

281 1453 318 1480 20
348 1441 577 1496 presidium
608 1441 855 1483 Caminense
887 1443 1137 1497 petiuerant,
1170 1442 1308 1483 aliena
1329 1443 1516 1497 amplexi
1538 1442 1688 1494 menia,
1714 1441 1785 1496 qui

349 1500 518 1554 propria
548 1500 656 1540 tueri
687 1499 938 1541 diffiderent.
999 1499 1068 1541 Ab
1101 1500 1164 1541 his
1196 1500 1366 1540 demum
1395 1500 1545 1541 finibus
1576 1499 1785 1540 exercitus

349 1562 488 1599 noster
518 1557 571 1598 ad
599 1556 736 1598 urssbis
758 1556 872 1599 Ozne
903 1558 1038 1599 solum
1068 1557 1275 1612 dirigitur.
1320 1557 1449 1599 Cuius
1471 1557 1660 1598 menibus
1692 1556 1785 1598 abs·
1805 1559 1884 1587 0¹1³<

350 1616 507 1668 tinens,
551 1614 748 1656 uiciniam
788 1615 1003 1670 irrumpit,
1059 1620 1216 1657 certam
1259 1629 1455 1670 agrorum
1503 1614 1786 1656 uastacionem

350 1673 507 1714 incerte
548 1673 716 1713 urbium
762 1672 966 1714 obsidioni
999 1673 1324 1728 -preponderare
1370 1673 1626 1714 existimans.
1703 1671 1786 1713 Sed

281 1742 319 1770 25
350 1731 482 1771 eciam
512 1730 624 1771 idem
655 1730 869 1785 aliquanto
902 1731 1036 1772 sacius
1067 1730 1312 1785 faciliusque
1338 1730 1562 1785 reputabat
1591 1730 1787 1784 persequi

350 1787 556 1842 dispersos
600 1801 726 1842 quam
765 1802 916 1842 urgere
959 1790 1154 1830 munitos.
1225 1788 1303 1829 Cui
1343 1792 1440 1843 post
1470 1787 1639 1829 modum
1679 1801 1786 1828 com-

351 1845 565 1899 pendiarie
591 1846 881 1900 nauigacionis
906 1846 1084 1887 reditum
1116 1845 1463 1901 circunspicienti,
1494 1845 1536 1886 in
1568 1858 1785 1886 commune

350 1903 562 1957 prouisum
583 1908 658 1956 est,
687 1903 914 1958 propinqui
933 1903 1115 1944 fluminis
1136 1903 1352 1945 abstrusos
1374 1917 1560 1944 reserare
1588 1916 1785 1955 secessus,

351 1960 465 2001 cuius
487 1961 604 2014 ostia,
638 1975 732 2002 cum
753 1961 963 2015 quondam
985 1961 1285 2015 nauigantibus
1314 1961 1461 2016 peruia
1486 1960 1654 2012 fuerint,
1676 1973 1786 2000 nunc

283 2029 319 2057 30
348 2017 515 2059 harenis
546 2018 707 2071 obfusa,
739 2019 793 2059 ad
823 2019 1047 2075 pristinum
1077 2019 1269 2060 habitum
1299 2018 1409 2059 fossa
1449 2017 1584 2071 redigi
1614 2017 1784 2072 possint.

352 2074 489 2123 Quam
519 2077 774 2117 sentenciam
806 2076 1068 2118 considerata
1099 2076 1356 2118 difficultatis
1390 2075 1633 2129 magnitudo
1665 2088 1785 2130 quas-

351 2134 475 2185 sauit,
515 2147 615 2188 rege
657 2134 856 2175 eximiam
898 2133 1100 2176 obstaculi
1143 2134 1296 2175 molem
1326 2133 1536 2188 ligonibus
1574 2132 1786 2187 penetrari

352 2204 559 2231 morosum
590 2191 781 2242 ducente,
812 2195 1067 2246 uetan'teque
1097 2192 1318 2245 negocium
1348 2191 1514 2246 suscipi,
1548 2190 1660 2245 quod
1690 2190 1784 2245 plus

351 2246 537 2303 impense
568 2262 692 2303 quam
732 2248 925 2290 utilitatis
956 2249 1108 2290 afferre
1138 2249 1364 2291 uideretur.
1431 2247 1568 2302 Igitur
1606 2247 1784 2302 repetito

283 2318 320 2345 35
351 2304 478 2360 Ozno,
511 2307 812 2361 tormentisque
843 2310 1013 2361 propter
1033 2307 1194 2348 uallum
1216 2306 1377 2359 erectis,
1410 2305 1569 2347 obsidio
1600 2305 1784 2359 fingitur,

352 2363 468 2404 cuius
499 2364 636 2418 specie
668 2364 829 2406 dedicio
851 2364 1120 2407 obtineretur.
1169 2364 1307 2412 Quam
1337 2364 1651 2405 simulacionem
1672 2376 1785 2417 sper-

350 2421 544 2462 nentibus
575 2422 807 2476 oppidanis,
839 2421 1104 2476 expedicioni
1123 2421 1216 2462 finis
1237 2421 1477 2476 imponitur.
1520 2420 1662 2462 Aliam
1683 2433 1784 2474 rege

350 2482 446 2532 post
475 2493 550 2519 uer
580 2483 794 2534 posterum
824 2493 993 2530 exorso,
1038 2480 1210 2534 eiusque
1252 2479 1445 2534 opinione
1475 2478 1671 2519 finitimos
1702 2481 1783 2518 ter.-

350 2540 480 2589 rente,
508 2537 512 2586 Ι
541 2550 635 2577 cum
665 2551 708 2578 se
739 2537 879 2579 Sclaui
910 2550 986 2578 nec
1016 2536 1193 2592 propriis
1234 2536 1394 2577 uiribus
1433 2550 1510 2577 nec
1548 2534 1779 2590 peregrinis
1834 2550 1861 2575 p·

283 2606 318 2634 40
349 2594 516 2638 auxiliis
560 2594 783 2636 aduersum
831 2595 992 2636 Danica
1043 2608 1160 2636 arma
1209 2593 1423 2635 abundare
1474 2593 1776 2648 conspicerent,

624 2728 640 2763 Χ

642 2767 652 2783 Χ

652 2787 657 2795 ι
