1884 3126
186 855 217 882 10

185 1146 215 1172 15

180 1723 215 1750 25

180 2012 217 2039 30

178 2302 215 2329 35

180 2593 217 2622 40

248 196 332 237 220
812 220 857 225 -—
922 195 1012 238 VII
1071 222 1126 229 ..-

250 323 493 377 angustiora
525 322 674 364 semite
706 323 957 378 compendia
988 324 1254 378 gradientem
1285 322 1444 366 insidiis
1471 338 1693 379 consump-

251 386 382 422 turus.
463 380 590 428 Quod
640 380 863 434 preuidens
908 380 1080 432 Ericus‚
1124 383 1348 437 explorata
1392 381 1693 437 progrediendi

249 438 465 491 facultate,
498 452 666 479 secessu
697 438 903 480 utendum
934 441 1112 494 putauit,
1151 454 1203 481 ne
1234 441 1452 496 proposito
1493 439 1691 481 ine-edens

254 497 433 549 tramite,
467 495 649 538 hostium
685 495 791 538 dolis
822 497 932 538 inter
962 502 1188 553 preruptos
1221 498 1433 539 moncium
1471 502 1693 551 urgeretur

251 554 484 596 anfractus.
556 553 693 608 Igitur
724 554 839 610 apud
879 555 1111 597 conuallem
1145 555 1286 596 arduis
1327 555 1538 597 moncium
1582 554 1693 610 iugis

255 612 459 667 utrimque
492 616 735 666 conseptam
767 613 922 654 mutuis
955 613 1115 654 uiribus
1156 627 1300 668 pugna
1332 613 1581 655 conseritur.
1641 612 1692 653 In

250 684 333 724 qua
366 669 605 722 Haldanus,
646 670 887 712 inclinatam
920 684 1092 712 suorum
1125 672 1255 712 aciem
1300 671 1578 725 conspicatus,
1611 669 1694 712 fre-

250 734 447 782 quentem
491 728 604 769 saxis
646 742 794 782 rupem
837 742 931 769 cum
977 728 1174 770 Therone
1205 729 1471 780 conscendit,
1512 728 1692 782 indeque

250 792 390 827 erutas
414 786 545 827 moles
571 786 610 826 in
631 786 867 828 subiectum
891 786 1054 827 hostem
1079 787 1281 838 deuoluit,
1305 796 1480 841 quarum
1504 786 1693 841 pondere

251 848 292 885 et
332 844 452 885 ruina
499 843 630 884 aciem
671 845 712 885 in
759 844 934 885 occiduo
982 845 1255 886 constitutam
1299 845 1520 900 oppressit.
1599 843 1692 892 Quo

251 903 408 953 euenit,
441 907 487 942 ut
518 901 752 955 uictoriam,
784 916 909 958 quam
942 903 1068 943 armis
1100 903 1314 955 amiserat,
1348 903 1540 944 cautibus
1573 915 1691 943 recu-

249 965 431 1014 peraret.
495 958 561 1000 Ob
594 960 713 1001 cuius
757 959 857 1001 facti
902 960 1102 1001 uirtutem
1140 960 1420 1014 Biargrammi
1464 973 1694 1015 cognomen

250 1018 422 1072 accepit,
456 1016 567 1071 quod
601 1018 857 1059 uocabulum
896 1032 948 1058 ex
981 1018 1192 1059 moncium
1226 1018 1444 1060 efferitatis
1475 1031 1693 1072 nuncupa-

249 1076 368 1116 cione
415 1080 685 1129 compactum
725 1076 905 1118 uidetur.
982 1075 1117 1129 Igitur
1163 1076 1274 1130 apud
1318 1076 1507 1118 Sueones
1549 1079 1693 1116 tantus

248 1133 393 1175 haberi
426 1133 557 1187 cepit,
600 1138 647 1174 ut
687 1134 829 1188 magni
861 1133 975 1174 Ther
1007 1134 1117 1174 filius
1161 1133 1450 1187 existimatus,
1484 1133 1637 1174 diuinis
1668 1147 1693 1174 a

248 1192 404 1246 populo
439 1190 670 1232 honoribus
715 1192 966 1243 donaretur,
1011 1207 1058 1233 ac
1090 1191 1259 1247 publico
1304 1191 1454 1246 dignus
1495 1191 1693 1232 libamine

249 1254 508 1290 conseret-ur.

387 1306 467 1348 Sed
489 1307 688 1362 quoniam
709 1317 809 1362 ‘egre
827 1306 1087 1349 deuictorum
1102 1307 1271 1362 ingenia
1289 1307 1503 1363 quiescere
1520 1306 1689 1347 solitum

249 1370 324 1416 est,
349 1371 390 1406 et
415 1366 453 1405 in
476 1366 655 1406 uetitum
682 1379 849 1419 semper
871 1365 1142 1406 subactorum
1168 1366 1408 1406 obluctatur
1431 1364 1691 1419 improbitas,

178 1435 195 1461 2
247 1423 415 1472 accidit,
459 1429 506 1464 ut
548 1422 719 1474 Ericus,
769 1423 867 1463 dum
909 1422 1010 1477 fuge
1057 1423 1218 1464 damnis
1266 1423 1488 1464 consulere
1537 1422 1689 1468 studet,

248 1481 458 1522 subiectas
494 1480 688 1522 Haldano
723 1481 963 1535 prouincias
996 1484 1237 1522 attentaret.
1299 1480 1383 1521 Sed
1424 1494 1477 1521 ne
1509 1480 1690 1521 Daniam

248 1538 417 1593 quidem
449 1539 501 1580 ab
537 1539 615 1580 hoc
647 1539 804 1580 seuicie
836 1553 992 1593 genere
1021 1539 1246 1580 immunem
1279 1538 1457 1593 reliquit,
1489 1551 1691 1594 perquam

249 1597 422 1651 dignum
455 1597 701 1638 existimans
742 1597 831 1638 eius
864 1597 1070 1638 lacessere
1107 1597 1309 1652 patriam,
1353 1610 1427 1651 per
1461 1610 1586 1651 quem
1616 1608 1693 1637 sua

249 1654 424 1696 abactus
456 1654 604 1696 fuerat.
671 1655 735 1695 Ita
772 1655 871 1695 dum
902 1654 1093 1696 iniuriam
1126 1654 1283 1696 inferre
1318 1668 1441 1710 quam
1484 1653 1691 1709 repellere

252 1713 411 1764 maluit,
453 1713 640 1754 Suetiam
683 1713 809 1753 armis
850 1712 1076 1754 hostilibus
1119 1712 1330 1753 liberauit.
1400 1712 1566 1767 Quippe
1599 1725 1692 1752 cum

251 1770 476 1811 Haldanus
503 1769 739 1811 Haraldum
766 1770 935 1811 fratrem
967 1770 1019 1810 ab
1054 1785 1101 1812 eo
1135 1770 1267 1811 tribus
1291 1769 1505 1811 deuictum
1537 1769 1692 1825 preliis,

249 1833 399 1882 quarto
433 1829 615 1869 occisum
650 1833 885 1883 cognosset,
918 1827 1136 1869 amittendi
1169 1827 1335 1882 imperii
1369 1831 1494 1880 metu,
1537 1827 1692 1868 relictis

251 1886 467 1928 Sueonum
502 1887 627 1940 agris,
658 1886 839 1941 patriam
872 1890 1065 1941 repetere
1098 1889 1267 1926 coactus
1301 1890 1377 1927 est.
1434 1885 1500 1927 Ita
1532 1884 1691 1937 Ericus,

250 1958 331 1998 quo
364 1944 528 1985 facilius
563 1944 706 1985 Suetie
740 1958 914 1998 regnum
951 1943 1151 1993 deseruit,
1191 1943 1271 1984 hoc
1303 1942 1479 1984 celerius
1520 1942 1690 1997 recepit.

249 2002 385 2050 Quem
419 2004 453 2043 si
483 2002 654 2043 fortuna
686 2016 792 2057 eque
824 2002 867 2042 in
898 2000 1116 2042 retinendo
1152 2015 1284 2055 regno
1317 2014 1366 2042 ac
1398 1999 1690 2054 recuperando

249 2061 455 2101 instruere
495 2060 719 2111 uoluisset,
755 2073 1021 2115 nequaquam
1054 2058 1253 2100 Haldano
1294 2057 1586 2114 prendendum
1620 2057 1690 2098 de-

249 2117 391 2160 disset.
471 2118 601 2160 Cuius
647 2118 859 2173 capcionis
904 2116 1054 2158 modus
1101 2117 1166 2157 hic
1214 2123 1317 2157 erat.
1395 2116 1607 2158 Reuersus
1649 2116 1690 2156 in

250 2176 438 2217 Suetiam
486 2176 732 2227 Haldanus,
781 2176 993 2217 occultata
1038 2189 1112 2229 per
1155 2174 1327 2215 insidias
1376 2174 1532 2224 classe,
1584 2173 1691 2215 binis

251 2234 421 2276 obuiam
453 2233 578 2275 Erico
611 2234 791 2288 nauigiis
822 2233 1113 2288 proficiscitur.
1175 2232 1208 2273 A
1247 2246 1330 2287 quo
1370 2231 1487 2273 denis
1520 2232 1688 2286 petitus-

247 2292 374 2333 uariis
408 2291 694 2346 nauigacionis
728 2291 952 2333 reflexibus
991 2290 1042 2331 ad
1077 2290 1289 2331 occultum
1323 2304 1496 2332 suorum
1537 2303 1687 2343 agmen

248 2349 464 2392 relabitur.
528 2350 662 2397 Quem
704 2350 872 2404 longius
903 2350 1152 2402 insequente
1185 2347 1322 2399 Erico,
1365 2347 1529 2388 Danica
1561 2351 1688 2402 ponto

249 2407 393 2449 classis
416 2408 605 2461 emergit.
653 2406 978 2448 Circumuentus
1010 2407 1157 2461 itaque
1190 2404 1337 2446 Ericus
1370 2405 1557 2446 oblatum
1579 2403 1590 2459 Η
1611 2403 1689 2445 sibi

249 2465 327 2505 sub
371 2464 584 2507 seruiendi
629 2465 876 2505 condicione
923 2465 1116 2519 spiritum
1161 2462 1422 2518 repudiauit,
1468 2463 1688 2516 lucemque

249 2522 433 2563 libertati
454 2523 641 2578 preferre
673 2537 755 2565 non
780 2536 941 2577 passus,
964 2522 1069 2562 mori
1092 2518 1216 2576 quam
1239 2521 1415 2575 obsequi
1437 2519 1688 2575 preoptauit,

251 2594 303 2623 ne
336 2581 425 2622 uite
460 2579 690 2636 cupiditate
713 2595 764 2635 ex
798 2580 930 2624 libero
963 2593 1111 2625 seruus
1138 2577 1323 2622 euadere
1356 2578 1573 2632 uideretur
1603 2581 1688 2632 aut,

1744 1314 1840 1349 p.325

1745 2409 1836 2442 (123)
1882 2384 1884 2398 Ε
