1884 3126
267 866 302 894 10

264 1153 299 1180 15

262 1441 300 1468 20

262 1730 298 1757 25

261 2017 300 2046 30

261 2306 298 2334 35

260 2597 296 2624 40

341 218 423 260 532
872 231 926 238 -
985 203 1126 247 XIIII
1183 227 1239 234 -

341 344 481 393 cione,
521 339 563 379 in
596 334 788 376 Scaniam
819 345 1039 381 reuersuS‚
1087 329 1237 372 eodem
1279 328 1508 385 precipicio
1540 329 1692 370 mentis
1724 329 1776 370 ad

339 393 664 452 recuperandam
695 391 807 444 regis
841 388 1071 430 amiciciam
1103 391 1339 443 procurrit,
1382 400 1464 441 quo
1497 386 1550 427 ad
1582 386 1778 429 deseren-

338 457 430 496 dam
465 452 683 506 prolapsus
714 448 865 488 fuerat.
927 446 1141 500 Siquidem
1171 445 1390 498 beneficia,
1425 459 1505 499 que
1538 445 1777 500 superiores

337 525 456 564 reges
488 508 614 549 sacris
655 505 802 546 edibus
847 503 1043 558 religiosa
1075 503 1324 544 liberalitate
1357 502 1619 556 detulerant,
1662 503 1778 557 regie

335 565 532 623 potestati
563 568 704 618 preter
735 562 798 603 fas
830 561 1037 616 pocienda
1066 561 1262 601 restituit.
1326 559 1452 608 Quod
1483 574 1631 615 parum
1664 561 1776 601 licite

335 629 499 678 gestum
546 626 719 676 postera
762 633 910 673 regum
957 619 1182 673 usurpauit
1228 619 1470 660 auctoritas.
1545 618 1676 669 Inde,
1722 633 1776 660 ne

335 679 537 723 scismatis
568 678 766 731 contagio
800 676 1103 732 implicaretur,
1128 675 1502 718 Hierosolimitane
1534 676 1777 730 peregrina-

334 738 463 779 cionis
495 737 574 777 iter
605 735 866 789 ingreditur,
900 734 1035 775 sacius
1068 739 1186 775 ratus
1219 748 1243 774 a
1274 734 1358 775 suis
1390 734 1618 790 penatibus
1652 747 1777 789 quam

333 809 357 835 a
387 795 582 836 Romane
615 793 803 834 amicicie
834 791 1047 832 liminibus
1080 792 1266 834 exulare.

469 851 632 892 Eodem
671 854 864 905 tempore
899 849 1184 891 Christiarnus
1216 850 1410 905 quidam,
1443 849 1581 890 adhuc
1609 849 1778 904 priuate

333 910 472 961 sortis,
505 913 731 963 antequam
760 907 981 961 Maguntie
1010 907 1206 962 pontifex
1239 912 1406 949 creatus
1438 915 1560 959 esset,
1593 907 1776 948 Daniam

331 967 562 1022 legacionis
595 967 718 1007 titulo
752 966 915 1021 petiuit,
950 966 1020 1019 qui
1062 979 1155 1006 eam
1189 965 1562 1007 exhortacionibus
1605 965 1691 1006 suis
1724 965 1777 1005 ad

332 1024 578 1066 societatem
605 1024 840 1065 Octauiane
871 1023 1069 1064 faccionis
1100 1023 1349 1078 impelleret.
1413 1023 1615 1065 Ceterum
1645 1022 1776 1063 multe

331 1082 591 1124 adulacionis
623 1082 841 1123 conatibus
872 1081 1013 1136 aliqua
1045 1095 1098 1122 ex
1140 1085 1260 1136 parte
1303 1081 1414 1135 regis
1454 1081 1775 1123 conniuenciam

331 1145 562 1193 assecutus,
588 1141 807 1181 obseratas
830 1139 978 1180 Eskilli
995 1136 999 1194 Ι
1018 1152 1139 1180 aures
1162 1139 1324 1181 habuit.
1357 1138 1554 1181 Interea*
1576 1138 1776 1180 Nicolaus

332 1198 528 1252 quidam,
560 1197 666 1238 Razi
707 1197 842 1250 filius,
879 1201 1072 1237 recenter
1103 1197 1428 1239 Slesuicensium
1470 1201 1642 1252 satrapa
1679 1210 1776 1238 con-

333 1256 515 1309 stitutus,
550 1269 645 1296 cum
678 1268 822 1295 eorum
845 1255 1038 1296 antistite
1066 1254 1256 1296 Esberno
1286 1255 1516 1296 inimiciciis
1548 1255 1776 1296 uehemen-

333 1314 420 1354 cius
452 1314 606 1368 gestis,
650 1326 725 1368 per
756 1327 963 1353 summum
1010 1313 1259 1354 temeritatis
1295 1326 1521 1354 excursum
1555 1311 1777 1355 celeberri-

331 1386 444 1412 mum
477 1372 566 1413 eius
589 1370 768 1412 fundum
804 1371 1115 1425 speciosissimo
1138 1371 1397 1425 spoliauerat
1420 1370 1600 1413 edificio.
1651 1369 1775 1418 Quod

331 1443 423 1469 cuni
448 1429 462 1483 Η
486 1429 686 1483 plaustris
708 1428 1007 1469 deuehendum
1028 1428 1286 1483 mandasset,
1310 1444 1332 1469 a
1356 1429 1559 1470 militibus
1583 1427 1774 1479 Esberni,

332 1486 679 1541 deportacionem
724 1486 986 1541 inhibituris,
1038 1486 1253 1528 occiditur.
1330 1485 1458 1528 Cuius
1503 1486 1600 1527 facti
1646 1499 1776 1541 penas

330 1543 547 1585 Esbernus
579 1544 680 1586 dare
710 1550 927 1595 metuens,
971 1544 1147 1600 perinde
1190 1558 1239 1585 ac
1271 1545 1429 1586 curiam
1461 1544 1683 1599 petiturus,
1715 1544 1776 1584 ul-

332 1603 496 1643 cionem
529 1603 654 1644 exilio
681 1602 845 1643 uitauit.
908 1602 992 1643 Sed
1015 1602 1115 1643 dum
1138 1601 1251 1657 apud
1274 1602 1500 1644 Saxoniam
1525 1605 1774 1655 moraretur,

330 1660 476 1701 morbo
511 1661 768 1715 periclitatus
794 1665 869 1702 est.
933 1660 1058 1708 Quod
1097 1660 1275 1713 ,audiens
1309 1660 1419 1702 0000
1451 1659 1617 1713 sedem,
1650 1673 1776 1715 quam

329 1719 426 1759 olim
465 1718 573 1760 falso
615 1718 814 1759 antistitis
857 1717 980 1759 titulo
1024 1721 1333 1773 occupauerat,
1378 1717 1605 1760 Octauiani
1650 1719 1775 1758 nixus

330 1776 580 1818 auctoritate
611 1780 844 1830 recuperat.

468 1834 572 1875 Post
604 1835 694 1886 hec,
726 1833 933 1887 Rugianis
966 1847 1019 1874 ex
1050 1838 1174 1889 pacto
1207 1834 1452 1875 comitatum
1483 1833 1774 1889 prebentibus,

331 1892 547 1932 castellum
573 1891 876 1945 Walogastum
910 1891 1126 1932 obsidetur
1158 1906 1182 1932 a
1213 1905 1327 1946 rege.
1377 1892 1501 1940 Quod
1535 1905 1775 1947 quanquam

330 1949 370 1989 in
404 1950 573 1991 Sclauia
605 1950 732 1990 situm
763 1949 888 2003 foret,
921 1964 945 1990 a
977 1950 1189 1991 communi
1222 1955 1364 1991 tamen
1396 1951 1486 1991 eius
1519 1950 1683 1991 dicione
1712 1963 1775 1990 se-

330 2011 504 2061 cretum,
537 2007 716 2062 propriis
750 2006 928 2049 ducibus
959 2008 1202 2062 regebatur.
1262 2007 1332 2049 Ab
1365 2008 1489 2049 huius
1520 2007 1668 2049 incolis
1690 2007 1773 2048 Po-

330 2065 515 2106 meranie
556 2071 725 2119 satrapa
769 2065 1029 2120 Bugislauus
1072 2066 1112 2106 in
1155 2065 1358 2106 auxilium
1391 2069 1619 2120 euocatus,
1661 2065 1774 2120 pacis

329 2124 463 2177 magis
495 2137 620 2178 quam
654 2122 752 2164 belli
785 2123 958 2164 consilia
990 2123 1289 2178 circunspexit.
1352 2123 1490 2171 Quam
1533 2124 1663 2164 eciam
1696 2137 1770 2178 pro

330 2180 389 2221 eis
421 2180 533 2235 apud
564 2194 706 2235 regem
738 2181 817 2222 hoc
848 2181 972 2223 modo
1015 2182 1274 2236 composuit,
1315 2186 1361 2223 ut
1403 2195 1487 2223 non
1528 2182 1664 2223 solum
1695 2182 1773 2237 ipsi

329 2238 416 2292 regi
447 2243 658 2293 parerent,
691 2239 763 2280 sed
798 2239 928 2279 eciam
961 2254 1015 2281 ex
1038 2239 1182 2294 piratis
1214 2237 1467 2293 (neminem)
1498 2239 1562 2280 sui
1588 2239 1772 2280 fluminis

330 2296 446 2338 ostiis
479 2296 686 2338 excedere
727 2296 1007 2351 sustinerent,
1054 2310 1233 2352 eamque
1273 2297 1516 2352 paccionem
1556 2296 1772 2338 obsidibus

329 2354 554 2397 firmarent.
619 2353 707 2395 lllic
729 2354 838 2395 forte
859 2354 1066 2408 Rugianis
1089 2354 1141 2396 ad
1165 2355 1411 2396 concionem
1437 2356 1613 2406 uocatis,
1643 2356 1770 2405 lcum

329 2412 548 2454 Ber-nardo
582 2411 787 2466 quodam,
820 2413 997 2454 Henrici
1027 2413 1136 2464 filio,
1168 2413 1258 2467 qui,
1303 2412 1414 2468 quod
1457 2417 1627 2466 neptem
1660 2412 1769 2467 regis

327 2470 368 2510 in
400 2470 666 2512 matrimonio
690 2469 888 2524 habebat,
913 2470 1080 2512 duobus
1104 2485 1199 2511 eum
1225 2471 1404 2525 nauigiis
1427 2476 1597 2512 secutus
1618 2471 1769 2520 fuerat,

327 2527 510 2581 iurgium
539 2527 696 2568 incidit.
759 2527 1014 2581 Interrogati
1050 2529 1159 2571 enim
1192 2528 1246 2569 ab
1280 2542 1351 2579 eo,
1394 2542 1467 2569 cur
1506 2528 1772 2569 illustrissimi

328 2584 514 2629 saxonie
557 2585 674 2627 ducis
719 2586 903 2640 graciam
951 2587 1147 2642 amplecti
1192 2600 1509 2642 superuacuum
1557 2586 1770 2639 ducerent,

1829 1432 1884 1467 (30
