1884 3126
40 939 74 966 10

42 1231 73 1258 15

36 1522 73 1548 20

41 2105 77 2133 30

42 2395 80 2423 35

43 2687 81 2716 40

616 293 669 299 -
729 268 871 310 XIIII
931 297 985 303 -
1471 275 1554 317 507

106 402 263 454 habita,
295 401 501 457 postridie
531 399 746 458 predictos
780 401 894 443 uiros
926 399 1034 444 forte
1055 401 1185 444 littori
1214 402 1454 444 insistentes
1486 415 1556 444 ac-

109 461 244 515 cessit,
278 460 585 516 comitibusque
617 461 789 516 propius
811 459 1014 502 accedere
1037 461 1191 512 uetitis,
1224 461 1556 503 concitacionem

105 521 233 562 animi
256 520 335 570 sui,
357 519 506 575 inquit5
529 519 696 560 tametsi
719 518 1066 560 dissimulacione
1087 520 1148 560 uti
1169 519 1312 569 uellet,
1343 519 1555 561 iracundis

107 579 190 620 oris
223 578 332 619 notis
366 577 580 633 proditam
625 591 716 618 esse
749 575 980 631 [dicebat],
1022 591 1173 632 parum
1205 577 1374 633 quidem
1407 578 1554 619 ammi-

104 638 274 679 racione
308 636 500 691 dignum,
545 649 638 677 cum
681 634 959 677 consultantis
1002 649 1153 677 uocem
1196 636 1368 678 monitis
1407 636 1555 692 pocius

107 709 233 751 quam
275 694 537 737 contumeliis
579 693 718 749 excipi
760 693 923 735 deceat.
997 693 1191 742 Quedam
1235 700 1380 736 tamen
1412 695 1464 736 ab
1498 694 1555 736 eis

106 753 345 809 sapiencius
386 767 512 809 quam
556 751 851 807 tempestiuius
884 751 1019 804 dicta,
1053 766 1135 807 que
1167 753 1202 794 si
1234 758 1334 795 ante
1368 753 1556 794 triduum

104 813 272 867 prolata
294 811 485 863 fuissent,
507 810 690 866 ingentis
712 810 811 851 mali
833 810 1052 851 materiam
1074 825 1323 866 precurrere
1345 816 1556 866 poterant.

105 871 233 912 Seras
265 869 439 924 quidem
467 869 687 911 monitoris
719 873 861 923 partes
892 882 996 919 esse,
1028 883 1109 925 que
1141 883 1254 921 rem,
1286 869 1386 911 dum
1417 870 1459 911 in
1492 883 1556 911 ar-

104 929 228 971 bitrio
262 932 338 980 est,
370 927 662 982 negligencius
706 927 879 978 obeunt,
912 932 1110 969 exactam
1149 927 1429 970 sollicitudine
1460 942 1557 984 pro-

105 991 355 1043 sequuntur.
416 985 752 1028 Inemendabilia
776 989 917 1026 autem
939 986 1150 1041 corrigere
1183 986 1295 1028 uelle
1316 987 1555 1042 proximum

106 1045 296 1088 ameno-ie
330 1058 517 1086 errorem
550 1058 656 1087 esse.
703 1044 882 1085 Frustra
903 1044 1030 1099 igitur
1063 1059 1107 1086 se
1141 1045 1343 1087 conuiciis
1375 1049 1556 1086 attenta-

104 1109 194 1145 tum
241 1103 393 1153 fuisse,
441 1117 534 1144 eum
588 1107 629 1144 et
678 1102 981 1144 irreuocabiles
1023 1104 1326 1159 preteritorum
1377 1107 1557 1145 euentus

105 1163 304 1211 existant,
338 1165 379 1203 et
399 1162 636 1216 plerunque
660 1161 788 1202 animi
802 1161 1044 1203 commocio
1079 1175 1228 1229 parum
1261 1176 1354 1203 cum
1385 1163 1555 1204 racione

104 1220 360 1263 consenciat.
412 1219 568 1261 Orture
599 1233 704 1261 uere
737 1220 1003 1272 tempestatis
1035 1221 1236 1262 seuieiam
1257 1220 1418 1278 absque
1449 1220 1556 1262 cele-

105 1281 233 1321 stium
265 1278 432 1321 monitis
464 1278 652 1319 humano
686 1278 881 1332 presagio
906 1278 1269 1334 comprehendere
1301 1279 1555 1334 nequiuisse‚

104 1351 256 1393 neque,
289 1335 390 1392 quin
422 1350 472 1377 ea
504 1336 755 1378 delictorum
786 1349 918 1392 penas
950 1337 1102 1388 lueret,
1144 1336 1354 1379 dubitare.
1415 1337 1554 1388 Quam

105 1396 159 1437 ob
191 1409 279 1437 rem
312 1399 386 1436 aut
416 1399 566 1436 nature
595 1394 884 1450 ignoranciam
915 1399 990 1436 aut
1021 1395 1247 1451 impreuise
1291 1396 1555 1438 necessitatis

104 1453 357 1495 uioleneiam
388 1453 497 1495 uicio
521 1453 600 1494 sibi
623 1453 731 1495 uerti
763 1467 847 1495 non
869 1458 1079 1509 oportere.
1112 1453 1292 1496 Omissis
1313 1454 1442 1509 igitur
1463 1468 1556 1510 pre-

103 1513 323 1554 teritorum
356 1511 561 1567 querelis,
603 1510 654 1552 ad
698 1512 953 1566 tempestiua
984 1513 1111 1554 rebus
1153 1513 1327 1555 consilia
1367 1512 1555 1554 animum

106 1584 370 1626 operamque
409 1569 620 1611 deuocare
660 1583 738 1624 par
782 1583 889 1613 esse.
951 1570 1079 1612 Malle
1122 1571 1233 1612 enim
1275 1586 1321 1613 se
1364 1571 1556 1626 spiritum

106 1629 300 1684 specioso
345 1628 468 1669 exitu*
505 1635 634 1682 quam
677 1628 1000 1683 expedicionem
1034 1628 1214 1671 deformi
1246 1628 1388 1671 reditu
1420 1629 1555 1672 finire.

105 1687 225 1729 Tunc
254 1687 426 1740 Petrus,
444 1686 675 1728 Absalonis
707 1687 965 1728 sentenciam
988 1687 1207 1743 aliquanto
1239 1687 1391 1729 leniori
1423 1688 1556 1729 moni-

107 1750 248 1787 torum
286 1758 442 1799 genere
483 1748 762 1800 prosecutus,
803 1744 951 1799 docet,
999 1746 1211 1787 neminem
1257 1759 1405 1801 regum
1451 1745 1557 1787 fidas

37 1814 53 1840 ‘-
107 1804 338 1845 amicorum
371 1817 498 1844 uoces
531 1803 703 1845 infensis
737 1803 910 1844 auribus
943 1804 1143 1858 excipere
1176 1804 1427 1859 conuenire,
1461 1819 1558 1845 eum

108 1876 208 1917 sepe
240 1861 340 1902 clari
380 1861 651 1916 illustresque
698 1861 778 1902 uiri
820 1863 951 1916 spreti
983 1862 1181 1903 salutaris
1225 1862 1386 1905 consilii
1428 1876 1557 1917 penas

106 1919 344 1976 perniciosa
375 1923 512 1961 morte
543 1919 837 1974 pependerint.
886 1919 1087 1962 Ceterum
1118 1935 1234 1973 aura,
1267 1920 1368 1962 dum
1399 1920 1558 1973 faueat,

109 1977 311 2020 utendum
345 1991 461 2029 esse,
504 1977 617 2033 qued
657 1978 746 2020 eius
779 1991 935 2033 anceps
976 1979 1222 2034 incertaque
1253 1979 1441 2021 uarietas
1473 1980 1560 2020 exi-

108 2040 218 2078 stere
264 2035 410 2078 soleat.
473 2035 776 2078 Sustinendum
803 2036 960 2103 itaque,
1002 2036 1135 2080 donec
1177 2038 1443 2094 tempestatis
1487 2037 1563 2078 im-

108 2094 310 2137 mensitas
349 2093 402 2135 ad
445 2093 712 2136 tolerabilem
752 2094 939 2149 remigiis
970 2096 1162 2137 habitum
1203 2095 1413 2138 concidat.
1474 2094 1562 2136 Ad-

109 2153 191 2194 huc
220 2150 225 2204 1
253 2152 362 2193 enim
394 2151 523 2194 tridui
549 2157 813 2194 commeatus
836 2167 1072 2209 superesse,
1105 2153 1349 2210 exiguoque
1381 2154 1562 2195 traiectu

109 2211 253 2252 hostes
296 2209 443 2252 accedi
482 2216 624 2265 posse.
687 2210 814 2259 Quod
859 2212 893 2253 si
925 2212 1114 2267 presenti
1146 2213 1447 2254 alimentorum
1481 2225 1563 2267 ope

111 2269 421 2318 deficerentur‚
465 2268 548 2310 alia
588 2268 713 2310 armis
757 2283 848 2311 esse
889 2270 1119 2325 poscenda.
1191 2270 1402 2325 Oportere
1447 2283 1561 2322 ergo,

110 2342 209 2369 mex
250 2331 298 2368 ut
339 2326 473 2368 undas
516 2326 692 2381 remigio
739 2326 904 2370 habiles
953 2328 1162 2382 uiderint,
1211 2342 1399 2384 sparsam
1445 2328 1563 2369 ocius

110 2385 219 2426 uniri
271 2385 471 2436 classem,
524 2384 868 2440 incessuramque
918 2386 1064 2428 sociali
1114 2387 1293 2441 remigio
1346 2385 1558 2442 progredi.

112 2442 281 2498 Quippe
321 2442 647 2496 nauigacionem
692 2456 860 2484 omnem
902 2443 983 2485 hoe
1013 2444 1287 2496 alacriorem,
1320 2459 1404 2499 que
1437 2458 1562 2499 equa-

113 2500 306 2542 biliorem
341 2499 538 2542 existere.
600 2500 721 2554 Rex,
764 2501 969 2544 monitore
999 2501 1196 2554 laudato,
1228 2502 1435 2544 Absaloni
1467 2516 1561 2557 spe-

114 2558 296 2600 culande
336 2557 601 2613 tempestatis
643 2557 826 2599 officium
868 2560 1066 2613 mandat,
1109 2560 1211 2613 sibi,
1245 2573 1339 2601 cum
1381 2559 1563 2615 primum

113 2630 206 2658 eam
247 2616 411 2670 remigii
450 2616 692 2670 pacientem
733 2616 997 2671 adum-teret,
1042 2617 1293 2659 indicaturo.
1369 2617 1562 2660 Absalon

112 2674 267 2730 cupide
298 2678 525 2730 precepto,
557 2674 672 2730 quod
715 2675 800 2716 suis
841 2676 1012 2719 monitis
1044 2675 1291 2729 extuderat,
1323 2675 1562 2729 obsecutus,

1617 2171 1644 2195 p.
1663 2161 1716 2188 7⁴5
