1884 3126
285 199 367 239 550
821 219 875 224 —
933 193 1070 237 XIIII
1130 218 1184 223 —

285 323 475 366 uirilibus
496 320 668 374 careret,
698 320 836 362 uirum
867 321 1043 364 induere
1066 320 1264 377 perpulit,
1298 320 1587 377 deiectamque
1609 322 1722 376 regis

285 382 500 424 fortunam
530 378 582 419 ad
613 378 835 433 pristinum
865 379 987 433 regni
1018 378 1234 434 fastigium
1265 379 1425 433 erigere
1458 379 1628 432 statuit,
1669 393 1722 422 ne

287 439 465 487 deesset,
495 436 613 477 cuius
634 436 887 478 auctoritate
908 441 949 478 et
971 436 1090 482 titulo
1114 437 1273 479 bellum
1294 436 1518 478 aduersum
1545 436 1723 479 Haraldi

286 495 473 539 sobolem
511 493 806 548 susciperetur.
878 493 1018 536 Huius
1057 494 1199 550 itaque
1239 494 1408 535 nomine
1449 500 1490 536 et
1529 495 1724 549 auspiciis

237 567 254 595 5
283 554 416 596 fretus
462 565 554 593 cum
597 551 730 592 tribus
774 551 954 593 Haraldi
998 552 1116 605 filiis,
1162 552 1328 607 Ingone
1371 556 1412 593 et
1455 552 1635 594 Siuardo
1683 558 1725 595 et

220 856 257 885 10

220 1146 257 1175 15

180 1427 258 1462 ‘20

221 1722 259 1750 25

226 2010 264 2039 30

226 2300 263 2328 35

231 2589 266 2629 40

288 611 459 660 Osteno,
490 613 713 664 paternum
747 623 925 663 regnum
958 609 1277 663 affectantibus,
1315 610 1454 651 nauali
1497 611 1726 652 certamine

287 666 515 710 dimicauit.
577 666 627 707 In
660 681 741 722 quo
771 668 925 722 partim
959 667 1076 721 cesis,
1108 668 1262 722 partim
1294 667 1555 722 fugientibus
1587 669 1724 720 sociis,

286 724 520 767 incredibili
552 728 594 765 et
624 725 900 779 prestanciori
931 725 1125 767 humanis
1147 725 1306 766 uiribus
1337 725 1584 767 fortitudine
1610 727 1726 768 solus

287 782 530 839 aliquandiu
562 782 777 837 nauigium
814 783 867 825 ab
898 783 1088 824 hostibus
1122 783 1370 825 uindicauit.
1428 784 1495 825 Ad
1518 784 1726 838 ultimum,

289 840 573 896 compluribus
606 854 750 881 eorum
782 841 1004 896 prostratis
1047 842 1245 896 omnique
1277 842 1551 897 superstitum
1587 842 1727 884 multi-

288 898 435 942 tudine
477 897 530 939 ad
572 912 616 939 se
656 911 788 939 unum
840 899 1161 954 opprimendum
1206 898 1392 954 undique
1440 904 1727 952 concurrente,

289 956 489 1011 singulari
520 955 648 997 nandi
678 956 836 1011 pericia
856 958 1003 1009 fretus,
1036 970 1278 1013 quanquam
1306 957 1528 999 hibernum
1559 962 1726 1013 tempus

287 1014 495 1067 instabat,
542 1013 666 1054 armis
711 1014 961 1056 militaribus
1007 1018 1142 1057 tectus
1187 1014 1399 1070 profundo
1445 1029 1490 1057 se
1537 1015 1725 1058 credidit.

287 1072 432 1128 Atque
456 1071 533 1113 sub
556 1070 689 1122 undis,
712 1086 815 1127 quas
841 1073 1027 1114 hostium
1050 1086 1196 1114 cruore
1219 1078 1523 1127 consperserat,
1549 1079 1726 1115 enatans

289 1130 462 1173 dubium
495 1129 653 1183 effecit,
685 1130 857 1172 maioris
888 1130 1063 1172 audacie
1095 1132 1308 1186 specimen
1339 1131 1380 1171 in
1411 1131 1542 1187 puppi
1572 1131 1726 1186 prebu-

289 1188 379 1236 erit,
411 1201 463 1228 an
493 1187 603 1229 inter
634 1187 767 1229 undas
799 1189 1000 1243 agilitatis
1034 1187 1224 1230 ediderit.
1285 1188 1500 1244 Siquidem
1539 1189 1727 1243 loricam,

289 1259 373 1302 qua
419 1245 571 1300 corpus
614 1245 842 1299 munierat,
886 1261 967 1301 quo
1011 1246 1183 1287 liberius
1229 1252 1400 1300 enaret,
1443 1260 1535 1288 cum
1567 1247 1728 1302 reliqua

290 1306 501 1346 armatura
532 1302 610 1344 sub
642 1303 766 1345 undis
797 1304 876 1345 sibi
908 1304 1103 1356 detraxit,
1135 1318 1184 1346 ac
1211 1303 1216 1357 1
1244 1303 1426 1358 demum,
1459 1318 1553 1346 cum
1586 1318 1726 1360 capes-

291 1361 409 1404 sendi
450 1360 646 1416 spiraculi
677 1362 820 1414 gracia
861 1362 1060 1404 fluctibus
1092 1362 1357 1415 emersisset,
1397 1376 1422 1403 a
1453 1362 1635 1418 quodam
1668 1362 1728 1403 fa-

288 1419 438 1460 miliari
469 1432 546 1460 suo
578 1433 652 1474 per
684 1418 876 1461 habitum
910 1419 1103 1462 hostibus
1135 1418 1366 1473 indicatus,
1398 1420 1603 1474 tunicam,
1647 1435 1730 1476 qua

290 1491 334 1519 se
379 1476 502 1532 prodi
546 1477 864 1532 suspicabatur,
909 1491 1076 1519 rursum
1121 1491 1273 1532 corpus
1315 1478 1431 1533 aquis
1478 1478 1728 1520 occultando

291 1534 498 1590 deposuit.
572 1533 678 1586 Sed,
722 1549 815 1577 cum
860 1550 913 1577 ne
952 1536 1010 1576 sic
1053 1535 1221 1590 quidem
1263 1536 1491 1591 proditoris
1532 1536 1729 1578 noticiam

290 1592 521 1645 fefellisset,
553 1591 604 1633 ad
638 1595 873 1634 extremum
915 1607 1112 1649 suprema
1153 1607 1198 1635 se
1229 1598 1348 1635 ueste
1390 1593 1578 1635 nudauit.
1639 1593 1729 1636 Nec

291 1650 430 1696 adhuc
464 1656 605 1692 tamen
636 1649 772 1692 indice
804 1650 1035 1705 ludificato,
1068 1664 1162 1692 cum
1195 1651 1309 1693 solus
1341 1665 1395 1692 ex
1426 1651 1549 1693 sociis
1582 1665 1728 1707 super-

290 1711 412 1759 esset,
445 1721 574 1763 seque
607 1708 686 1749 hec
719 1708 880 1763 omnia,
924 1723 1006 1764 que
1038 1713 1082 1750 et
1114 1708 1263 1750 callide
1286 1714 1339 1751 vet
1371 1710 1559 1750 animose
1591 1713 1729 1750 tenta-

291 1769 424 1819 uerat,
456 1765 612 1806 frustra
643 1771 865 1821 expertum
896 1766 1264 1811 animaduerteret.
1297 1766 1466 1808 tandem
1496 1766 1571 1808 fati
1605 1767 1730 1808 simu-

290 1822 456 1866 lacione
500 1823 711 1879 profundo
758 1824 939 1866 diucius*
966 1825 1216 1876 immorans,
1266 1823 1622 1878 insidia*toribus,
1673 1839 1726 1866 an

291 1881 470 1946 uiueret,
503 1881 676 1922 dubium
708 1882 888 1937 reliquit.
949 1882 1017 1924 Ad
1056 1882 1272 1936 ultimum,
1319 1897 1411 1925 cum
1452 1883 1636 1924 humane
1666 1897 1729 1924 re-

293 1938 536 1994 spiracionis
559 1939 867 1981 consuetudine
889 1954 1073 1995 superne
1096 1954 1235 1982 aerem
1258 1953 1477 1996 capessere
1502 1940 1730 1992 debuisset,

295 1995 511 2038 cuiusdam
542 1996 653 2039 forte
684 1998 844 2052 nauigii
873 1998 1210 2064 gubernaculum
1253 1997 1596 2054 pertinacissimis
1638 1998 1730 2039 bra-

295 2053 483 2096 chiorum
514 2055 779 2110 amplexibus
811 2054 1120 2111 apprehenlldit,
1153 2056 1274 2111 eique
1299 2055 1544 2121 aliquandiu
1574 2056 1728 2097 tacitus

294 2112 459 2154 inhesit.
527 2112 657 2153 Plura
699 2117 840 2154 tamen
869 2113 1111 2168 elapsionis
1159 2127 1317 2167 genera
1359 2114 1487 2155 animi
1530 2113 1727 2155 firmitate

295 2173 512 2222 tentasset,
543 2170 575 2211 si
607 2184 690 2212 non
719 2185 814 2212 eum
836 2171 997 2213 hiberni
1018 2171 1186 2226 frigoris
1210 2172 1367 2213 seuicia
1390 2171 1728 2236 obstupefactum

296 2229 482 2284 corporis
512 2229 642 2269 robu1
673 2222 939 2271 deseruisset.
1001 2229 1188 2270 Tandem
1213 2229 1428 2271 cuiusdam
1461 2229 1593 2270 altum
1626 2228 1731 2269 curi-

294 2287 406 2329 osius
436 2287 758 2352 contemplantis
790 2286 942 2328 indicio
975 2286 1264 2342 deprehensus
1294 2287 1573 2341 intercipitur,
1604 2286 1731 2327 inter-

296 2349 445 2399 ceptus
476 2344 658 2385 uincitur
680 2348 721 2385 et
741 2344 782 2385 in
805 2345 1045 2387 concionem
1067 2344 1209 2386 hostili
1229 2345 1442 2387 sentencia
1469 2343 1731 2385 damnandus

297 2401 566 2445 abstrahitur.
627 2400 712 2443 Vbi
743 2403 914 2444 nemine
935 2402 1202 2444 sacerdotum
1224 2402 1424 2455 adhibito,
1457 2402 1528 2456 qui
1560 2401 1733 2443 delicto-

297 2475 388 2502 rum
433 2460 522 2502 eius
563 2458 873 2502 confessionem
912 2461 1148 2515 exciperet,
1196 2474 1287 2502 eam
1327 2459 1561 2501 astantibus
1592 2459 1732 2509 modo,

300 2531 382 2573 quo
413 2517 551 2569 licuit,
591 2517 841 2572 explicauit,
873 2517 1089 2574 prefatuS,
1132 2533 1178 2560 se
1209 2517 1556 2559 emendacionem
1587 2518 1641 2559 ab
1673 2517 1732 2558 eis

297 2575 511 2618 decretam
531 2575 769 2633 penitencie
790 2576 958 2617 nomine
980 2575 1254 2634 prebiturum,
1276 2589 1436 2621 memor
1456 2589 1572 2630 sane,
1594 2589 1731 2622 sacer-

1781 1830 1830 1859 CL

1786 2061 1842 2092 <30
