1884 3126
297 601 312 627 0¹(

275 887 309 914 10

273 1174 307 1200 15

270 1461 306 1488 20

268 1749 304 1776 25

268 2038 304 2065 30

269 2326 305 2354 35

351 237 431 276 414
899 250 949 257 -—
1010 225 1125 268 XIII
1187 248 1237 255 ——

349 354 681 414 supersedebat)
712 355 896 396 humane
929 353 1018 408 opis
1048 351 1348 408 desperacione
1379 350 1432 392 ad
1464 351 1617 393 celeste
1654 351 1784 406 presi-

348 418 458 458 dium
474 414 763 466 confugerunt,
778 412 1082 465 absumpteque
1098 410 1188 464 spei
1211 423 1285 450 sue
1304 408 1498 463 reliquias
1515 408 1557 449 in
1575 409 1642 451 dei
1657 423 1785 464 quam

348 474 560 514 hominum
614 469 857 510 fortitudine
899 482 1105 523 reponere
1146 467 1398 507 maluerunt.
1470 466 1650 508 Postera
1681 481 1782 508 uero

347 531 426 581 die,
458 542 539 583 qua
570 528 860 568 Laurenciane
904 525 1046 579 uigilie
1077 538 1195 566 sacra
1234 523 1555 575 recolebantur,
1595 524 1784 565 diuinam

345 587 580 642 potenciam
621 584 735 624 nullo
782 583 930 624 melius
963 596 1087 637 quam
1120 581 1374 634 frugalitatis
1416 586 1514 623 uoto
1547 582 1782 637 propician-

345 645 439 685 dam
473 643 573 694 rati,
606 642 807 683 concione
840 639 1077 694 lugubriter
1109 639 1265 692 habita,
1300 639 1450 690 lucem,
1487 652 1568 693 qua
1601 640 1669 681 uel
1702 640 1783 694 pri-

343 705 486 741 uatum
520 699 743 739 Laurencii
776 699 845 739 uel
873 697 1089 750 publicum
1111 702 1353 737 sanctorum
1374 696 1546 738 solenne
1581 697 1782 751 precurri-

342 772 446 807 mus,
479 758 567 797 siue
591 771 713 811 quam
747 756 889 796 diuine
920 754 1128 809 passionis
1160 754 1360 795 memorie
1385 754 1581 796 dedicare
1607 769 1782 796 consue-

341 815 500 865 uimus,
551 828 691 855 annuo
739 820 975 867 temporum
1022 812 1237 853 uolumine
1289 812 1512 867 repetitam
1563 812 1616 854 ab
1668 814 1782 854 omni

340 872 503 912 Danica
535 876 648 912 etate
681 870 1041 911 continentissima
1083 869 1226 911 ieiunii
1258 869 1461 923 religione
1507 871 1781 912 excolendam

342 929 606 984 premittunt.
670 928 792 975 Quod
838 931 1005 980 uotum,
1047 927 1215 982 publice
1258 928 1521 968 necessitatis
1563 929 1782 980 exigencia

340 992 653 1040 nuncupatum,
695 985 963 1027 exactissima
1012 984 1270 1038 posteritatis
1318 999 1419 1025 cura
1466 985 1674 1039 firmauit,
1720 986 1781 1027 in-

342 1044 516 1098 dignum
558 1048 671 1092 rata,
715 1046 864 1083 statam
908 1056 932 1082 a
963 1042 1190 1082 maioribus
1224 1042 1528 1084 continenciam
1573 1044 1780 1084 stomachi

341 1102 597 1156 inpaciencia
629 1107 755 1155 atque
788 1114 979 1141 escarum
1020 1099 1222 1140 auiditate
1265 1100 1518 1142 conuellere.
1582 1101 1778 1142 Diluculo

339 1173 440 1200 uero
483 1164 724 1199 nostrorum
764 1159 898 1209 acies,
946 1157 1191 1198 centuriatis
1232 1157 1368 1211 globis
1409 1172 1539 1199 naues
1586 1163 1778 1213 repetere

340 1216 512 1269 adorsa,
546 1216 819 1267 Scanienses,
852 1230 987 1270 nuper
1020 1215 1149 1255 classe
1181 1215 1405 1268 aduectos,
1439 1216 1585 1257 obuios
1618 1217 1777 1259 habuit.

341 1274 530 1321 Quorum
575 1273 781 1314 aduentus
829 1273 1033 1314 beneficio
1067 1278 1279 1324 recreata,
1320 1273 1457 1327 ipsos,
1497 1274 1671 1328 perinde
1693 1273 1708 1327 11
1730 1288 1778 1316 ac

340 1346 516 1386 corpore
549 1337 591 1372 et
622 1331 781 1371 uiribus
814 1331 1025 1383 integros,
1057 1345 1110 1370 ne
1142 1336 1262 1385 terga
1293 1331 1345 1372 ab
1378 1331 1569 1385 equitatu
1599 1333 1778 1374 incesse-

339 1399 504 1435 rentur‚
549 1395 694 1429 cui'are
740 1388 870 1430 iubet.
931 1388 1097 1429 Deinde
1129 1389 1363 1443 composite
1396 1389 1570 1442 gradum
1610 1391 1777 1444 agmine

337 1460 605 1501 promouens,
637 1459 732 1486 cum
764 1445 871 1487 forte
894 1446 1082 1487 limosam
1115 1446 1267 1487 obiecti
1298 1447 1507 1488 lacunaris
1530 1449 1779 1502 uoraginem

340 1505 530 1545 traiicere
571 1504 804 1554 debuisset,
847 1518 985 1558 neque
1025 1518 1116 1545 eam
1162 1504 1246 1545 ullo
1285 1507 1290 1552 ί
1328 1504 1564 1559 compendii
1607 1506 1777 1548 deflexu

339 1562 474 1603 uitare
507 1561 723 1616 quiuisset,
755 1575 983 1616 peragrare
1016 1561 1185 1611 adorsa,
1218 1561 1293 1603 sed
1326 1575 1425 1602 mox
1456 1563 1633 1617 palustri
1673 1577 1775 1604 ceno

338 1620 526 1660 tenacius
558 1619 770 1673 implicata
802 1634 851 1660 ac
874 1618 1102 1660 desidentis
1132 1620 1212 1660 luti
1241 1620 1387 1660 illuuie
1420 1620 1656 1675 prepedita,
1681 1635 1777 1662 con-

338 1676 431 1718 fuso
472 1677 736 1718 transicionis
776 1677 935 1731 impetu
977 1677 1154 1719 similem
1192 1676 1293 1731 fuge
1335 1679 1562 1718 tumultum
1610 1679 1777 1721 edebat.

337 1735 472 1775 Maior
504 1749 600 1790 pars
633 1735 745 1775 labili
776 1735 942 1788 paludis
976 1736 1086 1776 mole
1117 1734 1376 1791 pessundata
1418 1749 1621 1789 pecorum
1662 1751 1777 1778 more

338 1792 390 1833 ab
435 1793 627 1834 hostibus
671 1792 976 1834 trucidabatur.
1039 1793 1104 1833 Ita
1138 1793 1421 1834 transmeandi
1453 1793 1589 1834 auidis
1621 1795 1777 1849 impro-

338 1850 523 1906 uidaque
556 1855 596 1893 et
629 1865 729 1893 ceca
749 1850 1026 1892 festinacione
1048 1851 1265 1892 ruentibus
1287 1850 1635 1905 impedimentum
1668 1852 1776 1907 peri-

339 1908 431 1949 culo
477 1907 568 1949 fuit.
641 1908 828 1950 Tandem
863 1922 960 1962 egre
1000 1909 1040 1950 in
1083 1909 1198 1950 littus
1241 1909 1420 1950 reditum
1465 1909 1777 1965 discessumque

338 1970 414 2008 est.
449 1965 638 2021 Cumque
661 1966 812 2018 Sclaui,
835 1966 1008 2021 perinde
1039 1980 1088 2007 ac
1118 1967 1298 2008 uictoria
1319 1966 1428 2019 freti,
1461 1968 1601 2008 uerbis
1625 1968 1776 2009 uirium

336 2038 506 2065 suarum
539 2024 704 2064 laudem
736 2038 811 2078 pre
843 2039 887 2065 se
927 2024 1160 2065 ferentibus
1192 2024 1377 2065 Danicas
1416 2024 1625 2080 uituperio
1667 2027 1776 2067 inse-

338 2086 588 2136 querentur,
629 2088 670 2123 et
709 2082 829 2136 quasi
875 2082 1039 2122 illarum
1083 2081 1359 2123 imbecillitati
1401 2082 1654 2123 fortitudinis
1701 2097 1775 2124 sue

336 2140 535 2180 iactancia
571 2143 789 2194 procacius
811 2139 1073 2189 insultarent,
1099 2139 1323 2192 Henricus,
1355 2140 1425 2194 qui
1446 2140 1578 2195 probe
1612 2146 1776 2182 nostro—

339 2211 430 2238 rum
478 2197 638 2238 animos
686 2202 884 2249 nouerat,
942 2197 1109 2238 diuersa
1150 2210 1194 2237 se
1248 2197 1381 2251 inquit
1424 2198 1606 2238 hostium
1647 2198 1774 2239 robur

339 2255 610 2296 estimacione
646 2254 892 2309 complecti,
938 2256 1095 2310 quippe
1138 2255 1249 2309 regis
1281 2268 1427 2296 eorum
1467 2256 1507 2296 in
1542 2270 1648 2311 equo
1682 2270 1774 2310 pre-

337 2312 479 2353 ualido
512 2312 755 2367 exemplum
787 2313 962 2366 liquere.
1017 2313 1096 2361 Qui
1130 2313 1163 2353 si
1193 2313 1304 2353 uires
1326 2327 1423 2353 suas
1456 2313 1616 2364 scisset,
1650 2328 1773 2355 omne

338 2370 487 2424 equitis
522 2371 744 2425 imperium
777 2375 1008 2423 sperneret.
1063 2370 1177 2418 Quas
1211 2371 1410 2424 quoniam
1442 2371 1620 2424 ignorat,
1651 2371 1772 2412 facile

338 2427 554 2469 insidentis
585 2428 801 2469 arbitrium
834 2428 1005 2481 patitur.
1069 2427 1135 2468 Ita
1165 2426 1401 2479 Nicolaum,
1434 2429 1467 2469 si
1498 2429 1658 2470 uiribus
1690 2428 1774 2470 suis

337 2485 461 2525 fidem
494 2486 682 2533 haberet,
715 2489 861 2526 cuncta
885 2499 1096 2540 prospere,
1130 2485 1386 2526 diffidentem
1421 2499 1520 2527 uero
1550 2486 1649 2527 nihil
1683 2486 1772 2527 seli-

339 2542 440 2583 citer
473 2547 762 2585 executurum.
815 2543 919 2584 Post
953 2543 1031 2585 hec
1054 2542 1214 2595 Eliuus,
1247 2543 1357 2598 quod
1391 2544 1526 2599 patrie
1557 2543 1772 2585 fortunam

271 2612 307 2639 40
336 2599 643 2654 uenditauerit,
684 2616 709 2643 a
748 2613 848 2655 rege
889 2600 1063 2656 perfidie
1106 2600 1348 2653 damnatus,
1388 2615 1471 2642 non
1512 2601 1646 2642 solum
1679 2616 1772 2657 pre-

1832 1285 1884 1319 (23
