1884 3126
231 233 312 275 180
804 258 859 263 -
920 232 987 276 VI
1047 259 1100 267 -.

228 363 456 405 molossum
490 361 718 404 concitauit
746 362 788 404 in
820 362 1006 417 hostem,
1050 376 1177 419 quam
1218 362 1329 404 ferro
1364 361 1555 404 obtinere
1584 375 1668 403 non

227 425 410 487 poterat,
443 420 592 461 canino
625 435 767 462 morsu
791 421 1007 463 uictoriam
1028 422 1272 476 adeptuiffus
1317 419 1410 468 Quo
1432 434 1500 462 res
1521 418 1670 461 aduer-

227 479 346 521 sariis
378 478 627 534 probrosam
668 479 833 534 peperit
874 483 1082 534 stragem,
1123 493 1218 520 cum
1262 478 1440 519 forcium
1483 477 1670 532 phalanx

226 537 438 578 mordicus
478 536 673 579 lacessita
717 536 978 592 profugeret.
1041 537 1230 585 Quorum
1271 535 1376 591 fuga
1418 536 1575 577 tristior
1615 549 1667 576 an

176 615 192 633 ›
225 595 388 649 turpior
404 594 542 647 fuerit,
559 595 735 636 nescias.
754 594 1081 636 Erubescendus
1104 594 1309 650 siquidem
1327 593 1668 635 Normannorum

228 653 438 693 exercitus
472 656 586 705 erat,
630 667 754 707 quem
788 652 919 694 hostis
965 666 1085 708 opem
1118 667 1143 693 a
1175 652 1298 693 belua
1337 655 1554 693 mutuatus
1597 650 1669 693 ob-

225 710 354 752 triuit.
398 709 488 751 Neo
518 709 659 752 fraudi
690 709 889 752 Fridleuo
922 710 1002 752 fuit
1032 711 1245 752 labentem
1268 709 1445 751 militum
1469 710 1668 751 uirtutem

228 768 374 809 canino
427 782 624 824 reparare
673 768 866 823 presidio.
929 768 1093 810 Occidit
1142 768 1223 810 hoc
1275 767 1384 809 bello
1433 767 1668 809 Amundus.

226 825 357 867 Cuius
390 826 551 867 assecla
581 828 693 879 Ano,
727 831 1010 881 cognomento
1044 826 1300 881 sagittarius,
1337 825 1583 867 Fridleuum
1615 825 1669 866 ad

155 897 192 924 10
224 898 366 925 secum
399 881 697 939 dimilcandum
728 885 936 936 hortatus,
968 899 992 925 a
1013 884 1243 937 Biornone,
1276 884 1478 939 sequioris
1514 882 1668 924 ordinis
1723 889 1824 922 p·270

224 943 336 994 uiro,
360 956 520 997 regem
564 956 657 984 cum
698 942 864 997 plebeio
898 942 1096 997 congredi
1126 941 1402 997 prohibente,
1435 941 1667 982 lacessitur.

226 999 418 1055 Cumque
461 1000 645 1052 Biorno,
689 1001 855 1041 sinuato
901 1014 1024 1053 arcu,
1068 1013 1199 1041 neruo
1244 1000 1441 1054 sagittam
1485 1003 1666 1055 aptaret,

223 1058 362 1099 subito
406 1058 602 1099 emissum
645 1058 696 1099 ab
730 1058 883 1099 Anone
915 1058 1120 1113 spiculum
1161 1057 1284 1099 corde
1329 1071 1490 1099 summa
1533 1063 1666 1098 trans-

222 1116 326 1157 fixit.
389 1115 519 1157 Cuius
562 1115 695 1157 altera
740 1130 838 1157 mox
871 1117 1024 1170 sagitta
1069 1129 1208 1157 comes
1249 1115 1397 1156 mediis
1438 1114 1666 1169 digitorum

153 1187 189 1214 15
223 1173 413 1215 condulis
454 1173 639 1228 impacta
678 1174 892 1216 successit.
928 1182 935 1188 ’
969 1173 1048 1214 His
1094 1173 1224 1214 tercia
1269 1174 1575 1228 superueniens
1624 1173 1664 1214 in

221 1232 476 1286 applicatam
504 1245 638 1273 neruo
671 1232 869 1287 sagittam
900 1232 1057 1272 incidit.
1109 1231 1205 1272 Auo
1239 1231 1408 1286 quippe,
1439 1230 1664 1285 promptis-

219 1290 325 1330 sima
347 1289 574 1343 sagittandi
602 1303 731 1344 opera
765 1290 926 1331 eminus
961 1293 1095 1342 utens,
1128 1289 1179 1330 de
1210 1288 1414 1330 industria
1444 1294 1663 1342 gestamen

220 1351 386 1388 tantum
425 1347 556 1388 hostis
597 1347 853 1401 offenderat,
898 1351 967 1400 ut,
1012 1347 1123 1389 idem
1162 1347 1201 1387 in
1242 1347 1382 1401 ipsum
1419 1346 1497 1387 sibi
1538 1346 1663 1388 licere

221 1403 534 1460 delmonstrans,
566 1405 756 1459 pugilem
786 1419 810 1446 a
830 1406 1049 1460 proposito
1082 1409 1316 1446 reuocaret.
1358 1403 1512 1446 Biorno
1545 1418 1661 1457 uero,
1718 1413 1810 1446 11-271

150 1476 187 1503 ρο
217 1463 319 1503 nihil
342 1463 396 1504 ob
424 1462 503 1504 hoc
536 1463 664 1504 animi
696 1463 899 1515 minuens,
933 1467 1076 1518 spreto
1110 1463 1298 1517 corporis
1330 1461 1533 1517 periculo,
1567 1475 1663 1503 con-

219 1522 346 1562 stanti
386 1524 528 1562 mente
560 1525 602 1562 et
634 1521 756 1562 uultu
799 1521 1021 1563 discrimen
1065 1521 1179 1574 iniit,
1222 1521 1280 1561 ita
1311 1524 1358 1561 ut
1388 1532 1466 1561 nec
1497 1519 1661 1561 Anonis

219 1580 442 1634 quicquam
475 1579 646 1633 ingenio
680 1578 844 1620 deferre
876 1592 1016 1634 neque
1044 1593 1099 1621 ex
1128 1582 1333 1620 consueta
1359 1577 1513 1632 aliquid
1546 1577 1664 1619 forti-

219 1636 365 1678 tudine
397 1636 610 1691 deponere
650 1636 879 1678 uideretur.
940 1637 1091 1691 Itaque
1126 1637 1240 1677 nulla
1273 1650 1326 1677 ex
1357 1639 1479 1690 parte
1510 1649 1663 1690 propo-

219 1695 298 1736 sito
340 1694 613 1760 deturbatus,
655 1694 888 1749 intrepidus
930 1694 1071 1736 duello
1114 1708 1159 1736 se
1191 1692 1378 1735 credidit.
1440 1693 1536 1741 Quo
1567 1707 1661 1735 cuin

150 1765 185 1793 ‘25
217 1757 394 1807 uterque
440 1753 606 1794 saucius
656 1752 929 1804 excessisset,
975 1752 1087 1794 aliud
1134 1752 1234 1793 item
1276 1751 1387 1807 apud
1437 1749 1660 1805 Aqdarnos

218 1815 366 1852 mutua
397 1810 532 1851 laudis
567 1811 828 1851 emulacione
858 1814 1094 1865 gesserunt.

354 1867 584 1910 Interfecto
601 1867 1065 1922 Amund0,Frid1euus,
1092 1867 1294 1910 acerrimo
1318 1866 1439 1908 hoste
1455 1867 1659 1908 liberatus

217 1940 510 1981 summumque
545 1930 585 1967 et
616 1940 810 1968 securum
844 1927 981 1968 ocium
1011 1930 1175 1978 nactus,
1211 1925 1515 1966 ferocissimum
1547 1925 1660 1980 inge-

216 1984 330 2025 nium
353 1997 474 2025 suum
496 1984 705 2039 uoluptati
737 1985 887 2026 cedere
919 1985 1070 2039 coegit,
1102 1983 1364 2037 traiectoque
1387 1984 1426 2024 in
1446 1983 1659 2025 Venerem

146 2054 184 2082 30
216 2041 369 2093 studio,
401 2042 577 2083 classem
611 2043 845 2095 instaurat,
890 2047 1065 2096 negatas
1097 2042 1196 2082 olim
1229 2041 1402 2094 nupcias
1434 2042 1659 2095 petiturus

214 2099 411 2155 Denique
434 2100 753 2155 nauigacionem
774 2100 1001 2154 ingressus,
1034 2114 1141 2152 cum,
1161 2097 1328 2140 defecta
1349 2100 1486 2140 uentis
1507 2099 1656 2152 classe,

213 2158 328 2198 uicos
373 2157 570 2198 alimenta
609 2159 817 2212 petiturus
858 2158 1135 2213 irrumperet,
1183 2171 1208 2198 a
1256 2156 1432 2197 Grubbo
1473 2156 1657 2212 quodam

214 2215 478 2270 hospitaliter
508 2215 690 2267 habitus,
722 2215 979 2270 tandemque
1009 2215 1094 2256 filie
1127 2214 1216 2256 eius
1249 2214 1460 2255 connubio
1482 2215 1658 2269 potitus,

214 2272 398 2314 Olauum
449 2273 661 2314 uocabulo
714 2273 844 2314 filium
897 2274 1150 2329 procreauit.
1212 2271 1441 2313 Interiecto
1490 2285 1658 2327 quoque

143 2342 180 2370 35
213 2335 403 2397 tempore
425 2330 702 2385 Fregertham
725 2331 917 2397 adeptus,
950 2331 1049 2372 dum
1080 2330 1260 2386 patriam
1282 2343 1431 2384 parum
1452 2343 1657 2385 prospera

210 2389 491 2443 nauigacione
530 2393 763 2443 repeteret,
805 2389 951 2444 ignote
996 2389 1131 2431 insule
1178 2387 1389 2428 littmibus
1437 2389 1655 2442 appulsus,

210 2446 457 2488 thesaurum
504 2446 617 2488 humi
668 2446 910 2488 conclusum
972 2446 1159 2488 effodere
1217 2445 1518 2500 custodemque
1567 2446 1656 2487 eius

210 2503 457 2558 draconem,
504 2504 666 2545 uitandi
707 2506 860 2546 ueneni
901 2505 1069 2559 gracia,
1111 2503 1268 2545 bouino
1309 2506 1474 2557 tergore
1518 2506 1654 2544 tectus

209 2561 660 2617 appetere-cuiusdam
682 2576 756 2617 per
778 2562 959 2618 quietem
992 2561 1206 2618 conspecti
1237 2559 1476 2614 monitu[m]
1502 2560 1653 2615 perdo-

139 2631 176 2660 40
209 2624 337 2673 cetur,
367 2619 665 2676 intentumque
697 2625 817 2663 scuto
849 2620 1006 2662 corium
1038 2619 1260 2662 uenenatis
1289 2618 1482 2660 dencium
1505 2619 1651 2659 morsi-
