1884 3126
266 974 302 1001 10

263 1262 299 1289 15

261 1549 298 1576 20

255 1837 293 1864 25

255 2125 292 2152 30

255 2412 291 2445 35

341 322 422 363 672
885 337 937 342 --
996 311 1106 354 XVI
1165 337 1219 344 -

341 445 533 485 simulare
552 441 697 493 uellet,
721 438 954 493 complures
978 451 1030 478 ex
1053 437 1153 491 suis,
1175 436 1316 478 furtim
1339 436 1556 478 discedere
1577 438 1769 489 monitos,

339 506 484 555 aperte
517 498 691 540 subinde
723 498 858 537 redire
880 496 1011 547 iussit,
1042 494 1170 549 idque
1192 509 1294 549 sepe
1326 509 1502 535 nurnero
1529 494 1770 537 faciendum

340 558 513 598 curauit.
585 555 720 609 Igitur
759 552 1012 593 auxiliorum
1060 552 1323 593 incrementa
1374 553 1530 594 sensim
1581 553 1769 606 recipere

339 614 621 664 existimatus,
661 625 743 652 non
787 609 1130 664 suppetentibus,
1173 610 1241 663 qui
1282 609 1455 664 predam
1491 614 1768 665 asportarent,

338 675 571 712 contractas
625 669 705 709 uici
753 682 854 722 opes
904 668 1067 721 ingenti
1114 681 1220 722 pyra
1264 672 1505 709 constructa
1550 669 1768 721 cremauit,

339 728 514 770 flammis
545 725 829 780 insequendo,
874 724 987 779 quod
1026 724 1120 766 usui
1159 725 1427 766 commodare
1464 740 1547 766 non
1589 730 1768 780 poterat,

337 786 464 826 eciam
486 785 684 825 ministris
706 782 885 823 incendii
906 786 1022 823 tante
1054 781 1228 837 pecunie
1253 784 1621 837 consumpcionem
1643 784 1768 825 animi

336 843 479 884 dolore
510 840 877 896 prosequentibus.
939 839 1002 879 Ea
1042 855 1084 881 re
1117 846 1236 894 gesta
1276 841 1328 881 ad
1360 854 1502 895 regem
1537 855 1582 882 se
1614 842 1767 884 retulit.

337 901 417 948 Qui
447 904 619 954 propter
659 898 881 953 Lubynam
922 898 1244 952 pernoctacione
1282 899 1438 951 habita,
1470 899 1624 941 deletis
1654 900 1767 940 uico-

334 972 423 998 rum
452 957 650 1012 reliquiis,
682 956 887 1007 lacunam,
921 969 996 1009 per
1019 969 1145 1010 quam
1175 955 1306 997 arduo
1328 957 1474 998 labore
1495 957 1574 998 iter
1595 957 1766 1011 fecerat,

334 1019 463 1069 ponte
509 1029 532 1054 a
577 1014 783 1068 Rugianis
829 1015 1040 1054 consterni
1085 1018 1227 1067 curat,
1275 1028 1452 1069 eamque
1498 1014 1612 1056 nullo
1656 1029 1765 1069 pene

334 1072 510 1131 negocip
542 1085 779 1120 remensus,
812 1071 1050 1111 conscensis
1093 1071 1271 1112 nauibus
1310 1072 1350 1112 in
1383 1073 1616 1126 proximum
1648 1073 1764 1114 Peno

334 1131 445 1170 amni
476 1134 642 1185 portum
674 1129 892 1183 perfluenit.
946 1128 1028 1169 Vbi
1061 1127 1221 1169 diutina
1253 1143 1301 1170 ac
1331 1131 1574 1171 uehementi
1606 1135 1765 1185 tempe-

334 1192 443 1228 state
474 1193 669 1238 uexatus,
691 1186 990 1240 Bogiszlauum
1014 1200 1160 1240 pacem
1193 1201 1216 1226 a
1248 1201 1293 1228 se
1323 1201 1397 1242 per
1426 1188 1589 1242 legatos
1621 1194 1766 1243 peten-

331 1250 416 1287 tem
447 1245 615 1300 repulit,
650 1258 887 1299 quanquam
910 1244 990 1284 iam
1022 1244 1261 1285 labentibus
1283 1245 1493 1286 alimentis
1526 1245 1766 1301 expedicio-

332 1317 427 1344 nem
461 1303 672 1344 remittere
704 1306 942 1355 cogeretur.

468 1360 640 1402 Exactis
687 1359 801 1401 domi
847 1359 1067 1414 hybernis,
1114 1373 1189 1414 per
1228 1359 1421 1415 Zuynam
1464 1361 1625 1415 ingenti
1672 1376 1763 1403 cum

333 1418 608 1473 expedicione
641 1431 867 1472 regressus,
901 1417 1172 1458 Grotzuinam
1203 1417 1374 1463 lacerat.
1435 1419 1520 1460 Vbi
1551 1434 1642 1460 cum
1664 1419 1764 1460 Iari-

332 1490 471 1517 marus
504 1476 689 1517 hostium
710 1488 929 1516 occursum
962 1488 1014 1515 ex
1049 1489 1195 1515 eorum
1219 1475 1322 1516 lituo
1345 1476 1655 1531 deprehensum
1675 1479 1764 1532 regi

328 1534 612 1575 nunciandum
644 1537 912 1588 proponeret,
943 1533 1068 1588 idque
1101 1534 1153 1573 ab
1185 1533 1422 1587 Absalone,
1455 1535 1531 1576 nisi
1562 1535 1685 1576 iidem
1722 1536 1763 1577 in

333 1597 600 1646 conspectum
649 1592 888 1643 uenissent,
942 1592 1094 1646 exequi
1142 1596 1385 1646 uetaretur,
1432 1594 1602 1648 ancipiti
1652 1595 1762 1635 malo

330 1649 645 1701 circunuentum
692 1664 736 1690 se
768 1648 896 1701 dixit,
929 1648 1022 1703 qui,
1067 1648 1202 1703 siquid
1245 1650 1448 1704 inopinati
1487 1651 1686 1705 periculi,
1719 1665 1763 1692 se

328 1711 511 1761 tacente,
535 1707 656 1748 sociis
690 1707 914 1756 incidisset,
946 1706 1101 1747 incurie
1134 1706 1341 1760 damnari,
1374 1709 1436 1748 sin
1468 1708 1671 1750 maturius
1701 1709 1762 1749 in-

328 1765 480 1806 dicium
501 1765 685 1814 afferret,
707 1763 942 1805 timiditatis
972 1764 1110 1804 notari
1132 1770 1288 1818 posset,
1322 1779 1416 1806 cum
1439 1769 1480 1806 et
1501 1779 1759 1821 prepropero

326 1825 475 1864 nuncio
509 1824 568 1863 uti
600 1822 850 1877 probrosum
882 1827 924 1863 et
955 1822 1077 1862 nimis
1109 1822 1223 1863 lento
1266 1821 1522 1865 desidiosum
1554 1823 1759 1866 uideatur.

326 1880 466 1921 Huius
511 1880 729 1935 prouincie
776 1879 908 1934 preda
958 1894 1106 1934 parum
1157 1881 1337 1921 saciatos
1387 1881 1759 1923 Pomeranicarum

326 1952 455 1993 opum
487 1938 600 1979 fama
632 1938 849 1989 sollicitat,
883 1951 964 1992 que
997 1942 1043 1978 ut
1076 1938 1254 1990 eximie,
1297 1938 1356 1979 ita
1386 1939 1542 1980 intacte
1574 1940 1760 1994 predica-

329 1997 491 2037 bantur.
559 1995 674 2036 Nulli
714 2001 798 2036 tam
837 1995 1110 2050 longinquam
1150 1996 1347 2036 miliciam
1385 1996 1548 2050 ingredi
1590 1996 1760 2039 difficile

325 2055 476 2105 uisum,
510 2067 744 2108 quanquam
776 2052 1022 2107 perferende
1054 2052 1191 2094 inedie
1223 2054 1576 2109 peragrandeque
1614 2056 1759 2096 solitu-

323 2111 431 2153 dinis
482 2111 776 2166 predicebatur
827 2111 1056 2165 asperitas,
1105 2110 1255 2152 ardore
1299 2111 1432 2166 prede
1477 2112 1757 2167 periculorum

328 2176 487 2210 metum
518 2169 700 2210 leuante.
761 2168 948 2209 Imbellis
978 2170 1159 2223 populus
1191 2169 1444 2224 urbiumque
1476 2175 1517 2210 et
1546 2184 1756 2211 armorum

326 2226 445 2282 inops
476 2228 592 2281 regio
624 2226 854 2268 ferebatur.
916 2225 970 2266 Et
1003 2226 1201 2281 quoniam
1233 2228 1387 2268 nostris
1418 2228 1682 2283 propositum
1706 2242 1759 2269 ex

326 2285 542 2326 sentencia
582 2284 730 2325 cedere
772 2290 1070 2337 consueuerat,
1113 2284 1316 2338 pergendi
1359 2285 1566 2340 cupiditas
1598 2287 1757 2328 animos

324 2342 631 2384 inflammabat.
664 2356 741 2383 nec
779 2341 1035 2382 fraudandos
1067 2342 1338 2396 presentibus
1382 2343 1491 2383 uotis
1523 2342 1660 2384 felicia
1692 2348 1758 2385 tot

322 2413 593 2441 successuum
625 2401 916 2454 experimenta
943 2399 1222 2453 spondebant.
1283 2399 1332 2440 In
1365 2413 1446 2454 qua
1478 2400 1757 2454 profeccione‚

322 2458 477 2512 pabulo
509 2471 654 2513 parum
688 2461 954 2512 suppetente,
986 2470 1070 2497 non
1102 2457 1237 2498 solum
1269 2471 1412 2512 equos,
1445 2472 1593 2499 uerum
1626 2459 1755 2500 eciam

322 2515 486 2569 pedites
508 2515 811 2557 commeatibus
836 2521 1012 2556 onustos
1034 2515 1175 2555 attrite
1194 2514 1339 2555 labore
1359 2516 1469 2556 uires
1487 2515 1754 2558 deficiebant.

324 2571 391 2613 He
437 2584 504 2614 res
556 2572 828 2614 conuertendi
879 2572 1037 2613 itineris
1083 2572 1387 2626 repetendique
1437 2573 1568 2614 classe
1616 2572 1756 2628 Iulyni

323 2642 490 2671 causam
529 2630 696 2672 dedere.
757 2630 849 2670 Illic
881 2643 955 2670 rex
993 2629 1209 2670 adoriendi
1255 2643 1330 2684 per
1373 2630 1543 2671 insidias
1576 2630 1755 2686 Camyni

255 2700 291 2727 40
322 2688 536 2729 consilium
569 2692 714 2729 nactus
728 2693 747 2743 i,
769 2691 999 2743 aperteque
1042 2687 1130 2728 eius
1172 2687 1401 2742 irrupcioni
1430 2688 1629 2729 latentem
1661 2702 1754 2744 pre-
