1884 3126
268 885 302 913 10

267 1176 300 1203 15

265 1464 302 1491 ‘20

265 2043 302 2070 30

264 2332 301 2359 35

331 221 410 264 128
917 219 1187 261 ——V—

329 347 370 389 di
408 361 484 403 per
523 347 743 402 piraticam
782 347 932 389 Dauos
970 347 1194 402 negocium
1237 346 1376 390 cessit.
1448 346 1618 404 Excipit
1657 348 1775 390 illum

330 405 473 460 Oddo,
502 406 569 447 cui
600 410 700 447 tunc
731 405 932 461 temporis
963 405 1077 461 apud
1109 406 1253 448 Danos
1285 405 1470 447 maxima
1502 406 1674 460 piratice
1706 406 1776 449 de-

329 463 548 506 ferebatur
594 463 838 515 auctoritas,
884 463 948 504 uir
994 464 1154 518 magice
1212 465 1375 516 doctus,
1420 463 1479 504 ita
1524 468 1573 505 ut
1615 463 1775 519 absque

329 522 470 563 carina
511 522 645 563 altum
685 535 934 576 pererians,
981 522 1152 564 hostilia
1194 535 1294 578 sepe
1340 522 1512 576 nauigia
1555 523 1775 564 concitatis

328 580 511 621 carmine
558 579 759 646 ΡνοοθΠΗίε
800 585 1027 638 παίει-,επ
1104 580 1257 636 Itaque
1301 594 1354 621 ne
1401 593 1493 620 cum
1542 580 1689 635 piratis
1733 580 1776 621 in

330 638 631 679 maritimarum
683 638 834 679 uirium
881 642 1091 679 certamen
1153 637 1448 690 descenderet,
1500 643 1775 693 exasperatos

330 696 536 738 maleficio
567 697 720 737 fluctus
757 696 810 737 ad
842 695 1062 750 naufragia
1093 696 1239 738 iisdem
1285 694 1513 750 infligenda
1543 696 1777 751 perduceie

329 754 506 796 solebat.
553 753 636 795 Hic
666 758 713 795 ut
733 754 1071 809 negociatoribus
1094 757 1231 807 atrOX,
1254 754 1313 795 ita
1335 754 1518 795 clemens
1540 754 1777 808 agrestibus

331 812 490 866 extitit,
524 826 610 854 non
643 812 787 853 eadem
823 826 1005 866 merces,
1038 825 1119 866 qua
1152 812 1330 864 stiuam,
1365 811 1637 853 estimacione
1668 825 1779 853 com-

330 884 516 922 mensus,
549 870 692 911 rustici
726 870 866 925 operis
899 869 1131 911 mundicias
1164 869 1322 911 sordidi
1356 874 1528 925 questus
1560 870 1778 911 laboribus

332 933 608 984 anteponens.
670 927 805 980 Idem,
837 928 941 969 inito
976 942 1071 969 cum
1102 927 1358 969 Normannis
1391 927 1611 981 conflictu,
1643 928 1702 969 ita
1734 928 1776 968 ui

331 987 559 1028 carminum
593 986 789 1028 hostilem
821 985 1042 1027 hebetauit
1070 990 1303 1041 aspectum,
1335 989 1381 1026 ut
1405 986 1615 1027 districtos
1638 985 1778 1027 Dano-

330 1059 423 1086 rum
456 1058 576 1086 enses
608 1045 768 1085 eminus
801 1043 942 1085 radios
974 1044 1110 1085 iacere
1132 1049 1174 1085 et
1205 1048 1405 1098 tanquam
1436 1043 1776 1085 flammabundos

331 1102 558 1144 scintillare
589 1106 803 1157 putarent.
853 1101 1048 1148 Ceterum
1080 1101 1188 1143 adeo
1221 1102 1371 1143 retusis
1395 1101 1610 1143 obtutibus
1643 1107 1777 1152 erant,

332 1165 378 1202 ut
425 1174 477 1202 ne
523 1160 678 1201 ferrum
726 1159 898 1216 quidem
944 1160 1098 1214 uagina
1145 1159 1383 1201 detractum
1434 1160 1527 1200 uisu
1578 1159 1777 1214 excipere

332 1222 528 1274 possent,
573 1218 688 1260 uicta
733 1218 890 1273 quippe
931 1217 1096 1272 fulgore
1141 1218 1252 1259 acies
1294 1217 1542 1273 prestigiosi
1585 1231 1776 1259 corusca·

332 1277 455 1317 minis
506 1276 720 1331 inpaciens
768 1280 869 1318 erat.
953 1275 1061 1318 Geso
1112 1276 1253 1331 itaque
1298 1275 1438 1316 Rafno
1467 1278 1472 1327 l
1502 1288 1594 1316 cum
1646 1275 1779 1316 multa

332 1349 506 1376 suorum
538 1338 672 1389 parte,
706 1348 781 1376 sex
803 1334 893 1375 sole
924 1348 1055 1376 naues
1078 1332 1339 1388 Noruagiam
1362 1334 1526 1389 relapse
1548 1333 1777 1375 documen-

331 1397 377 1434 to
410 1392 529 1434 fuere
571 1393 684 1447 regi,
728 1391 843 1433 haud
886 1391 1009 1433 facile
1040 1391 1187 1433 Danos
1231 1391 1365 1433 obteri
1404 1404 1541 1446 posse.
1603 1391 1670 1432 Ab
1711 1391 1776 1431 his

335 1452 468 1492 eciam
515 1450 797 1501 Frothonem,
842 1450 933 1490 sola
979 1450 1169 1504 pugilum
1217 1463 1296 1504 ope
1345 1449 1596 1500 subnixum,
1640 1449 1776 1490 inuito

333 1522 512 1563 regnare
557 1508 718 1563 populo
771 1508 995 1563 uulgatum
1046 1512 1133 1562 est,
1185 1507 1369 1549 dominio
1416 1507 1456 1548 in
1509 1507 1777 1562 tyrannidem

331 1580 469 1608 uerso·
916 1602 919 1605 ,

472 1623 603 1665 Cuius
635 1622 747 1665 fame
780 1622 1038 1679 experiende
1069 1623 1212 1678 gracia
1242 1622 1463 1675 Rollerus,
1504 1627 1552 1663 ut
1584 1626 1674 1664 erat
1705 1637 1778 1664 ex-

332 1687 518 1724 terarum
552 1682 753 1723 lustrator
786 1696 948 1733 rerum,
990 1681 1223 1736 ignotaque
1261 1681 1425 1722 uisendi
1456 1680 1631 1734 auidus,
1675 1680 1779 1721 Fro-

264 1773 277 1780 -
331 1741 473 1783 thonis
502 1753 546 1782 se
568 1739 688 1781 uouit
710 1739 986 1781 contubernio
1018 1739 1268 1794 potiturum.
1315 1739 1464 1781 Ericus
1485 1738 1615 1791 illum,
1649 1752 1778 1793 quan-

332 1813 457 1854 quam
475 1797 622 1840 habitu
639 1799 826 1853 eorporis
841 1797 1019 1839 eximius
1037 1801 1159 1849 esset,
1175 1801 1335 1839 temere
1351 1799 1498 1838 uotum
1515 1810 1778 1852 nuncupasse

334 1858 538 1899 firmabat.
583 1855 652 1897 Ad
686 1857 892 1908 ultimum,
923 1855 1298 1910 pertinacissimam
1327 1855 1533 1910 propositi
1565 1855 1655 1896 eius
1687 1868 1779 1909 per-

333 1915 620 1957 seueranciam
653 1915 941 1970 conspicatus,
985 1928 1029 1955 se
1064 1926 1234 1969 quoque
1273 1913 1396 1954 simili
1433 1913 1525 1954 uoti
1563 1926 1778 1967 nuncupa-

334 1974 454 2015 cione
487 1971 752 2026 constringit.
799 1971 978 2014 Hisdem
1006 1986 1051 2013 se
1073 1985 1149 2012 rex
1172 1971 1380 2026 pollicitus
1403 1976 1480 2021 est,
1502 1984 1779 2025 quoscunque

335 2031 502 2073 delectu
534 2030 808 2085 probassent,
851 2029 1026 2071 comites
1058 2029 1324 2071 donaturum
1389 2028 1537 2083 Itaque
1576 2028 1778 2069 fiat-ribus

332 2089 469 2145 primo
510 2093 674 2143 patrem
717 2087 822 2129 adiri
853 2087 1031 2143 placuit,
1075 2091 1419 2141 commeatusque
1460 2091 1502 2127 et
1540 2085 1778 2128 necessaria

334 2154 420 2189 tam
451 2146 671 2200 longinqui
704 2146 865 2187 itineris
898 2144 1086 2186 subsidia
1115 2144 1334 2200 postulari.
1396 2143 1435 2184 A
1478 2158 1561 2199 quo
1603 2147 1779 2208 paterne

333 2205 531 2259 suscepti,
563 2203 631 2245 die
662 2208 834 2258 postera
864 2204 904 2244 in
938 2217 1085 2245 nemus
1118 2202 1284 2244 uisendi
1316 2202 1481 2258 pecoris
1512 2201 1654 2256 glacia
1684 2215 1780 2256 per-

333 2263 558 2304 ducuntur.
618 2260 759 2302 Senex
791 2261 945 2316 quippe
986 2261 1183 2302 armentis
1217 2261 1395 2315 opulens
1441 2264 1543 2301 erat.
1602 2258 1779 2314 Aperie-

333 2321 486 2362 bantur
533 2332 700 2375 quoque
743 2319 824 2360 illis
857 2332 971 2373 gaze,
1018 2332 1120 2374 quas
1153 2318 1223 2359 diu
1264 2318 1408 2360 clause
1453 2316 1616 2359 telluris
1658 2320 1780 2358 antia

334 2378 623 2420 condiderant.
700 2375 736 2417 Ε
782 2377 933 2432 quibus
980 2376 1099 2431 sique
1145 2376 1427 2432 placuissent,
1474 2374 1639 2429 sublegi
1686 2387 1779 2429 per-

333 2437 460 2478 misse
507 2440 619 2477 sunt,
694 2434 784 2476 Nec
831 2434 1023 2500 cupidius
1069 2434 1260 2475 oblatum
1314 2431 1600 2487 beneljficium,
1652 2445 1777 2486 quam

332 2498 561 2550 receptum.
606 2493 756 2549 Itaque
779 2493 933 2558 egestis
955 2492 1084 2534 humo
1108 2491 1272 2547 opibus,
1305 2490 1576 2546 complacitas
1608 2490 1778 2540 tollunt.

333 2552 500 2594 Horum
541 2551 704 2594 interea
749 2550 928 2604 remiges
979 2554 1051 2592 aut
1093 2563 1234 2591 curam
1278 2563 1405 2604 egere
1446 2548 1661 2603 corpmis,
1706 2551 1781 2588 aut

264 2623 301 2651 40
331 2610 451 2651 iactis
499 2625 543 2651 se
575 2609 756 2651 molibus
801 2608 1069 2650 exercebant.
1144 2607 1229 2649 Alii
1269 2608 1394 2659 saltu,
1445 2606 1613 2661 quidam
1655 2619 1777 2646 cursu
