1884 3126
285 883 318 911 10

282 1170 313 1197 15

279 1458 315 1484 20

274 1745 312 1772 25

275 2033 311 2060 30

274 2325 309 2350 35

273 2611 308 2638 40

354 238 435 280 608
886 248 939 257 -—
1001 224 1136 269 XIIII
1196 246 1249 255 ——

358 361 507 403 indicia
556 359 607 399 ad
655 356 912 398 Absaloncm
959 368 1004 395 se
1049 354 1284 394 delaturum
1322 352 1584 408 promiserat.
1656 350 1787 394 Cuius

355 432 436 460 non
478 417 561 458 alia
601 413 794 456 saluandi
824 413 1016 467 promissi
1055 412 1168 452 racio
1202 411 1353 462 extitit,
1386 424 1511 465 quam
1545 409 1656 466 quod
1688 420 1787 451 ante

355 475 595 530 paccionem
627 485 768 512 secum
799 470 945 511 initam
975 474 1148 524 pyratas
1166 468 1380 524 profectos
1412 469 1603 510 asseruit.
1665 467 1788 508 Idem

354 530 633 581 Absalonem,
674 541 873 582 quorsum
912 527 1131 580 tenderet,
1163 530 1458 580 percontatus,
1490 531 1536 567 ut
1568 525 1787 580 comperit,

353 589 498 629 domos
538 589 729 641 repetere
774 585 906 637 uelle,
938 588 1039 625 tunc
1069 583 1252 638 denique
1293 583 1613 638 expedicionem
1654 582 1707 624 ab
1737 596 1786 624 eo

352 645 472 694 solui,
515 657 607 684 cum
652 642 839 683 inchoaii
881 641 1111 695 debuerat,
1155 641 1383 682 astruebat.
1445 641 1535 681 Iam
1577 642 1732 703 quippe
1764 655 1788 681 a

351 701 511 743 Sclauis
561 700 785 741 aduersum
835 698 1016 740 Daniam
1062 699 1276 752 ingentem
1327 699 1504 740 classem
1551 713 1643 740 esse
1691 712 1786 740 con-

350 763 540 800 tr.actam
604 756 728 805 Quod
768 761 815 798 ut
846 757 1057 810 cognitum
1092 756 1167 797 sibi
1201 761 1551 811 compertumque
1582 756 1697 808 for,e
1730 756 1787 797 ita

349 816 591 869 ambiguum
617 823 797 864 exstare,
821 827 1024 868 quasnam
1049 813 1186 854 Danie
1208 820 1348 869 partes
1371 814 1447 855 hoc
1469 818 1618 869 paratu
1641 818 1786 869 petere

349 870 704 926 destinaueri<n>t
776 872 984 913 Estuante
1036 871 1251 913 Absalone
1303 877 1369 923 et,
1421 885 1504 926 quo
1556 886 1601 914 se
1643 871 1786 913 hostes

349 930 521 971 effusuri
565 933 723 980 essent,
763 929 1003 984 prediscere
1047 930 1266 984 cupiente,
1308 930 1651 985 exploracionem
1691 943 1786 985 pro-

347 988 497 1038 mittit,
531 987 772 1042 prequisit0‚
815 1001 897 1042 quo
938 987 1135 1027 nuncium
1168 986 1327 1029 referre
1368 987 1534 1029 debeat.
1595 987 1783 1029 Absalon

346 1045 682 1100 promontorium
723 1044 927 1086 Monense
971 1044 1187 1099 designat,
1229 1049 1436 1100 rogatque
1475 1049 1671 1100 tempus,
1702 1058 1785 1100 quo

349 1103 519 1144 obuium
563 1102 728 1143 mitt-eie
771 1101 938 1144 debeat.
1000 1102 1076 1142 Ille
1121 1102 1229 1143 diem
1272 1109 1443 1144 sextum
1476 1103 1636 1144 definit.
1698 1102 1786 1143 Nec

345 1160 504 1201 diutule
538 1164 724 1201 moratus
765 1159 977 1213 abscedit,
1018 1160 1218 1215 priusque
1250 1165 1523 1215 conspectum
1564 1160 1784 1214 fefellerat,

348 1231 471 1272 quam
517 1231 656 1259 comes
697 1217 924 1258 Absalonis
956 1217 1099 1259 classis
1139 1218 1385 1273 appelleret.
1446 1217 1699 1260 Nostrorum
1733 1219 1784 1259 si-

347 1275 518 1330 quidem
549 1276 811 1330 presenciam
834 1289 1023 1330 perosus,
1058 1283 1230 1330 repente
1252 1275 1380 1317 dilabi
1403 1290 1502 1316 cure
1533 1275 1692 1328 habuit,
1719 1289 1784 1326 ne,

348 1348 392 1375 re
425 1338 657 1388 comperta,
687 1333 842 1387 proditi
877 1332 1028 1374 ciuium
1063 1333 1225 1374 consilii
1256 1338 1393 1374 morte
1425 1339 1498 1375 aut
1530 1334 1657 1376 exilio
1689 1348 1785 1389 sup-

347 1390 472 1445 plicia
503 1391 654 1433 lueret.
716 1390 805 1431 Nec
836 1404 923 1431 rem
956 1390 1144 1431 Absalon
1179 1391 1305 1432 tacite
1345 1391 1506 1432 habuit.
1567 1391 1783 1447 Siquidem

346 1452 562 1503 acceptum
578 1449 779 1489 nuncium
794 1448 980 1490 uenienti
995 1449 1200 1490 sociorum
1225 1449 1358 1500 classi,
1381 1463 1581 1504 supresso
1604 1449 1787 1491 auctoris

345 1507 568 1557 uocabulo,
595 1509 600 1556 Ι
628 1505 886 1561 publicauit,
917 1505 1135 1562 prefatus,
1177 1511 1278 1548 tunc
1309 1521 1332 1548 a
1363 1521 1408 1548 se
1449 1507 1594 1549 domos
1637 1508 1785 1562 repeti,

345 1578 437 1605 cum
472 1564 645 1605 classem
680 1564 797 1605 exeri
841 1564 978 1605 sacius
1010 1563 1131 1605 foret.
1192 1564 1359 1619 Ignaris
1391 1565 1567 1616 cunctis,
1602 1579 1784 1621 quonam

344 1621 385 1662 id
418 1625 587 1663 auctore
610 1626 873 1677 compertum
895 1622 1082 1677 haberet,
1104 1626 1351 1677 tantamque
1374 1623 1463 1664 eius
1484 1624 1782 1678 prescienciam

345 1679 681 1732 ammirantibus,
714 1678 905 1720 bifariam
929 1679 1108 1734 opcione
1130 1679 1278 1735 diuisa,
1304 1680 1542 1723 deliberare
1561 1694 1633 1722 eos
1654 1681 1784 1733 iubet,

343 1741 466 1778 aucta
499 1738 632 1779 classe
666 1751 719 1778 an
752 1741 969 1778 contracto
993 1738 1182 1792 equitatu
1206 1743 1433 1779 uenturum
1458 1739 1616 1781 hostem
1649 1739 1784 1794 repel-

343 1794 430 1835 lere
462 1794 648 1836 mallent.
711 1794 835 1842 Quod
880 1795 912 1835 si
945 1802 1139 1836 neutrum
1174 1796 1368 1851 probent,
1401 1797 1467 1837 uel
1501 1797 1688 1837 littorum
1721 1798 1781 1838 in-

343 1851 469 1903 colas,
493 1866 576 1907 quo
599 1853 737 1893 minus
757 1857 1006 1908 pyratarum
1028 1853 1183 1894 seuicie
1206 1858 1393 1908 pateant,
1412 1855 1589 1909 propriis
1610 1854 1780 1907 relictis,

341 1909 574 1950 tucioribus
606 1911 735 1964 recipi
766 1910 865 1952 locis
906 1910 1093 1952 iubeant.
1154 1911 1290 1965 Igitur
1332 1919 1552 1966 magnates
1586 1912 1780 1954 concordi

342 1967 653 2008 sentenciarum
685 1972 815 2021 uoto,
848 1982 986 2023 neque
1017 1967 1217 2009 incertam
1251 1968 1432 2010 hostium
1465 1967 1782 2025 appulsionemll

341 2024 531 2090 equitatu
562 2026 757 2080 excipere
788 2032 1046 2080 promptum,
1078 2040 1215 2081 neque
1238 2027 1423 2067 littorale
1455 2027 1610 2081 uulgus
1641 2027 1726 2068 ad
1717 2042 1777 2068 m-

341 2082 498 2123 teriora
529 2083 700 2124 reiicere
732 2083 964 2138 speciosum
989 2084 1205 2138 ducentes,
1235 2085 1445 2126 naualiter
1470 2085 1780 2151 confligendum

342 2139 588 2181 decernunt.
635 2140 770 2195 Igitur
792 2142 996 2195 portubus
1022 2141 1216 2196 augende
1239 2142 1381 2184 classis
1404 2144 1546 2196 gracia
1577 2143 1779 2198 repetitis,

341 2198 537 2252 remiges,
568 2198 708 2239 uelata
739 2199 909 2253 nauigia
942 2199 1154 2241 dimittere
1176 2200 1288 2253 iussi,
1321 2201 1477 2254 passim
1500 2200 1552 2241 ad
1575 2200 1781 2255 petendos

341 2255 512 2297 alterius
546 2255 832 2311 expedicionis
864 2262 1124 2299 commeatus
1156 2256 1388 2299 discurrere
1421 2262 1635 2313 ceperunt.
1694 2258 1781 2299 Ab·

340 2313 460 2354 salon
492 2313 545 2354 ob
578 2314 778 2357 nonnulla
802 2315 980 2368 negocia
1003 2314 1278 2370 Roskyldiam
1310 2316 1602 2370 proficiscitur,
1642 2314 1775 2362 Quem

340 2370 437 2411 inde
485 2374 768 2437 reuertentem
815 2372 1048 2427 hybernum
1092 2372 1231 2413 subito
1273 2372 1405 2427 frigus
1439 2374 1626 2428 excepit,
1659 2374 1777 2414 cuius

340 2432 457 2468 tanta
488 2429 551 2470 uis
582 2428 672 2480 fuit,
705 2423 751 2469 ut
784 2430 914 2470 eciam
947 2443 1079 2485 aquas
1110 2434 1284 2484 repente
1318 2435 1534 2472 crustaret.
1597 2430 1776 2486 Cunque

341 2484 680 2528 Sialandensium
730 2484 980 2542 populares,
1045 2488 1271 2529 contractis
1322 2488 1554 2542 alimentis,
1606 2493 1778 2530 onustos

340 2544 642 2585 commeatibus
685 2558 827 2585 currus
871 2545 1041 2601 nauigia
1087 2546 1318 2600 repetendo
1367 2545 1612 2599 ductarent,
1660 2550 1776 2587 tanta

338 2599 525 2653 glacialis
564 2601 641 2643 luti
685 2602 819 2643 moles
860 2608 1047 2644 rotarum
1089 2603 1212 2644 orbes
1249 2603 1480 2657 implicuit,
1524 2608 1570 2644 ut
1606 2617 1778 2657 prorsus

1842 1520 1868 1543 Ῐ).
