1884 3126
281 213 335 256 82
855 239 908 244 —-
968 212 1036 256 ΙΙΙ
1096 238 1149 244 —--

281 340 380 382 diris
414 338 667 381 carminibus
711 338 1036 394 obsignauisset,
1078 340 1234 396 nauigii
1271 340 1364 382 loco
1396 342 1598 390 uteretur,
1639 352 1717 380 nec

281 412 331 440 eo
364 398 534 452 segnius
565 411 693 452 quam
723 398 898 452 remigio
941 399 1126 453 preiecta
1155 411 1357 454 aquarum
1399 397 1617 439 obstacula
1648 410 1717 438 su-

280 460 461 511 peraret.

418 513 476 554 At
508 511 701 566 Othinus,
740 513 999 567 recuperatis
1045 512 1275 554 diuinitatis
1306 512 1552 567 insignibus,
1597 515 1714 552 tanto

280 571 487 626 opinionis
519 569 683 624 fulgore
716 571 874 611 cunctis
906 575 1112 612 terrarum
1138 571 1327 626 partibus
1358 567 1639 622 enitebat[ur],
1670 572 1716 609 ut

280 643 375 669 01111]
407 627 581 683 perinde
613 641 661 668 ac
688 627 897 669 redditum
931 628 1087 669 mundo
1109 628 1251 669 lumen
1284 641 1427 669 omnes
1458 632 1607 681 gentes
1630 640 1714 666 am-

217 692 220 696 '
277 686 583 741 plecterentur,
623 699 699 726 nec
732 685 840 726 ullus
872 686 983 727 orbis
1025 685 1141 727 locus
1180 690 1369 737 extaret,
1413 686 1483 740 qui
1536 683 1714 725 numinis

150 874 244 901 r10

206 1160 242 1188 15

205 1450 241 1478 20

202 2024 238 2050 30

201 2313 237 2339 35

203 2601 239 2628 40

278 744 366 785 eius
397 743 590 798 potencie
622 758 705 784 non
737 749 918 798 pareret.
982 743 1062 791 Qui
1109 758 1203 785 cum
1235 743 1364 784 filium
1396 743 1547 794 Eoum,
1592 755 1714 797 quem

279 816 333 844 ex
365 801 504 842 Rinda
535 800 775 852 sustulerat,
810 801 943 842 bellici
977 801 1132 842 laboris
1162 801 1394 842 studiosum
1426 802 1712 855 cognosceret,

274 859 524 900 accersitum
556 858 741 899 fraterne
777 858 903 899 cladis
944 873 1175 900 memorem
1207 872 1298 900 esse
1338 858 1467 909 iubet,
1511 858 1658 913 pocius
1690 870 1714 897 a

276 916 447 958 Balderi
477 916 817 957 interfectoribus
861 917 1070 957 ulcionem
1111 921 1377 968 exacturum,
1419 930 1544 970 quam
1590 914 1714 955 armis

274 975 470 1015 innoxios
517 987 829 1029 oppressurum,
878 974 988 1028 quod
1039 975 1182 1027 apcior
1228 988 1276 1015 ac
1318 974 1524 1015 salubrior
1573 985 1715 1027 pugna

277 1035 549 1087 competeret,
588 1031 660 1072 ubi
699 1032 815 1086 pium
860 1031 958 1073 belli
998 1032 1137 1072 locum
1167 1032 1278 1073 iusta
1319 1031 1503 1072 uindicte
1543 1029 1715 1071 licencia

275 1090 505 1131 tribuisset.

412 1147 580 1188 Interea
615 1146 810 1187 Geuarus
833 1145 1049 1188 Gunnonis
1082 1150 1249 1201 satrape
1273 1147 1337 1188 sui
1369 1145 1463 1190 dolo
1488 1144 1712 1187 nunciatur

277 1219 518 1270 oppressus.
558 1203 687 1245 Cuius
720 1204 883 1245 cladem
906 1203 1125 1245 Hotherus
1159 1204 1371 1245 acerrimis
1404 1202 1581 1245 ulcionis
1615 1202 1713 1242 uiri-

274 1263 353 1304 bus
400 1263 714 1327 insequutrirus,
760 1261 1040 1326 interceptum
1072 1261 1326 1303 Gunnonem
1377 1266 1504 1315 atque
1550 1259 1710 1301 ardenti

273 1334 378 1375 pyre
409 1320 607 1360 iniectum
635 1319 849 1371 cremauit,
882 1319 995 1384 quod
1026 1319 1117 1374 ipse
1142 1319 1355 1361 Geuarum
1376 1324 1473 1361 ante
1507 1332 1582 1372 per
1614 1317 1710 1358 insi-

274 1378 363 1419 dias
396 1382 651 1431 occupatum
692 1381 897 1419 nocturno
930 1378 1075 1418 uiuum
1117 1377 1202 1431 igni
1234 1380 1568 1432 consumpserat.
1629 1375 1709 1415 Ta-

271 1435 366 1476 11101·
399 1435 635 1476 educatoris
668 1435 861 1475 manibus
894 1435 1170 1490 parentando,
1214 1435 1320 1476 filios
1352 1434 1525 1476 demum
1555 1433 1708 1474 Herle-

272 1498 362 1535 tum
397 1493 674 1547 Geritumque
705 1491 923 1547 Noruagie
955 1492 1138 1547 pretulit.

409 1550 515 1591 Post
546 1549 622 1592 hec
652 1551 812 1591 uocatis
843 1550 882 1590 in
918 1550 1161 1592 concionem
1193 1549 1436 1601 maioribus,
1467 1548 1592 1601 bello,
1625 1562 1708 1603 quo

272 1608 412 1650 Boum
445 1608 640 1662 excipere
670 1606 879 1661 debea<t>,
921 1609 1154 1663 ρο1··1111111111
1201 1622 1245 1648 00
1277 1607 1417 1661 ie·,fe1t
1459 1606 1585 1660 idque
1626 1619 1708 1647 non

272 1665 407 1706 dubiis
452 1667 690 1707 coniecture
729 1666 878 1718 modis,
923 1665 995 1707 sed
1041 1666 1151 1707 ueris
1192 1670 1337 1706 uatum
1374 1640 1708 1720 piediccionibus

224 1741 238 1765 ·‚
272 1728 508 1778 expertum.
583 1723 688 1764 Orat
734 1723 938 1778 proinde,
984 1723 1117 1764 filium
1163 1737 1285 1764 suum
1329 1722 1528 1764 Roricum
1576 1734 1707 1775 regno

271 1781 514 1836 preficiant,
559 1795 612 1822 ne
660 1781 723 1822 ius
758 1781 837 1822 hoc
877 1783 929 1822 ad
973 1786 1191 1832 externas,
1235 1781 1489 1836 ignotasque
1530 1778 1709 1819 familias

270 1839 558 1894 improborum
590 1853 765 1880 censura
796 1838 1125 1890 transfunderet,
1169 1839 1261 1894 plus
1294 1837 1526 1892 uoluptatis
1567 1850 1611 1877 se
1656 1851 1709 1877 ex

270 1897 343 1937 filii
385 1897 664 1948 successione,
707 1910 831 1951 quam
873 1896 1161 1938 amaritudinis
1204 1911 1257 1937 ex
1295 1896 1532 1951 propinqua
1574 1899 1708 1935 morte

270 1959 568 2009 percepturum
603 1959 795 1996 testatus.
858 1954 952 2002 Quo
997 1954 1111 1996 ocius
1143 1954 1380 2008 impet-rato,
1421 1951 1575 2007 pulgna
1615 1965 1708 1992 curn

270 2011 362 2053 Boo
397 2025 649 2066 congressus
682 2012 895 2053 occiditur.
942 2011 1031 2053 Nec
1061 2012 1241 2054 iocunda
1269 2011 1361 2052 Boo
1395 2011 1570 2051 uictoria
1602 2010 1710 2051 exti-

271 2069 333 2112 tit.
397 2069 563 2125 Quippe
594 2075 679 2111 tam
710 2069 896 2124 grauiter
927 2070 1102 2111 affectus
1143 2069 1231 2111 acie
1264 2068 1467 2119 excessit,
1498 2072 1558 2120 ut,
1590 2071 1709 2109 scuto

271 2132 474 2183 exceptus
518 2133 645 2183 atque
678 2142 702 2168 a
742 2127 951 2183 peditibus
992 2127 1172 2169 uicissim
1217 2125 1496 2168 subeuntibus
1539 2100 1710 2166 domum

270 2185 440 2235 lelatus,
479 2185 681 2240 postridie
722 2186 943 2226 uulnerum
986 2184 1127 2227 dolore
1170 2189 1500 2226 consumeretur.
1581 2182 1711 2224 Cuius

272 2241 449 2298 corpus*
503 2243 725 2298 magnifico
771 2243 928 2284 funeiis
977 2247 1184 2298 apparatu
1231 2243 1424 2285 Rutenus
1475 2240 1701 2283 tumulauit

271 2301 478 2342 exercitus
510 2301 678 2342 nomine
717 2300 804 2342 eius
835 2302 1040 2356 insignem
1074 2306 1273 2343 extruens
1306 2302 1477 2367 collem,
1521 2314 1572 2341 ne
1606 2297 1711 2339 tanti

270 2358 434 2399 iuuenis
475 2363 745 2400 monumenta
784 2374 808 2400 a
839 2363 1107 2414 posterorum
1148 2359 1347 2401 memoria
1388 2359 1516 2400 cicius
1557 2356 1712 2398 dilabe-

271 2420 430 2458 rentur.

407 2473 542 2528 Igitur
566 2473 742 2515 Curetes
773 2489 822 2516 ac
845 2474 1047 2525 Sueones,
1085 2473 1259 2530 perinde
1290 2488 1339 2515 ac
1361 2474 1543 2516 Hotheri
1575 2476 1711 2514 morte

271 2530 492 2573 tributarie
523 2532 648 2573 sortis
671 2545 798 2573 onere
820 2532 995 2585 liberati,
1029 2532 1225 2584 Damam,
1257 2546 1383 2587 quam
1405 2532 1555 2573 annuis
1579 2531 1706 2572 uecti-

269 2589 424 2642 galium
457 2589 671 2646 obsequiis
703 2590 898 2646 amplecti
921 2589 1125 2641 solebant,
1158 2590 1281 2632 armis
1315 2589 1488 2645 aggredi
1521 2590 1704 2632 animum

1762 1973 1789 1998 p.
1815 1965 1865 1991 132

1745 2253 1871 2283 XXVI·
