1884 3126
241 900 276 926 10

243 1188 277 1213 15

241 1474 279 1502 20

242 1759 279 1786 25

243 2047 280 2075 30

245 2335 281 2362 35

315 247 396 286 382
880 235 1171 277 —XI‘

310 369 552 410 munionem
581 363 828 418 spondente,
859 362 1014 403 reuerti
1046 361 1245 413 monitus,
1277 360 1428 415 spretis
1452 359 1745 401 mandatorum

310 424 542 487 blandiciis,
574 422 762 463 suetiam
786 419 800 472 Η
823 418 1084 473 fugibundus
1116 419 1300 469 intrauit,
1334 431 1537 472 perquam
1568 419 1744 458 stultum

310 488 445 531 ratus,
488 481 575 520 eius
608 493 653 518 se
684 477 922 541 promissis,
961 476 1138 517 infracta
1168 476 1363 525 fortuna,
1397 474 1581 529 credere,
1614 475 1743 526 cuius,

310 538 456 580 eadem
477 536 615 576 adhuc
636 536 818 588 uigente,
846 535 979 574 minas
1002 534 1224 588 acceperit.
1276 533 1391 582 Mox,
1422 533 1595 587 perinde
1617 538 1743 588 atque

307 595 548 636 iniuriarum
582 593 750 645 oblitus,
783 592 946 632 intactis
980 592 1112 647 patrie
1145 591 1292 642 rebus,
1336 590 1489 632 bellum
1521 590 1741 632 aduersum

310 652 573 703 Orientales,
635 651 810 691 uiuente
861 656 979 704 patre
1030 653 1221 703 ceptum,
1284 648 1411 689 enixe
1461 649 1743 704 prosequitur.

310 709 546 761 Haraldus,
591 708 733 748 habito
777 707 817 748 in
861 712 955 748 octo
999 707 1085 748 dies
1127 706 1325 758 concilio,
1372 706 1483 760 quod
1531 706 1745 761 promissis

309 768 554 820 complexus
584 765 743 817 fuerat,
782 765 905 806 rebus
942 765 1134 819 prosequi
1167 765 1364 815 monitus,
1396 770 1442 805 ut
1473 765 1590 818 regia
1621 765 1745 805 maie-

308 830 416 866 state
459 823 704 879 popularem
745 821 982 874 excoleret,
1027 823 1066 863 in
1099 821 1240 875 primis
1273 822 1498 863 aduersum
1538 836 1745 877 prouoca-

307 884 469 924 cionem
491 880 766 935 restipulandi
791 881 853 920 ius
877 880 1017 931 edidit,
1051 881 1294 934 prioresque
1327 879 1583 922 defensionis
1604 886 1745 935 partes

310 954 432 994 quam
466 939 749 980 aceusacionis
782 935 1082 979 inssstrumenta
1125 938 1354 979 constituit.
1417 938 1508 979 Reo
1542 938 1744 992 siquidem

309 999 462 1038 actoris
485 998 548 1038 ius
570 997 609 1036 in
634 996 863 1037 refellenda
887 996 1158 1036 accusacione
1180 996 1400 1049 concessit,
1419 1010 1545 1050 quam
1570 995 1575 1047 Ι
1606 1000 1745 1047 antea,

309 1056 478 1096 testium
511 1054 594 1095 fide
626 1054 869 1105 subnixam,
914 1053 1166 1094 defensionis
1213 1052 1393 1107 presidio
1426 1053 1630 1108 repellere
1661 1067 1743 1094 non

308 1113 473 1154 licebat.
516 1112 638 1159 Quod
672 1113 735 1152 ius
768 1113 1046 1164 usui-pacione
1069 1111 1276 1151 firmatum
1311 1115 1357 1151 ut
1387 1111 1592 1152 familiare
1624 1111 1744 1152 liber-

309 1171 405 1222 tati,
449 1171 505 1209 ita
544 1170 735 1223 religioni
767 1168 1012 1222 pestiferum
1047 1170 1197 1211 euasit.
1259 1169 1358 1222 Ipsa
1389 1183 1572 1224 namque
1605 1169 1745 1210 defen-

311 1227 435 1268 dendi
467 1232 665 1282 potestas,
700 1241 781 1267 non
818 1241 1052 1277 armorum,
1091 1241 1171 1267 non
1206 1226 1375 1267 testium
1407 1241 1509 1280 usu,
1550 1227 1622 1267 sed
1655 1227 1745 1268 sola

311 1285 557 1326 sacramenti
589 1285 671 1326 fide
702 1284 905 1337 subnixa,
940 1285 1161 1326 multorum
1194 1289 1368 1326 conatus
1402 1290 1597 1326 uotorum
1629 1285 1743 1339 cupi-

311 1344 441 1383 ditate
483 1342 666 1397 periurio
708 1342 884 1397 polluit,
926 1342 998 1383 sed
1042 1347 1082 1383 et
1112 1342 1298 1382 funditus
1342 1342 1613 1396 singularium
1647 1357 1743 1382 con-

310 1401 571 1455 gressionum
604 1414 723 1441 usum
759 1400 921 1442 euertit.
968 1400 1155 1441 Posteris
1187 1414 1369 1455 namque
1399 1408 1616 1456 susceptas
1649 1415 1746 1441 cau-

310 1473 448 1499 sarum
472 1458 779 1499 controuersias
811 1458 946 1498 sacius
978 1458 1245 1499 iureiurando
1279 1460 1416 1499 uisum
1451 1463 1513 1499 est
1545 1458 1744 1512 expedire

311 1530 435 1571 quam
478 1515 601 1557 ferro.
662 1515 820 1556 Verum
863 1516 1040 1556 alterum
1088 1516 1301 1569 religionis
1345 1516 1521 1569 intuitu,
1565 1517 1744 1557 alterum

312 1573 456 1615 salutis
488 1577 682 1628 respectu
713 1573 1001 1627 periculosius.
1061 1572 1194 1620 Quem
1231 1588 1389 1614 morem
1422 1574 1529 1615 Dani
1562 1574 1744 1629 pertina-

311 1631 414 1672 citer
455 1634 663 1672 retentum
698 1631 747 1671 ad
783 1631 857 1672 hoc
891 1646 1023 1686 usque
1068 1637 1233 1686 tempus
1275 1633 1482 1673 obstinate
1525 1635 1743 1686 usurpant,

311 1688 419 1729 adeo
450 1695 496 1729 ut
531 1690 617 1730 uita
648 1689 779 1742 magis
821 1703 945 1743 quam
978 1700 1027 1730 eo
1062 1703 1202 1730 carere
1243 1690 1437 1745 cupiant,
1479 1690 1744 1743 salutemque

310 1760 426 1787 suam
459 1760 535 1801 pro
568 1745 696 1800 ipsius
729 1747 1031 1789 obseruacione
1065 1747 1316 1790 deuoueant.
1378 1747 1592 1789 Haraldus
1628 1761 1744 1800 uero,

313 1804 412 1845 solis
443 1817 655 1845 sacrorum
687 1804 832 1845 officiis
865 1803 1043 1856 deditus,
1074 1805 1253 1846 latarum
1287 1820 1310 1845 a
1341 1821 1386 1847 se
1418 1805 1559 1870 legum
1591 1805 1744 1846 seueri-

312 1866 399 1903 tate
430 1862 643 1916 neglecta,
686 1863 909 1916 impunitas
954 1863 1137 1903 omnium
1173 1877 1305 1904 noxas
1339 1864 1479 1905 enerui
1513 1863 1652 1929 legum
1684 1863 1743 1903 in-

313 1919 538 1974 dulgencia
584 1921 834 1973 preteribit,
881 1921 1103 1975 omniaque
1150 1922 1296 1962 statuti
1340 1922 1440 1962 iuris
1487 1921 1745 1962 munimenta

1801 429 1878 460 (214

1785 945 1884 973 cxli:

1802 1014 1826 1038 p.
1849 1007 1880 1033 ‚⁷37

313 1977 777 2043 conuulsit,igna1us,
820 1978 911 2032 plus
943 1977 1022 2019 deo
1054 1984 1273 2032 synceram
1306 1980 1424 2034 regni
1471 1979 1743 2020 amministra-
1780 2024 1785 2028 ι

310 2035 473 2077 cionem
505 2010 629 2090 quam
661 2035 801 2076 inania
846 2036 1159 2090 supersticionis
1201 2042 1410 2078 momenta
1449 2037 1639 2091 placere,
1680 2050 1743 2076 se-

311 2106 542 2147 uerumque
582 2092 745 2134 iusticie
786 2093 944 2134 cultum
985 2107 1249 2148 superuacua
1284 2109 1452 2149 precum
1495 2094 1742 2135 adulacione

311 2150 542 2204 graciorem
589 2150 789 2202 existere;
838 2155 1030 2205 preterea
1074 2151 1262 2192 diuinum
1307 2152 1468 2206 plenius
1520 2150 1742 2207 propiciari

311 2222 490 2256 numen,
533 2207 603 2248 ubi
641 2207 730 2248 iura
773 2222 897 2262 quam
939 2208 1062 2249 thura
1092 2213 1367 2264 promuntur,
1408 2209 1503 2264 plus
1535 2210 1740 2250 scelerum

313 2279 438 2320 quam
469 2271 688 2320 pectorum
714 2265 718 2316 Ι
749 2266 1035 2308 contusionem
1067 2267 1258 2320 probare,
1289 2267 1490 2308 libencius
1527 2267 1743 2307 criminum

314 2337 438 2378 quam
470 2336 655 2377 genuum
686 2323 820 2364 flexus
853 2323 1058 2379 aspicere,
1099 2324 1339 2379 nullamque
1370 2325 1579 2366 uictimam
1611 2323 1744 2365 uindi-

314 2385 405 2422 cate
435 2394 668 2436 pauperum
700 2380 884 2422 libertati
915 2381 1110 2435 preferre.
1169 2382 1420 2436 Quanquam
1453 2383 1560 2423 enim
1593 2395 1743 2436 regum

316 2438 512 2479 maiestas
543 2438 622 2479 rite
651 2438 843 2492 religioni
885 2439 1102 2480 intendere
1145 2439 1316 2490 debeat,
1354 2440 1569 2494 aliquanto
1602 2443 1740 2479 tamen

315 2496 544 2549 speciosius
575 2494 787 2537 interdum
826 2496 1051 2537 tribunalia
1081 2511 1206 2551 quam
1238 2510 1330 2538 aras
1363 2498 1556 2539 excolere
1587 2501 1740 2551 potest.

314 2552 393 2593 His
424 2553 607 2607 omissis,
647 2567 745 2606 rex,
784 2553 873 2594 sola
904 2567 1117 2595 sacrorum
1149 2554 1321 2596 caritate
1354 2555 1624 2609 conspicuus,
1668 2553 1741 2594 ini-

249 2622 284 2648 40
314 2609 533 2664 quissimos
551 2616 667 2652 actus
684 2610 854 2666 profusa
878 2611 1003 2652 animi
1024 2612 1252 2653 tolerancia
1275 2612 1520 2666 sustinebat,
1542 2612 1741 2668 pauciora
