1884 3126
66 932 101 959 10

70 1220 102 1246 15

61 1513 98 1540 ‘20

62 1802 98 1828 25

64 2094 101 2122 30

64 2384 101 2410 35

687 288 740 293 —
801 261 916 304 XIII
978 287 1029 292 —
1506 265 1589 306 413

136 392 314 446 bantur,
362 405 439 434 nec
487 404 707 434 recursum
753 391 924 446 segnius
971 405 1099 447 quam
1145 391 1349 446 impetum
1397 391 1592 442 edebant,

137 454 486 507 nostrorumque,
529 450 688 491 maiore
729 449 841 490 mole
887 463 1015 505 quam
1054 450 1305 503 pernicitate
1348 450 1429 492 sibi
1459 451 1593 492 immi-

135 509 340 560 nencium‚
373 523 428 550 ex
460 508 643 549 aduerso
669 521 944 562 congressum
967 508 1168 557 uitantes,
1200 509 1367 549 reiectis
1401 509 1591 563 habenis,

138 567 342 608 aduersos
385 566 660 622 premebant,
703 565 935 607 terribilem
977 565 1089 607 bello
1124 566 1328 608 uirtutem
1367 567 1514 609 furtim
1549 574 1591 611 et

136 625 256 679 quasi
287 625 533 666 insidiarum
567 623 796 665 latrociniis
829 627 1105 666 attentantes
1167 624 1234 665 Ita
1266 625 1412 666 laxata
1445 626 1592 668 debili-

135 687 308 739 tataque
341 684 556 725 Danorum
591 682 716 736 acies,
750 683 848 737 quia
881 696 970 723 rem
1003 682 1045 722 in
1069 682 1196 736 plano
1230 697 1379 738 parum
1412 683 1591 726 feliciter

135 745 337 796 gesserat,
383 742 509 782 uicini
552 741 706 782 montis
749 739 913 781 editum
955 741 1202 795 occupauit,
1246 741 1422 782 salutem
1458 758 1590 793 suam,

136 814 261 855 quam
295 800 421 841 armis
453 800 564 840 tueri
598 797 818 854 nequibat,
862 798 944 839 loci
977 798 1161 853 presidio
1195 799 1357 840 munire
1400 802 1589 856 cupiens,

136 872 272 914 eoque
304 859 464 913 potita,
495 857 666 899 uerticis
711 856 919 898 beneficio
964 856 1201 898 subiectum
1246 857 1410 899 hostem
1443 873 1590 901 secura

134 917 370 972 conspexit.
432 916 515 957 Die
545 920 741 971 postera,
774 930 827 956 ne
860 915 942 956 loci
974 929 1100 970 quam
1144 915 1230 956 suis
1265 916 1423 958 uiribus
1457 919 1589 960 muni-

135 975 218 1017 cior
250 974 493 1027 uideretur,
535 974 764 1028 ancipitem
807 973 943 1028 campi
984 975 1202 1014 fortunam
1234 978 1428 1028 repetere
1463 990 1587 1031 quam

134 1038 250 1076 certo
285 1033 497 1073 moncium
529 1036 768 1073 tutamento
801 1031 990 1086 gaudere
1031 1031 1194 1072 maluit.
1258 1031 1340 1073 Sed
1384 1036 1587 1092 equestris

133 1091 288 1132 milicie
320 1091 511 1146 spiritum
555 1090 763 1145 pedestris
802 1090 912 1131 ferre
953 1104 1038 1130 non
1081 1089 1231 1144 potuit.
1295 1090 1389 1139 Quo
1432 1093 1587 1147 euenit,

134 1153 205 1202 ut,
245 1149 448 1190 amissum
490 1162 632 1204 pugne
675 1148 803 1190 decus
852 1162 1107 1203 recuperare
1154 1148 1359 1200 nitentes,
1410 1151 1588 1205 pristine

133 1207 261 1248 cladis
293 1207 571 1261 ignominiam
603 1211 776 1262 postera
798 1206 1096 1248 cumularent.
1158 1205 1445 1262 Crediderim,
1481 1209 1588 1251 hanc

133 1279 274 1332 pugne
305 1265 519 1306 fortunam
554 1264 606 1305 ab
628 1265 1007 1305 instrumentorum
1029 1264 1164 1318 magis
1196 1279 1321 1320 quam
1347 1266 1585 1308 animorum

131 1323 275 1390 inopia
318 1322 574 1379 profectam,
619 1323 740 1377 quia,
786 1322 884 1363 dum
926 1322 1188 1364 fortitudinis
1232 1324 1403 1379 spiritus
1435 1339 1585 1380 parum

132 1383 297 1423 curiose
337 1382 475 1437 prima
516 1381 669 1422 milicie
710 1381 934 1422 commoda
975 1382 1282 1436 circunspexit,
1315 1397 1398 1423 non
1436 1390 1585 1432 metus,

131 1440 204 1481 sed
252 1439 408 1482 inercie
453 1448 585 1495 penas
632 1438 859 1494 pependit,
912 1453 1074 1494 suaque
1120 1440 1268 1495 pocius
1317 1441 1583 1495 negligencia

130 1512 256 1553 quam
288 1498 434 1539 alienis
468 1497 629 1539 uiribus
663 1497 933 1552 proculcatus
980 1497 1194 1540 occubuit.
1258 1498 1497 1547 Haraldus,
1540 1515 1584 1541 re

129 1556 297 1597 fortiter
327 1560 461 1610 gesta,
494 1555 600 1598 adeo
633 1555 820 1609 grauiter
847 1555 1022 1597 aflectus
1044 1556 1251 1610 proditur,
1284 1561 1341 1609 ut,
1364 1557 1586 1611 gradiendi

130 1615 251 1669 inops
293 1615 531 1669 clypeoque
569 1628 594 1656 a
635 1614 720 1655 suis
761 1619 991 1668 exceptus,
1030 1614 1176 1656 alienis
1210 1615 1402 1656 manibus
1446 1620 1584 1658 castra

132 1676 395 1727 sequeretur.
445 1672 644 1713 Kanutus
673 1685 859 1727 quoque,
892 1686 968 1727 per
990 1686 1195 1713 summam
1221 1673 1443 1715 uulnerum
1476 1689 1590 1715 acer-

133 1730 307 1771 bitatem
349 1730 505 1785 pedum
548 1730 748 1771 firmitate
791 1730 1003 1782 defectus,
1046 1731 1403 1786 promptissimam
1448 1733 1590 1774 militis

132 1788 256 1829 fidem
290 1791 506 1844 experitus
540 1792 616 1830 est
681 1787 776 1841 Qui,
809 1802 863 1829 ne
898 1788 1092 1829 dominus
1125 1789 1178 1830 ab
1208 1790 1330 1831 hoste
1362 1791 1586 1847 intercipe-

132 1851 260 1897 retur,
292 1846 528 1902 periculum
561 1847 656 1888 eius
689 1860 766 1887 suo
800 1846 1010 1889 discutere
1043 1861 1126 1888 non
1162 1847 1386 1889 dubitauit.
1457 1849 1590 1890 Sociis

132 1918 316 1960 namque
339 1905 391 1946 de
415 1905 625 1946 industria
650 1903 832 1969 fuger'e
823 1905 961 1958 iussis,
989 1905 1080 1959 ipse
1103 1906 1290 1961 corporis
1314 1906 1588 1948 simulacione

134 1977 302 2004 cursum
335 1963 495 2005 leucius
528 1977 673 2017 agens,
707 1963 940 2004 imminenti
972 1963 1220 2005 sibiSclauo
1255 1979 1404 2006 manus
1436 1966 1590 2007 obtulit

133 2021 405 2072 uinciendas,
440 2021 714 2076 eiusdemque
745 2021 919 2076 propius
959 2021 1242 2076 obequitantis
1274 2022 1461 2064 habenas
1499 2038 1588 2065 cor-

131 2079 301 2134 ripiens,
336 2080 424 2120 lata
455 2093 479 2120 a
510 2079 634 2120 sociis
671 2092 778 2134 ope,
813 2092 922 2133 equo
956 2079 1180 2121 barbarum
1215 2081 1427 2136 spoliauit.
1491 2082 1585 2130 Quo

134 2138 309 2193 potitus,
341 2137 533 2192 protinus
560 2150 608 2178 eo
633 2151 838 2177 summam
864 2136 1024 2179 Kanuti
1048 2138 1382 2180 imbecillitatem
1409 2140 1585 2182 adiuuit.

135 2195 274 2250 Igitur
313 2202 359 2236 ut
402 2195 574 2249 callide,
618 2194 676 2235 ita
718 2195 956 2249 periculose
1002 2195 1259 2238 fortitudinis
1301 2196 1403 2239 felix
1448 2199 1586 2240 exitus

137 2252 230 2295 fuit.
294 2253 515 2295 Subeunte
539 2252 783 2308 crepusculo
806 2253 951 2298 nostri„
983 2253 1198 2296 infelicem
1220 2269 1360 2310 pugne
1384 2261 1586 2297 euentum

137 2311 287 2365 sortiti,
321 2312 517 2367 reliquias
549 2325 646 2353 suas
680 2311 803 2351 unico
836 2312 1009 2366 repetiti
1051 2313 1219 2354 uerticis
1251 2312 1461 2368 presidio*
1493 2320 1584 2356 tue-

134 2369 301 2410 bantur.
365 2368 468 2410 Cibo
502 2383 671 2425 quoque
713 2373 754 2409 et
785 2369 964 2423 pocione
998 2369 1186 2412 defectos
1218 2377 1362 2425 preter
1402 2372 1584 2415 uulnera

134 2441 182 2468 ac
200 2428 505 2468 lassitudinem
538 2428 668 2469 eciam
693 2426 1021 2468 alimentorum
1014 2429 1154 2482 inopia
1178 2429 1405 2472 laem-‚abat
1447 2430 1586 2484 Igitur

134 2484 186 2526 ad
220 2486 408 2527 ultimam
443 2499 552 2541 pene
584 2485 726 2527 tabem
761 2484 933 2538 redacti,
966 2500 1061 2527 cum
1099 2491 1138 2527 et
1169 2487 1356 2541 pericula
1397 2488 1586 2544 undique

136 2549 177 2584 et
200 2558 409 2598 nusquam
434 2543 592 2584 auxilia
620 2543 991 2596 circunspicerent,
1022 2544 1203 2599 (quippe
1227 2549 1270 2586 et
1292 2545 1586 2588 Scaniensium

134 2606 392 2656 tempestate
434 2601 703 2642 detinebatur
744 2600 967 2651 aduentus,
1012 2607 1053 2643 et
1092 2602 1264 2657 Elinus,
1306 2604 1487 2658 pecunia
1530 2605 1584 2646 ab

67 2673 103 2701 40
134 2658 322 2701 Henrico
357 2665 590 2715 corruptus,
622 2657 788 2700 1eddita
819 2659 1029 2702 tarditatis
1051 2662 1233 2714 racione,
1266 2661 1410 2717 copias
1432 2662 1585 2706 ducere

1605 2327 1769 2356 cxxilh
