1884 3126
154 899 187 927 10

158 1190 189 1217 15

152 1481 188 1508 ‘20

153 1773 190 1801 ‘25

153 2063 190 2092 30

154 2356 191 2383 35

155 2650 168 2679 ἃ
174 2650 192 2675 0

787 251 837 258 —
899 229 994 272 IIII
1057 254 1105 259 ν-
1589 236 1668 278 119

222 359 541 414 Gunholmum‚
584 371 765 416 quorum
808 361 929 413 pater
960 358 1053 415 Fyn
1087 360 1251 415 extitit,
1296 362 1349 404 ob
1382 377 1448 405 res
1489 362 1543 405 ab
1574 364 1675 420 ipsis

220 419 413 476 preclare
455 418 591 461 editas
630 418 673 459 in
713 415 1198 473 societatemladsciuit.
1263 420 1450 469 Quorum
1496 422 1672 477 collegio

221 480 377 530 fretus,
420 476 556 531 fedus,
591 475 706 532 quod
747 490 839 517 cum
873 475 1006 518 Danis
1047 481 1332 532 contraxerat,
1364 479 1476 521 ferro
1510 480 1674 523 disiicit.

221 536 352 578 Cuius
385 535 568 591 irrupcio
592 534 674 577 hoc
695 534 901 588 nociuior,
934 548 1017 590 quo
1040 535 1231 578 fallacior
1251 537 1343 580 fuit.
1390 537 1540 594 Neque
1563 539 1674 580 enim

220 595 333 636 Dani
365 598 450 635 tam
483 598 661 650 repente
693 607 790 635 eum
823 607 876 634 ex
899 593 1035 635 amico
1069 593 1237 636 hostem
1270 610 1494 638 euasurum
1529 596 1672 638 crede-

222 653 336 695 bant.
398 651 522 694 Adeo
554 651 689 694 facilis
721 651 988 707 quorundam
1022 666 1075 693 ex
1105 655 1249 707 gracia
1281 653 1334 695 ad
1366 653 1508 696 odium
1542 659 1675 697 trans-

220 713 304 753 itus
343 711 525 753 existere
558 710 795 752 consueuit.
841 709 1103 752 Crediderim
1143 712 1275 754 nostri
1307 713 1511 768 temporis
1533 727 1672 755 mores

220 770 345 812 huius
377 770 458 811 uiri
489 770 689 825 auspiciis
721 768 969 823 inchoatos,
1002 769 1073 824 qui
1105 771 1272 812 mentiri
1305 784 1353 812 ac
1384 771 1531 812 fallere
1564 772 1673 813 inter

221 829 330 871 uicia
359 827 591 883 sordesque
623 842 705 870 non
739 827 946 869 ducimus.
1011 827 1149 876 Quem
1182 828 1434 881 Fridleuus,
1467 829 1674 871 australes

218 886 432 930 Sialandie
454 891 598 942 partes
622 886 833 937 adortum,
855 886 896 927 in
918 890 1059 941 portu,
1092 886 1160 941 qui
1183 891 1280 942 post
1303 887 1474 930 modum
1498 888 1586 929 eius
1609 892 1672 930 est

221 946 389 988 nomine
409 945 632 998 uocitatus,
649 945 781 1000 prelio
801 948 949 986 tentat.
981 944 1031 986 In
1049 958 1132 999 quo
1153 946 1206 987 ob
1223 945 1356 1000 glorie
1372 945 1675 988 emulacionem

221 1009 339 1046 tanta
361 1004 539 1045 militum
563 1000 826 1058 fortitudillne
849 1017 1099 1045 concursum
1122 1008 1198 1055 cst,
1229 1010 1291 1057 ut,
1322 1005 1547 1059 perpaucis
1569 1003 1675 1060 peri-

222 1063 361 1105 culum
378 1062 480 1116 fuga
500 1061 745 1116 uitantibus,
763 1061 887 1103 ambe
901 1062 1068 1116 penitus
1087 1062 1196 1103 acies
1211 1067 1581 1116 consumerentur,
1599 1076 1676 1104 nec

220 1122 261 1163 in
278 1125 441 1177 partem
460 1121 639 1162 uictoria
657 1120 877 1173 concessit,
896 1120 970 1161 ubi
985 1134 1060 1175 par
1072 1124 1272 1175 utrosque
1287 1121 1440 1162 uulnus
1458 1121 1675 1176 implicuit.

220 1179 344 1221 Adeo
369 1179 565 1221 omnibus
588 1179 722 1220 maior
744 1178 878 1233 glorie
901 1192 1026 1234 quam
1059 1179 1146 1230 uit-e
1171 1178 1378 1234 cupiditas
1399 1178 1492 1222 fuit.
1541 1178 1677 1233 Igitur

225 1239 297 1293 qui
328 1253 381 1280 cx
413 1237 640 1294 Huyrwilli
672 1238 840 1292 agmine
862 1236 1176 1292 superfuerant,
1219 1236 1428 1279 scruande
1459 1237 1674 1278 societatis

221 1297 365 1351 gracia
387 1302 517 1338 noctu
546 1295 689 1337 classis
712 1310 786 1337 sue
810 1295 1011 1350 reliquias
1034 1295 1191 1337 mutuis
1214 1295 1393 1337 nexibus
1427 1294 1676 1349 obligandas

220 1354 440 1397 curabant.
516 1353 680 1396 Eadem
726 1359 851 1396 nocte
898 1353 1055 1395 Bildusv
1102 1353 1383 1403 et-Broddo,
1429 1352 1671 1408 re<s>cissis,

220 1413 372 1468 quibus
415 1416 529 1455 rates
571 1412 797 1467 cohesere,
839 1411 1050 1464 funiculis,
1091 1413 1216 1453 tacite
1255 1426 1330 1453 sua
1371 1426 1395 1452 a
1439 1416 1676 1453 ceterorum

221 1472 447 1526 complexu
466 1471 641 1526 nauigia
673 1471 942 1522 submouere,
973 1470 1153 1512 fratrum
1187 1470 1432 1511 desercione
1463 1469 1678 1511 formidini

221 1530 516 1583 consulentes,
549 1530 770 1585 magisque
804 1529 967 1570 timoris
1001 1542 1127 1584 quam
1159 1529 1474 1579 consanguinee
1504 1524 1675 1582 pietatis

223 1588 420 1630 ductibus
464 1587 821 1644 obtemperantes
885 1587 1003 1628 Luce
1043 1586 1209 1628 reddita
1240 1586 1488 1638 Fridleuus,
1532 1585 1676 1641 Huyr-

222 1647 402 1699 willum,
446 1646 761 1696 Gunholmum,
801 1646 1028 1700 Bugonem
1071 1649 1112 1686 et
1151 1644 1418 1699 Fanningum
1464 1658 1517 1685 ex
1558 1647 1675 1685 tanta

221 1705 432 1747 sociorum
481 1704 600 1746 clade
648 1705 818 1746 relictos
852 1704 1130 1759 comperiens,
1180 1718 1288 1744 unus
1337 1717 1431 1743 cum
1479 1701 1673 1743 omnibus

222 1763 452 1806 decernere
486 1764 645 1816 statuit,
685 1777 740 1805 ne
772 1762 913 1804 lacere
945 1762 1159 1817 copiarum
1191 1761 1366 1816 reliquie
1413 1760 1551 1802 denuo
1594 1759 1675 1800 dis-

226 1821 382 1864 crimen
415 1821 557 1863 subire
589 1825 858 1877 cogerentur.
925 1819 1003 1861 Oui
1034 1825 1176 1874 preter
1220 1819 1389 1861 insitam
1422 1818 1561 1859 animo
1594 1817 1675 1859 for-

226 1879 476 1930 titudinem,
520 1880 655 1922 eciam
687 1878 971 1935 contemptrix
1013 1878 1111 1919 ferri
1143 1878 1287 1919 tunica
1318 1876 1515 1918 fiduciam
1556 1875 1674 1916 mini-

223 1938 400 1980 strabat.
462 1938 558 1979 Hac
590 1939 633 1979 in
665 1938 845 1993 publicis
879 1936 1142 1992 priuatisque
1175 1935 1435 1977 conflictibus
1470 1938 1674 1989 tanquam

224 2000 451 2039 seruatore
485 1996 632 2038 salutis
674 1997 791 2038 cultu
834 1994 1045 2037 utebatur.
1106 1993 1196 2036 Nec
1228 2007 1315 2034 rem
1357 1993 1513 2034 sorcius
1547 2005 1673 2047 quam

221 2055 465 2110 prosperius
526 2058 753 2108 executus,
817 2053 984 2095 felicem
1048 2066 1192 2107 pugne
1249 2056 1450 2093 euentum
1511 2049 1673 2101 habuit,

221 2112 429 2168 siquidem
462 2110 730 2169 Huyrwillo',
762 2112 944 2167 Bugone
979 2115 1019 2152 et
1051 2110 1269 2163 Fanningo
1302 2108 1525 2165 oppressis,
1559 2107 1674 2149 Gun-

222 2171 428 2225 holmum,
480 2170 634 2213 hostile
685 2170 842 2213 ferrum
895 2169 1150 2212 carminibus
1199 2167 1435 2210 obtundere
1487 2166 1671 2217 solitum,

222 2229 369 2271 crebro
404 2229 545 2284 capuli
575 2229 662 2271 ictu
696 2229 973 2271 exanimauit.
1034 2228 1145 2269 Dum
1179 2230 1318 2268 autem
1356 2225 1546 2267 mucroni
1586 2236 1671 2264 ma—

222 2302 323 2328 num
370 2286 563 2342 cupidius
597 2288 764 2341 inserit,
805 2288 908 2329 elisa
948 2300 1174 2328 neruorum
1217 2285 1353 2326 officia
1395 2283 1591 2324 reductos
1631 2281 1672 2321 in

225 2346 407 2400 palmam
431 2345 585 2399 digitos
612 2346 617 2397 Ι
647 2349 853 2402 perpetuo
879 2345 1098 2386 curuitatis
1121 2343 1290 2385 uinculo
1317 2342 1670 2397 perstrinxerunt.

222 2403 344 2446 Idem
378 2418 472 2445 cum
492 2403 742 2459 Duflynum,
775 2403 997 2459 Hybernie
1031 2402 1244 2457 oppidum,
1277 2399 1502 2450 obsideret,
1533 2411 1672 2438 muro-

222 2476 402 2517 rumque
433 2462 633 2504 firmitate
675 2461 1010 2517 expugnacionis
1042 2460 1288 2502 facultatem
1329 2457 1475 2512 negari
1508 2455 1672 2509 conspi-

224 2524 350 2573 ceret,
383 2519 646 2575 Hadingiani
667 2520 872 2562 acuminis
902 2519 1119 2573 ingenium
1153 2517 1371 2568 emulatus,
1404 2512 1674 2555 hirundinum

224 2578 299 2619 alis
331 2579 541 2619 inclusum
565 2578 706 2632 fungis
738 2579 878 2632 ignem
904 2577 1020 2630 affigi
1056 2575 1259 2630 precepit.
1317 2572 1478 2620 Quibus
1501 2570 1672 2625 propria

225 2636 518 2683 nidificacione
549 2636 741 2694 receptis,
773 2636 911 2678 subito
941 2635 1118 2677 flammis
1153 2637 1262 2674 tecta
1294 2632 1508 2672 luxerunt.
1556 2628 1671 2678 Quas

1731 441 1756 466 p.
1777 433 1826 460 179

1747 1013 1813 1048 (67)

1726 2356 1754 2381 p.
1776 2348 1826 2374 180
