1884 3126
85 912 120 938 10

82 1202 116 1228 15

79 2073 115 2099 30

79 2362 116 2389 35

723 220 777 277 ὲ
838 244 926 289 VII
985 272 1038 277 -
1525 255 1608 296 24⁷1

157 370 349 412 habitum
390 385 598 414 reuocare
642 377 844 421 conatus,
886 374 1007 429 dum,
1050 375 1161 417 bello
1203 378 1313 433 apud
1354 379 1607 423 Sialandiam

156 434 306 483 gesto,
329 429 566 483 Wesetum,
599 431 804 486 precipue
837 433 1045 487 opinionis
1077 434 1303 490 athletam,
1342 437 1381 477 in
1415 438 1503 480 acie
1537 454 1609 495 op-

157 491 332 541 pugnat,
369 487 589 530 occiditur.
651 489 744 537 Quo
780 489 870 531 uiso
903 491 1127 546 Gyuritha,
1160 507 1250 534 cum
1284 495 1416 550 prelio
1451 497 1502 537 ob
1537 498 1607 539 filii

156 546 376 587 caritatem
410 546 487 587 sub
522 547 630 588 uirili
662 547 812 589 habitu
842 548 1079 603 interesset,
1114 551 1313 596 eundemq
1348 553 1606 607 fugientibus

154 603 276 644 sociis
305 603 499 659 cupidius
532 604 816 657 dimicantem,
849 607 899 647 ad
933 607 1215 663 propinquum
1247 624 1392 651 nemus
1424 611 1606 654 humeris

155 661 467 717 deportandum
501 664 680 705 curauit.
741 664 774 704 A
813 665 932 705 cuius
966 665 1172 707 insectatu
1208 667 1428 721 plurimum
1463 670 1606 712 hostes

154 719 361 761 lassitudo
416 720 656 774 prohibuit3
710 736 888 777 quorum
937 723 1086 778 aliquis
1138 724 1414 780 dependentis
1465 729 1606 783 pigam

154 778 307 832 sagitta
349 779 539 821 confixit.
602 779 740 834 Igitur
775 779 988 822 Haraldus
1034 782 1127 836 plus
1174 783 1338 824 ruboris
1371 784 1446 826 sibi
1479 800 1603 841 quam

154 837 245 891 opis
279 842 471 879 materna
503 851 603 878 cura
636 838 810 880 allatuin
845 839 1116 881 existimauit.

294 894 375 943 Qui
423 909 518 936 cum
566 895 719 937 eximie
764 896 898 937 forme
957 898 1241 953 precipueque
1305 900 1600 952 magnitudinis

153 958 279 1006 esset,
312 954 539 1009 coeuisquo
574 954 727 996 robore
752 959 793 996 et
818 959 980 996 statura
1012 962 1231 1011 prestaret,
1267 962 1423 998 tantam
1448 958 1604 1012 Othini,

153 1011 270 1052 cuius
324 1012 493 1053 oraculo
549 1011 687 1068 editus
744 1012 995 1062 uidebatur,
1046 1013 1354 1068 indulgenciam
1407 1021 1605 1071 expertus

152 1070 304 1122 fuerat,
340 1077 386 1110 ut
418 1069 672 1124 integritatis
697 1071 785 1112 eius
807 1070 975 1112 habitus
997 1071 1106 1112 ferro
1131 1072 1319 1127 quassari
1342 1087 1424 1114 non
1450 1082 1603 1128 posset.

153 1127 248 1175 Quo
282 1129 449 1177 euenit,
485 1133 531 1168 ut
563 1129 764 1170 uulnifica
786 1127 887 1170 *aliis
921 1129 1006 1170 tela
1038 1130 1088 1170 ad
1132 1130 1334 1171 lesionem
1359 1131 1394 1172 ei
1419 1131 1604 1186 infligen-

149 1185 245 1227 dam
289 1186 493 1227 inhabilia
534 1186 830 1229 redderentur.
892 1186 982 1228 Nec
1024 1189 1170 1243 premii
1204 1189 1320 1242 inops
1355 1189 1602 1230 beneficium

150 1243 240 1285 fuit.
302 1245 479 1285 Animas
511 1245 668 1301 quippe
709 1245 769 1289 ei,
814 1259 919 1300 quas
962 1245 1072 1286 ferro
1115 1247 1358 1301 corporibus
1401 1247 1602 1300 eiecisset,

150 1302 364 1357 pollicitus
405 1303 613 1358 proditur.
678 1303 796 1345 ldem
830 1304 871 1344 in
904 1303 1210 1345 monimentum
1258 1305 1387 1358 patris
1420 1305 1506 1346 eius
1541 1319 1603 1347 res

150 1365 294 1414 gestas
326 1361 439 1416 apud
466 1360 792 1417 Bleky<n>giam
813 1361 919 1416 rupi,
952 1362 1069 1403 cuius
1102 1362 1284 1412 memini,
1317 1377 1392 1417 per
1425 1363 1602 1404 artifices

150 1419 353 1461 mandare
402 1433 500 1460 cure
547 1419 709 1462 habuit.
772 1420 878 1461 Post
926 1420 1029 1470 hec,
1077 1434 1168 1461 cum
1223 1419 1439 1461 Wesetum
1488 1421 1598 1475 apud

150 1475 347 1518 Scaniam
369 1478 545 1532 nupcias
569 1484 763 1538 acturum
786 1477 965 1530 audiret,
998 1491 1155 1531 easque
1179 1478 1256 1518 sub
1279 1479 1440 1530 egentis
1463 1479 1601 1533 specie

149 1536 393 1589 petiuisset,
437 1536 578 1577 finito>
600 1537 794 1577 noccium
829 1535 1048 1588 conuiuio,
1097 1536 1376 1590 omnibusque
1406 1550 1520 1577 mero
1552 1551 1600 1577 ac

150 1608 299 1634 somno
333 1593 496 1648 sopitis,
527 1594 769 1648 nupcialem
803 1594 1033 1634 thalamum
1068 1594 1185 1634 trabe
1216 1593 1417 1647 pertudit.
1472 1593 1599 1635 Cuius

151 1650 325 1693 buccam
349 1651 554 1694 Wesetus
576 1652 635 1693 ita
658 1652 819 1707 absque
852 1651 1038 1692 uulneris
1071 1651 1304 1692 infliccicne
1338 1650 1448 1692 fuste
1481 1666 1599 1706 quas-

149 1710 273 1751 sauit.
297 1715 343 1750 ut
367 1710 473 1751 binis
497 1724 587 1751 eam
612 1710 810 1751 dentibus
836 1709 1143 1751 uacuefaceret.
1187 1709 1372 1756 Quorum
1395 1709 1598 1750 iacturam

147 1772 243 1822 post
285 1768 460 1809 modum
501 1769 714 1823 insperata
755 1768 980 1809 molarium
1025 1767 1197 1823 erupcio
1235 1766 1453 1808 sarciebat.
1519 1767 1597 1808 Hic

149 1830 329 1867 euentus
392 1825 611 1881 Hyldetan
673 1826 709 1866 ei
770 1839 1001 1878 cognomen
1061 1825 1115 1865 im
1133 1825 1294 1879 posuit,
1342 1825 1452 1878 quod
1500 1839 1596 1866 eum

151 1883 321 1938 quidam
366 1884 420 1925 ob
461 1884 715 1925 eminentem
759 1883 954 1925 dencium
998 1882 1185 1924 ordinem
1220 1886 1455 1923 assecutum
1488 1882 1597 1923 affir-

150 1946 277 1984 mant.
339 1942 432 1983 Illic
478 1942 616 1984 occiso
653 1941 830 1983 Weseto
875 1941 1026 1983 Scanie
1072 1940 1299 1982 dominium
1341 1939 1594 1994 adipiscitur.

148 1999 255 2040 Inde
289 1999 529 2041 Hatherum
562 1999 675 2056 apud
709 1999 866 2041 Iutiam
900 2004 1191 2055 oppugnatum
1226 1997 1419 2039 extinxit.
1468 1997 1595 2038 Cuius

148 2071 342 2099 occasum
397 2072 552 2113 perpes
605 2057 748 2114 oppidi
803 2057 1060 2099 uocabulum
1112 2056 1281 2097 indicat.
1363 2056 1468 2096 Post
1519 2054 1596 2095 hec

150 2115 382 2170 Hundingo
415 2116 658 2172 Rericoque
690 2115 940 2171 prostratis,
973 2114 1172 2155 Lethram
1206 2118 1405 2169 occupat,
1447 2113 1594 2154 distra-

151 2179 349 2229 ctumque
397 2174 533 2216 Danie
586 2188 765 2230 regnum
814 2173 855 2215 in
901 2172 1122 2228 pristinum
1174 2186 1326 2226 corpus
1377 2171 1592 2213 reformat.

148 2232 314 2273 Deinde
347 2232 618 2274 VVicarorum
657 2246 800 2288 regem
832 2230 1099 2273 Asmundum
1131 2245 1155 2270 a
1188 2243 1332 2272 sorore
1374 2234 1475 2269 natu
1509 2242 1594 2268 ma-

149 2289 317 2344 iore[m]
351 2303 481 2345 regno
515 2290 741 2346 spoliatum
774 2290 1053 2346 comperiens,
1084 2287 1296 2343 pendente
1322 2287 1444 2331 bello,
1477 2289 1594 2326 tanta

147 2348 303 2390 femine
345 2349 590 2404 petulancia
631 2348 889 2401 concitatus,
933 2347 1023 2388 sola
1063 2360 1173 2386 naue
1215 2344 1471 2397 Noruagiam
1514 2341 1592 2384 As-

148 2405 307 2447 mundo
340 2420 466 2462 opem
498 2407 663 2448 laturus
696 2405 872 2447 accedit.
935 2404 1167 2445 Commisso
1201 2403 1349 2458 prelio,
1381 2415 1592 2456 purpurea

149 2465 326 2505 amictus
357 2464 550 2513 lacerna,
591 2464 800 2519 mitraque
844 2477 947 2504 auro
981 2462 1166 2511 uariata,
1208 2459 1454 2514 capillicium
1487 2457 1592 2498 redi—

150 2521 296 2575 mitus,
339 2522 381 2562 in
423 2523 589 2564 hostem
636 2520 927 2576 progreditur,
972 2520 1032 2560 ita
1078 2532 1287 2559 armorum
1326 2517 1419 2557 loco
1466 2515 1593 2556 tacita

135 2579 319 2621 'fortune
342 2580 604 2622 consciencia
625 2579 774 2631 fretus,
806 2582 853 2619 ut
876 2577 1086 2619 conuiuali
1107 2576 1264 2630 pocius,
1298 2588 1421 2628 quam
1445 2572 1594 2614 bellico*

80 2651 118 2680 40
149 2637 537 2683 cultuinstructus
577 2636 807 2681 uideretur.
871 2635 956 2679 Sed
996 2648 1073 2676 nec
1113 2632 1336 2689 apparatui
1375 2631 1592 2688 ingenium

1672 913 1764 947 (138)

1652 1832 1747 1865 p.362
