<?xml version="1.0" encoding="UTF-8"?>
<!DOCTYPE html PUBLIC "-//W3C//DTD XHTML 1.0 Transitional//EN"
    "http://www.w3.org/TR/xhtml1/DTD/xhtml1-transitional.dtd">
<html xmlns="http://www.w3.org/1999/xhtml" xml:lang="en" lang="en">
 <head>
  <title>
</title>
<meta http-equiv="Content-Type" content="text/html;charset=utf-8" />
  <meta name='ocr-system' content='tesseract 3.04.00' />
  <meta name='ocr-capabilities' content='ocr_page ocr_carea ocr_par ocr_line ocrx_word'/>
</head>
<body>
  <div class='ocr_page' id='page_1' title='image "./saxonisgrammatic00saxouoft_0494.png"; bbox 0 0 1884 3126; ppageno 0'>
   <div class='ocr_carea' id='block_1_1' title="bbox 270 914 305 940">
    <p class='ocr_par' dir='ltr' id='par_1_1' title="bbox 270 914 305 940">
     <span class='ocr_line' id='line_1_1' title="bbox 270 914 305 940; baseline 0 0"><span class='ocrx_word' id='word_1_1' title='bbox 270 914 305 940; x_wconf 88' lang='lat'>10</span> 
     </span>
    </p>
   </div>
   <div class='ocr_carea' id='block_1_2' title="bbox 266 1200 301 1226">
    <p class='ocr_par' dir='ltr' id='par_1_2' title="bbox 266 1200 301 1226">
     <span class='ocr_line' id='line_1_2' title="bbox 266 1200 301 1226; baseline 0 0"><span class='ocrx_word' id='word_1_2' title='bbox 266 1200 301 1226; x_wconf 75' lang='lat'>15</span> 
     </span>
    </p>
   </div>
   <div class='ocr_carea' id='block_1_3' title="bbox 263 1487 298 1513">
    <p class='ocr_par' dir='ltr' id='par_1_3' title="bbox 263 1487 298 1513">
     <span class='ocr_line' id='line_1_3' title="bbox 263 1487 298 1513; baseline 0 0"><span class='ocrx_word' id='word_1_3' title='bbox 263 1487 298 1513; x_wconf 72' lang='lat'>20</span> 
     </span>
    </p>
   </div>
   <div class='ocr_carea' id='block_1_4' title="bbox 263 1774 302 1801">
    <p class='ocr_par' dir='ltr' id='par_1_4' title="bbox 263 1774 302 1801">
     <span class='ocr_line' id='line_1_4' title="bbox 263 1774 302 1801; baseline 0.026 -1"><span class='ocrx_word' id='word_1_4' title='bbox 263 1774 302 1801; x_wconf 78' lang='lat'>25</span> 
     </span>
    </p>
   </div>
   <div class='ocr_carea' id='block_1_5' title="bbox 260 2061 298 2088">
    <p class='ocr_par' dir='ltr' id='par_1_5' title="bbox 260 2061 298 2088">
     <span class='ocr_line' id='line_1_5' title="bbox 260 2061 298 2088; baseline 0 0"><span class='ocrx_word' id='word_1_5' title='bbox 260 2061 298 2088; x_wconf 86' lang='lat'>30</span> 
     </span>
    </p>
   </div>
   <div class='ocr_carea' id='block_1_6' title="bbox 259 2348 294 2375">
    <p class='ocr_par' dir='ltr' id='par_1_6' title="bbox 259 2348 294 2375">
     <span class='ocr_line' id='line_1_6' title="bbox 259 2348 294 2375; baseline 0 0"><span class='ocrx_word' id='word_1_6' title='bbox 259 2348 294 2375; x_wconf 84' lang='lat'>35</span> 
     </span>
    </p>
   </div>
   <div class='ocr_carea' id='block_1_7' title="bbox 262 2634 297 2661">
    <p class='ocr_par' dir='ltr' id='par_1_7' title="bbox 262 2634 297 2661">
     <span class='ocr_line' id='line_1_7' title="bbox 262 2634 297 2661; baseline 0 0"><span class='ocrx_word' id='word_1_7' title='bbox 262 2634 297 2661; x_wconf 77' lang='lat'>40</span> 
     </span>
    </p>
   </div>
   <div class='ocr_carea' id='block_1_8' title="bbox 344 251 1208 304">
    <p class='ocr_par' dir='ltr' id='par_1_8' title="bbox 344 251 1208 304">
     <span class='ocr_line' id='line_1_8' title="bbox 344 251 1208 304; baseline -0.001 0"><span class='ocrx_word' id='word_1_8' title='bbox 344 263 426 304; x_wconf 83' lang='lat'>400</span> <span class='ocrx_word' id='word_1_9' title='bbox 900 278 947 281; x_wconf 96' lang='lat'><strong>—</strong></span> <span class='ocrx_word' id='word_1_10' title='bbox 1008 251 1097 294; x_wconf 88' lang='lat' dir='ltr'>XII</span> <span class='ocrx_word' id='word_1_11' title='bbox 1163 275 1208 280; x_wconf 67' lang='lat'><em>-</em></span> 
     </span>
    </p>
   </div>
   <div class='ocr_carea' id='block_1_9' title="bbox 340 380 1771 666">
    <p class='ocr_par' dir='ltr' id='par_1_9' title="bbox 340 380 1771 666">
     <span class='ocr_line' id='line_1_9' title="bbox 344 380 1770 438; baseline -0.006 -7"><span class='ocrx_word' id='word_1_12' title='bbox 344 388 605 436; x_wconf 90' lang='lat' dir='ltr'>conuiuium,</span> <span class='ocrx_word' id='word_1_13' title='bbox 651 397 730 438; x_wconf 95' lang='lat' dir='ltr'>quo</span> <span class='ocrx_word' id='word_1_14' title='bbox 775 382 929 423; x_wconf 89' lang='lat' dir='ltr'>famem</span> <span class='ocrx_word' id='word_1_15' title='bbox 975 381 1179 422; x_wconf 89' lang='lat' dir='ltr'>instruere</span> <span class='ocrx_word' id='word_1_16' title='bbox 1225 380 1391 435; x_wconf 81' lang='lat' dir='ltr'>pocius,</span> <span class='ocrx_word' id='word_1_17' title='bbox 1443 393 1567 434; x_wconf 88' lang='lat' dir='ltr'>quam</span> <span class='ocrx_word' id='word_1_18' title='bbox 1594 380 1770 435; x_wconf 50' lang='lat' dir='ltr'>&lt;pellere</span> 
     </span>
     <span class='ocr_line' id='line_1_10' title="bbox 343 436 1768 496; baseline -0.006 -9"><span class='ocrx_word' id='word_1_19' title='bbox 343 446 566 494; x_wconf 89' lang='lat' dir='ltr'>uideretur,</span> <span class='ocrx_word' id='word_1_20' title='bbox 594 443 599 493; x_wconf 86' lang='grc' dir='ltr'>Ι</span> <span class='ocrx_word' id='word_1_21' title='bbox 627 440 860 496; x_wconf 85' lang='lat' dir='ltr'>principum</span> <span class='ocrx_word' id='word_1_22' title='bbox 907 440 1035 480; x_wconf 87' lang='lat' dir='ltr'>oculis</span> <span class='ocrx_word' id='word_1_23' title='bbox 1081 438 1284 479; x_wconf 89' lang='lat' dir='ltr'>subiicere</span> <span class='ocrx_word' id='word_1_24' title='bbox 1335 436 1619 479; x_wconf 86' lang='lat' dir='ltr'>erubescebat.</span> <span class='ocrx_word' id='word_1_25' title='bbox 1679 437 1768 479; x_wconf 90' lang='lat' dir='ltr'>Nec</span> 
     </span>
     <span class='ocr_line' id='line_1_11' title="bbox 342 495 1770 549; baseline -0.005 -6"><span class='ocrx_word' id='word_1_26' title='bbox 342 501 530 543; x_wconf 90' lang='lat' dir='ltr'>difficiles</span> <span class='ocrx_word' id='word_1_27' title='bbox 555 498 735 540; x_wconf 91' lang='lat' dir='ltr'>numinis</span> <span class='ocrx_word' id='word_1_28' title='bbox 766 510 886 537; x_wconf 88' lang='lat' dir='ltr'>aures</span> <span class='ocrx_word' id='word_1_29' title='bbox 916 496 1075 538; x_wconf 81' lang='lat' dir='ltr'>habuit.</span> <span class='ocrx_word' id='word_1_30' title='bbox 1119 495 1333 549; x_wconf 81' lang='lat' dir='ltr'>Siquidem</span> <span class='ocrx_word' id='word_1_31' title='bbox 1357 495 1536 536; x_wconf 85' lang='lat' dir='ltr'>celerem</span> <span class='ocrx_word' id='word_1_32' title='bbox 1558 495 1635 536; x_wconf 84' lang='lat' dir='ltr'>fati</span> <span class='ocrx_word' id='word_1_33' title='bbox 1656 496 1770 536; x_wconf 87' lang='lat' dir='ltr'>uiam</span> 
     </span>
     <span class='ocr_line' id='line_1_12' title="bbox 341 551 1771 609; baseline -0.003 -10"><span class='ocrx_word' id='word_1_34' title='bbox 341 558 529 607; x_wconf 78' lang='lat' dir='ltr'>obtinuit,</span> <span class='ocrx_word' id='word_1_35' title='bbox 561 556 720 609; x_wconf 85' lang='lat' dir='ltr'>sibique</span> <span class='ocrx_word' id='word_1_36' title='bbox 752 558 940 607; x_wconf 88' lang='lat' dir='ltr'>mortem,</span> <span class='ocrx_word' id='word_1_37' title='bbox 972 554 1149 594; x_wconf 90' lang='lat' dir='ltr'>salutem</span> <span class='ocrx_word' id='word_1_38' title='bbox 1181 553 1315 606; x_wconf 89' lang='lat' dir='ltr'>patrie</span> <span class='ocrx_word' id='word_1_39' title='bbox 1337 551 1473 606; x_wconf 87' lang='lat' dir='ltr'>(siqua</span> <span class='ocrx_word' id='word_1_40' title='bbox 1493 552 1617 594; x_wconf 91' lang='lat' dir='ltr'>modo</span> <span class='ocrx_word' id='word_1_41' title='bbox 1640 553 1771 607; x_wconf 85' lang='lat' dir='ltr'>parri-</span> 
     </span>
     <span class='ocr_line' id='line_1_13' title="bbox 340 607 1768 666; baseline -0.004 -11"><span class='ocrx_word' id='word_1_42' title='bbox 340 616 439 656; x_wconf 86' lang='lat' dir='ltr'>cidis</span> <span class='ocrx_word' id='word_1_43' title='bbox 461 614 592 654; x_wconf 88' lang='lat' dir='ltr'>uirtus</span> <span class='ocrx_word' id='word_1_44' title='bbox 623 611 746 662; x_wconf 89' lang='lat' dir='ltr'>inest)</span> <span class='ocrx_word' id='word_1_45' title='bbox 770 611 839 666; x_wconf 90' lang='lat' dir='ltr'>pia</span> <span class='ocrx_word' id='word_1_46' title='bbox 861 625 983 665; x_wconf 80' lang='lat' dir='ltr'>prece</span> <span class='ocrx_word' id='word_1_47' title='bbox 1015 607 1271 663; x_wconf 80' lang='lat' dir='ltr'>con&lt;s&gt;ciuit,</span> <span class='ocrx_word' id='word_1_48' title='bbox 1301 610 1567 664; x_wconf 88' lang='lat' dir='ltr'>ingenuoque</span> <span class='ocrx_word' id='word_1_49' title='bbox 1597 610 1768 651; x_wconf 89' lang='lat' dir='ltr'>uiuendi</span> 
     </span>
    </p>
   </div>
   <div class='ocr_carea' id='block_1_10' title="bbox 340 667 1819 727">
    <p class='ocr_par' dir='ltr' id='par_1_10' title="bbox 340 667 1819 727">
     <span class='ocr_line' id='line_1_14' title="bbox 340 667 1819 727; baseline -0.003 -14"><span class='ocrx_word' id='word_1_50' title='bbox 340 672 500 727; x_wconf 89' lang='lat' dir='ltr'>pudore</span> <span class='ocrx_word' id='word_1_51' title='bbox 547 671 727 711; x_wconf 80' lang='lat' dir='ltr'>maxime</span> <span class='ocrx_word' id='word_1_52' title='bbox 773 669 901 710; x_wconf 86' lang='lat' dir='ltr'>cla‘dis</span> <span class='ocrx_word' id='word_1_53' title='bbox 946 682 1098 723; x_wconf 88' lang='lat' dir='ltr'>penam</span> <span class='ocrx_word' id='word_1_54' title='bbox 1149 668 1314 708; x_wconf 87' lang='lat' dir='ltr'>auertit.</span> <span class='ocrx_word' id='word_1_55' title='bbox 1375 667 1524 722; x_wconf 90' lang='lat' dir='ltr'>Itaque</span> <span class='ocrx_word' id='word_1_56' title='bbox 1571 668 1769 710; x_wconf 88' lang='lat' dir='ltr'>memorie</span> <span class='ocrx_word' id='word_1_57' title='bbox 1817 717 1819 720; x_wconf 12' lang='lat' dir='ltr'>y</span> 
     </span>
    </p>
   </div>
   <div class='ocr_carea' id='block_1_11' title="bbox 331 725 1768 1527">
    <p class='ocr_par' dir='ltr' id='par_1_11' title="bbox 331 725 1768 1527">
     <span class='ocr_line' id='line_1_15' title="bbox 339 725 1768 783; baseline -0.003 -13"><span class='ocrx_word' id='word_1_58' title='bbox 339 730 425 770; x_wconf 87' lang='lat' dir='ltr'>eius</span> <span class='ocrx_word' id='word_1_59' title='bbox 446 728 668 783; x_wconf 84' lang='lat' dir='ltr'>speciosius</span> <span class='ocrx_word' id='word_1_60' title='bbox 690 726 877 781; x_wconf 85' lang='lat' dir='ltr'>deposita</span> <span class='ocrx_word' id='word_1_61' title='bbox 907 726 996 766; x_wconf 88' lang='lat' dir='ltr'>uita</span> <span class='ocrx_word' id='word_1_62' title='bbox 1027 739 1151 780; x_wconf 88' lang='lat' dir='ltr'>quam</span> <span class='ocrx_word' id='word_1_63' title='bbox 1183 729 1302 779; x_wconf 88' lang='lat' dir='ltr'>gesta</span> <span class='ocrx_word' id='word_1_64' title='bbox 1333 725 1484 766; x_wconf 83' lang='lat' dir='ltr'>ascribi</span> <span class='ocrx_word' id='word_1_65' title='bbox 1513 730 1666 780; x_wconf 88' lang='lat' dir='ltr'>potest,</span> <span class='ocrx_word' id='word_1_66' title='bbox 1698 726 1768 780; x_wconf 91' lang='lat' dir='ltr'>qui</span> 
     </span>
     <span class='ocr_line' id='line_1_16' title="bbox 338 782 1768 839; baseline -0.002 -12"><span class='ocrx_word' id='word_1_67' title='bbox 338 787 470 837; x_wconf 86' lang='lat' dir='ltr'>fatum</span> <span class='ocrx_word' id='word_1_68' title='bbox 493 785 626 839; x_wconf 88' lang='lat' dir='ltr'>patrie</span> <span class='ocrx_word' id='word_1_69' title='bbox 657 783 827 825; x_wconf 89' lang='lat' dir='ltr'>finiendi</span> <span class='ocrx_word' id='word_1_70' title='bbox 859 784 1026 838; x_wconf 84' lang='lat' dir='ltr'>spiritus</span> <span class='ocrx_word' id='word_1_71' title='bbox 1058 796 1224 823; x_wconf 87' lang='lat' dir='ltr'>causam</span> <span class='ocrx_word' id='word_1_72' title='bbox 1255 782 1416 824; x_wconf 87' lang='lat' dir='ltr'>habuit.</span> <span class='ocrx_word' id='word_1_73' title='bbox 1458 782 1608 836; x_wconf 90' lang='lat' dir='ltr'>Porro,</span> <span class='ocrx_word' id='word_1_74' title='bbox 1640 797 1768 838; x_wconf 87' lang='lat' dir='ltr'>quan-</span> 
     </span>
     <span class='ocr_line' id='line_1_17' title="bbox 337 840 1767 895; baseline -0.001 -11"><span class='ocrx_word' id='word_1_75' title='bbox 337 848 424 884; x_wconf 89' lang='lat' dir='ltr'>tum</span> <span class='ocrx_word' id='word_1_76' title='bbox 449 843 633 884; x_wconf 88' lang='lat' dir='ltr'>caritatis</span> <span class='ocrx_word' id='word_1_77' title='bbox 654 855 755 895; x_wconf 85' lang='lat' dir='ltr'>erga</span> <span class='ocrx_word' id='word_1_78' title='bbox 776 855 873 882; x_wconf 89' lang='lat' dir='ltr'>suos</span> <span class='ocrx_word' id='word_1_79' title='bbox 898 840 1014 882; x_wconf 82' lang='lat' dir='ltr'>cordi</span> <span class='ocrx_word' id='word_1_80' title='bbox 1044 840 1213 880; x_wconf 88' lang='lat' dir='ltr'>insitum</span> <span class='ocrx_word' id='word_1_81' title='bbox 1244 840 1431 894; x_wconf 88' lang='lat' dir='ltr'>haberet,</span> <span class='ocrx_word' id='word_1_82' title='bbox 1465 841 1642 895; x_wconf 89' lang='lat' dir='ltr'>aperuit,</span> <span class='ocrx_word' id='word_1_83' title='bbox 1674 854 1767 882; x_wconf 89' lang='lat' dir='ltr'>cum</span> 
     </span>
     <span class='ocr_line' id='line_1_18' title="bbox 338 898 1766 953; baseline -0.001 -12"><span class='ocrx_word' id='word_1_84' title='bbox 338 905 380 942; x_wconf 84' lang='lat' dir='ltr'>et</span> <span class='ocrx_word' id='word_1_85' title='bbox 410 914 549 941; x_wconf 88' lang='lat' dir='ltr'>eorum</span> <span class='ocrx_word' id='word_1_86' title='bbox 595 900 706 940; x_wconf 88' lang='lat' dir='ltr'>mala</span> <span class='ocrx_word' id='word_1_87' title='bbox 747 899 919 953; x_wconf 92' lang='lat' dir='ltr'>proprio</span> <span class='ocrx_word' id='word_1_88' title='bbox 962 898 1098 952; x_wconf 87' lang='lat' dir='ltr'>capite</span> <span class='ocrx_word' id='word_1_89' title='bbox 1138 898 1254 939; x_wconf 90' lang='lat' dir='ltr'>luere</span> <span class='ocrx_word' id='word_1_90' title='bbox 1294 898 1424 939; x_wconf 84' lang='lat' dir='ltr'>uellet</span> <span class='ocrx_word' id='word_1_91' title='bbox 1467 903 1508 939; x_wconf 91' lang='lat' dir='ltr'>et</span> <span class='ocrx_word' id='word_1_92' title='bbox 1548 912 1766 940; x_wconf 89' lang='lat' dir='ltr'>commune</span> 
     </span>
     <span class='ocr_line' id='line_1_19' title="bbox 336 952 1766 1012; baseline -0.001 -14"><span class='ocrx_word' id='word_1_93' title='bbox 336 957 567 1012; x_wconf 91' lang='lat' dir='ltr'>periculum</span> <span class='ocrx_word' id='word_1_94' title='bbox 613 957 665 997; x_wconf 92' lang='lat' dir='ltr'>ad</span> <span class='ocrx_word' id='word_1_95' title='bbox 712 970 754 996; x_wconf 88' lang='lat' dir='ltr'>se</span> <span class='ocrx_word' id='word_1_96' title='bbox 798 956 933 996; x_wconf 87' lang='lat' dir='ltr'>solum</span> <span class='ocrx_word' id='word_1_97' title='bbox 979 952 1234 1009; x_wconf 57' lang='lat' dir='ltr'>redunssdare„</span> <span class='ocrx_word' id='word_1_98' title='bbox 1273 955 1528 1010; x_wconf 89' lang='lat' dir='ltr'>deposceret.</span> <span class='ocrx_word' id='word_1_99' title='bbox 1588 955 1766 1011; x_wconf 84' lang='lat' dir='ltr'>Nempe,</span> 
     </span>
     <span class='ocr_line' id='line_1_20' title="bbox 336 1012 1766 1069; baseline -0.001 -13"><span class='ocrx_word' id='word_1_100' title='bbox 336 1015 432 1069; x_wconf 89' lang='lat' dir='ltr'>quia</span> <span class='ocrx_word' id='word_1_101' title='bbox 477 1028 594 1055; x_wconf 87' lang='lat' dir='ltr'>suam</span> <span class='ocrx_word' id='word_1_102' title='bbox 640 1028 715 1067; x_wconf 92' lang='lat' dir='ltr'>pro</span> <span class='ocrx_word' id='word_1_103' title='bbox 761 1012 913 1053; x_wconf 90' lang='lat' dir='ltr'>ciuium</span> <span class='ocrx_word' id='word_1_104' title='bbox 959 1013 1093 1054; x_wconf 87' lang='lat' dir='ltr'>salute</span> <span class='ocrx_word' id='word_1_105' title='bbox 1139 1012 1332 1065; x_wconf 91' lang='lat' dir='ltr'>deuouit,</span> <span class='ocrx_word' id='word_1_106' title='bbox 1378 1013 1437 1068; x_wconf 85' lang='lat' dir='ltr'>pii</span> <span class='ocrx_word' id='word_1_107' title='bbox 1478 1014 1607 1054; x_wconf 88' lang='lat' dir='ltr'>animi</span> <span class='ocrx_word' id='word_1_108' title='bbox 1646 1014 1766 1054; x_wconf 88' lang='lat' dir='ltr'>titulo</span> 
     </span>
     <span class='ocr_line' id='line_1_21' title="bbox 335 1070 1767 1125; baseline -0.001 -12"><span class='ocrx_word' id='word_1_109' title='bbox 335 1072 592 1113; x_wconf 82' lang='lat' dir='ltr'>fraudandus</span> <span class='ocrx_word' id='word_1_110' title='bbox 613 1086 696 1112; x_wconf 91' lang='lat' dir='ltr'>non</span> <span class='ocrx_word' id='word_1_111' title='bbox 719 1075 794 1111; x_wconf 89' lang='lat' dir='ltr'>est.</span> <span class='ocrx_word' id='word_1_112' title='bbox 835 1070 1021 1111; x_wconf 83' lang='lat' dir='ltr'>Fortuna</span> <span class='ocrx_word' id='word_1_113' title='bbox 1051 1070 1255 1125; x_wconf 87' lang='lat' dir='ltr'>siquidem</span> <span class='ocrx_word' id='word_1_114' title='bbox 1287 1070 1443 1112; x_wconf 87' lang='lat' dir='ltr'>famem</span> <span class='ocrx_word' id='word_1_115' title='bbox 1474 1084 1568 1111; x_wconf 91' lang='lat' dir='ltr'>cum</span> <span class='ocrx_word' id='word_1_116' title='bbox 1600 1075 1767 1112; x_wconf 87' lang='lat' dir='ltr'>auctore</span> 
     </span>
     <span class='ocr_line' id='line_1_22' title="bbox 335 1127 1695 1184; baseline 0 -14"><span class='ocrx_word' id='word_1_117' title='bbox 335 1144 408 1171; x_wconf 91' lang='lat' dir='ltr'>suo</span> <span class='ocrx_word' id='word_1_118' title='bbox 440 1130 529 1184; x_wconf 84' lang='lat' dir='ltr'>pari</span> <span class='ocrx_word' id='word_1_119' title='bbox 562 1129 707 1170; x_wconf 86' lang='lat' dir='ltr'>funere</span> <span class='ocrx_word' id='word_1_120' title='bbox 739 1128 904 1181; x_wconf 87' lang='lat' dir='ltr'>extulit,</span> <span class='ocrx_word' id='word_1_121' title='bbox 935 1127 1201 1182; x_wconf 89' lang='lat' dir='ltr'>inediamque</span> <span class='ocrx_word' id='word_1_122' title='bbox 1232 1129 1428 1169; x_wconf 87' lang='lat' dir='ltr'>sacietate</span> <span class='ocrx_word' id='word_1_123' title='bbox 1459 1129 1651 1170; x_wconf 86' lang='lat' dir='ltr'>mutauit.</span> <span class='ocrx_word' id='word_1_124' title='bbox 1693 1130 1695 1133; x_wconf 75' lang='grc'>’</span> 
     </span>
     <span class='ocr_line' id='line_1_23' title="bbox 467 1185 1766 1240; baseline -0.001 -13"><span class='ocrx_word' id='word_1_125' title='bbox 467 1186 578 1227; x_wconf 91' lang='lat' dir='ltr'>Huic</span> <span class='ocrx_word' id='word_1_126' title='bbox 594 1186 754 1238; x_wconf 84' lang='lat' dir='ltr'>Ericus,</span> <span class='ocrx_word' id='word_1_127' title='bbox 778 1190 879 1226; x_wconf 89' lang='lat' dir='ltr'>natu</span> <span class='ocrx_word' id='word_1_128' title='bbox 901 1185 1129 1240; x_wconf 87' lang='lat' dir='ltr'>proximus,</span> <span class='ocrx_word' id='word_1_129' title='bbox 1153 1200 1174 1227; x_wconf 94' lang='lat' dir='ltr'>e</span> <span class='ocrx_word' id='word_1_130' title='bbox 1192 1186 1336 1227; x_wconf 84' lang='lat' dir='ltr'>Suetia</span> <span class='ocrx_word' id='word_1_131' title='bbox 1357 1190 1591 1237; x_wconf 87' lang='lat' dir='ltr'>reuocatus,</span> <span class='ocrx_word' id='word_1_132' title='bbox 1614 1199 1766 1240; x_wconf 90' lang='lat' dir='ltr'>magno</span> 
     </span>
     <span class='ocr_line' id='line_1_24' title="bbox 335 1242 1767 1298; baseline 0 -14"><span class='ocrx_word' id='word_1_133' title='bbox 335 1244 521 1288; x_wconf 87' lang='lat' dir='ltr'>omnium</span> <span class='ocrx_word' id='word_1_134' title='bbox 560 1243 705 1285; x_wconf 86' lang='lat' dir='ltr'>fauore</span> <span class='ocrx_word' id='word_1_135' title='bbox 745 1242 961 1284; x_wconf 85' lang='lat' dir='ltr'>sufficitur.</span> <span class='ocrx_word' id='word_1_136' title='bbox 1014 1243 1162 1284; x_wconf 51' lang='lat' dir='ltr'>»Huius</span> <span class='ocrx_word' id='word_1_137' title='bbox 1202 1248 1289 1284; x_wconf 88' lang='lat' dir='ltr'>etas</span> <span class='ocrx_word' id='word_1_138' title='bbox 1328 1243 1582 1298; x_wconf 85' lang='lat' dir='ltr'>periclitanti</span> <span class='ocrx_word' id='word_1_139' title='bbox 1613 1244 1767 1298; x_wconf 90' lang='lat' dir='ltr'>populo</span> 
     </span>
     <span class='ocr_line' id='line_1_25' title="bbox 333 1300 1766 1356; baseline 0.001 -15"><span class='ocrx_word' id='word_1_140' title='bbox 333 1301 511 1342; x_wconf 87' lang='lat' dir='ltr'>labentis</span> <span class='ocrx_word' id='word_1_141' title='bbox 554 1315 719 1342; x_wconf 84' lang='lat' dir='ltr'>annone</span> <span class='ocrx_word' id='word_1_142' title='bbox 765 1300 948 1341; x_wconf 86' lang='lat' dir='ltr'>subsidia</span> <span class='ocrx_word' id='word_1_143' title='bbox 993 1301 1234 1355; x_wconf 85' lang='lat' dir='ltr'>reparauit,</span> <span class='ocrx_word' id='word_1_144' title='bbox 1280 1314 1480 1355; x_wconf 86' lang='lat' dir='ltr'>segesque</span> <span class='ocrx_word' id='word_1_145' title='bbox 1527 1301 1766 1356; x_wconf 87' lang='lat' dir='ltr'>tempestiui</span> 
     </span>
     <span class='ocr_line' id='line_1_26' title="bbox 332 1357 1764 1412; baseline 0.001 -14"><span class='ocrx_word' id='word_1_146' title='bbox 332 1358 475 1399; x_wconf 90' lang='lat' dir='ltr'>imbris</span> <span class='ocrx_word' id='word_1_147' title='bbox 522 1359 721 1399; x_wconf 87' lang='lat' dir='ltr'>beneficio</span> <span class='ocrx_word' id='word_1_148' title='bbox 772 1358 942 1399; x_wconf 90' lang='lat' dir='ltr'>uisitata</span> <span class='ocrx_word' id='word_1_149' title='bbox 993 1358 1216 1399; x_wconf 88' lang='lat' dir='ltr'>conualuit.</span> <span class='ocrx_word' id='word_1_150' title='bbox 1279 1357 1413 1410; x_wconf 88' lang='lat' dir='ltr'>Nam,</span> <span class='ocrx_word' id='word_1_151' title='bbox 1459 1365 1662 1412; x_wconf 83' lang='lat' dir='ltr'>regnante</span> <span class='ocrx_word' id='word_1_152' title='bbox 1702 1373 1764 1412; x_wconf 86' lang='lat' dir='ltr'>eo,</span> 
     </span>
     <span class='ocr_line' id='line_1_27' title="bbox 333 1415 1765 1470; baseline 0.001 -14"><span class='ocrx_word' id='word_1_153' title='bbox 333 1429 527 1470; x_wconf 87' lang='lat' dir='ltr'>agrorum</span> <span class='ocrx_word' id='word_1_154' title='bbox 560 1416 725 1456; x_wconf 88' lang='lat' dir='ltr'>habitus</span> <span class='ocrx_word' id='word_1_155' title='bbox 757 1415 809 1456; x_wconf 89' lang='lat' dir='ltr'>ad</span> <span class='ocrx_word' id='word_1_156' title='bbox 842 1420 1003 1456; x_wconf 83' lang='lat' dir='ltr'>tantam</span> <span class='ocrx_word' id='word_1_157' title='bbox 1034 1417 1272 1460; x_wconf 89' lang='lat' dir='ltr'>ubertatem</span> <span class='ocrx_word' id='word_1_158' title='bbox 1304 1416 1504 1467; x_wconf 80' lang='lat' dir='ltr'>excessit,</span> <span class='ocrx_word' id='word_1_159' title='bbox 1536 1420 1581 1456; x_wconf 86' lang='lat' dir='ltr'>ut</span> <span class='ocrx_word' id='word_1_160' title='bbox 1611 1416 1765 1470; x_wconf 85' lang='lat' dir='ltr'>singuli</span> 
     </span>
     <span class='ocr_line' id='line_1_28' title="bbox 331 1473 1762 1527; baseline 0.001 -14"><span class='ocrx_word' id='word_1_161' title='bbox 331 1473 551 1514; x_wconf 88' lang='lat' dir='ltr'>cuiuslibet</span> <span class='ocrx_word' id='word_1_162' title='bbox 594 1487 760 1514; x_wconf 86' lang='lat' dir='ltr'>annone</span> <span class='ocrx_word' id='word_1_163' title='bbox 799 1473 925 1514; x_wconf 88' lang='lat' dir='ltr'>modii</span> <span class='ocrx_word' id='word_1_164' title='bbox 966 1473 1138 1514; x_wconf 87' lang='lat' dir='ltr'>totidem</span> <span class='ocrx_word' id='word_1_165' title='bbox 1185 1473 1365 1514; x_wconf 88' lang='lat' dir='ltr'>denariis</span> <span class='ocrx_word' id='word_1_166' title='bbox 1411 1478 1762 1527; x_wconf 88' lang='lat' dir='ltr'>permutarentur.</span> 
     </span>
    </p>
   </div>
   <div class='ocr_carea' id='block_1_12' title="bbox 331 1530 1847 1588">
    <p class='ocr_par' dir='ltr' id='par_1_12' title="bbox 331 1530 1847 1588">
     <span class='ocr_line' id='line_1_29' title="bbox 331 1530 1847 1588; baseline 0.001 -17"><span class='ocrx_word' id='word_1_167' title='bbox 331 1530 414 1571; x_wconf 81' lang='lat' dir='ltr'>Sed</span> <span class='ocrx_word' id='word_1_168' title='bbox 446 1535 487 1571; x_wconf 92' lang='lat' dir='ltr'>et</span> <span class='ocrx_word' id='word_1_169' title='bbox 519 1531 722 1572; x_wconf 86' lang='lat' dir='ltr'>continuis</span> <span class='ocrx_word' id='word_1_170' title='bbox 763 1531 882 1584; x_wconf 88' lang='lat' dir='ltr'>regni</span> <span class='ocrx_word' id='word_1_171' title='bbox 924 1531 1053 1585; x_wconf 84' lang='lat' dir='ltr'>ipsius</span> <span class='ocrx_word' id='word_1_172' title='bbox 1098 1531 1216 1572; x_wconf 88' lang='lat' dir='ltr'>annis</span> <span class='ocrx_word' id='word_1_173' title='bbox 1248 1530 1394 1572; x_wconf 87' lang='lat' dir='ltr'>eadem</span> <span class='ocrx_word' id='word_1_174' title='bbox 1423 1535 1427 1580; x_wconf 87' lang='grc' dir='ltr'>Ι</span> <span class='ocrx_word' id='word_1_175' title='bbox 1454 1531 1566 1584; x_wconf 86' lang='lat' dir='ltr'>agris</span> <span class='ocrx_word' id='word_1_176' title='bbox 1596 1531 1765 1580; x_wconf 87' lang='lat' dir='ltr'>ubertas</span> <span class='ocrx_word' id='word_1_177' title='bbox 1822 1558 1847 1588; x_wconf 74' lang='lat' dir='ltr'>v·</span> 
     </span>
    </p>
   </div>
   <div class='ocr_carea' id='block_1_13' title="bbox 325 1587 1764 2679">
    <p class='ocr_par' dir='ltr' id='par_1_13' title="bbox 325 1587 1764 2679">
     <span class='ocr_line' id='line_1_30' title="bbox 330 1587 1763 1641; baseline 0.001 -13"><span class='ocrx_word' id='word_1_178' title='bbox 330 1588 506 1629; x_wconf 88' lang='lat' dir='ltr'>incessit.</span> <span class='ocrx_word' id='word_1_179' title='bbox 568 1588 660 1636; x_wconf 77' lang='lat' dir='ltr'>Quo</span> <span class='ocrx_word' id='word_1_180' title='bbox 694 1589 846 1640; x_wconf 89' lang='lat' dir='ltr'>euenit,</span> <span class='ocrx_word' id='word_1_181' title='bbox 881 1593 926 1629; x_wconf 90' lang='lat' dir='ltr'>ut</span> <span class='ocrx_word' id='word_1_182' title='bbox 957 1603 1037 1630; x_wconf 90' lang='lat' dir='ltr'>non</span> <span class='ocrx_word' id='word_1_183' title='bbox 1070 1589 1210 1633; x_wconf 86' lang='lat' dir='ltr'>solum</span> <span class='ocrx_word' id='word_1_184' title='bbox 1238 1603 1291 1630; x_wconf 89' lang='lat' dir='ltr'>ex</span> <span class='ocrx_word' id='word_1_185' title='bbox 1323 1601 1496 1641; x_wconf 91' lang='lat' dir='ltr'>morum,</span> <span class='ocrx_word' id='word_1_186' title='bbox 1528 1587 1600 1630; x_wconf 83' lang='lat' dir='ltr'>sed</span> <span class='ocrx_word' id='word_1_187' title='bbox 1632 1589 1763 1630; x_wconf 89' lang='lat' dir='ltr'>eciam</span> 
     </span>
     <span class='ocr_line' id='line_1_31' title="bbox 330 1646 1764 1701; baseline 0.001 -15"><span class='ocrx_word' id='word_1_188' title='bbox 330 1650 566 1700; x_wconf 86' lang='lat' dir='ltr'>temporum</span> <span class='ocrx_word' id='word_1_189' title='bbox 589 1646 868 1701; x_wconf 89' lang='lat' dir='ltr'>placidissimo</span> <span class='ocrx_word' id='word_1_190' title='bbox 889 1648 967 1687; x_wconf 82' lang='lat' dir='ltr'>usu</span> <span class='ocrx_word' id='word_1_191' title='bbox 988 1646 1099 1687; x_wconf 89' lang='lat' dir='ltr'>Boni</span> <span class='ocrx_word' id='word_1_192' title='bbox 1130 1660 1363 1700; x_wconf 83' lang='lat' dir='ltr'>cognomen</span> <span class='ocrx_word' id='word_1_193' title='bbox 1395 1646 1615 1701; x_wconf 88' lang='lat' dir='ltr'>acciperet.</span> <span class='ocrx_word' id='word_1_194' title='bbox 1648 1646 1764 1687; x_wconf 87' lang='lat' dir='ltr'>Tunc</span> 
     </span>
     <span class='ocr_line' id='line_1_32' title="bbox 330 1703 1763 1758; baseline 0.001 -15"><span class='ocrx_word' id='word_1_195' title='bbox 330 1703 456 1758; x_wconf 88' lang='lat' dir='ltr'>plane</span> <span class='ocrx_word' id='word_1_196' title='bbox 487 1704 659 1757; x_wconf 86' lang='lat' dir='ltr'>penurie</span> <span class='ocrx_word' id='word_1_197' title='bbox 690 1705 832 1758; x_wconf 87' lang='lat' dir='ltr'>copia,</span> <span class='ocrx_word' id='word_1_198' title='bbox 873 1704 1010 1758; x_wconf 92' lang='lat' dir='ltr'>inopie</span> <span class='ocrx_word' id='word_1_199' title='bbox 1053 1704 1247 1745; x_wconf 88' lang='lat' dir='ltr'>successit</span> <span class='ocrx_word' id='word_1_200' title='bbox 1290 1703 1565 1745; x_wconf 83' lang='lat' dir='ltr'>abundancia.</span> <span class='ocrx_word' id='word_1_201' title='bbox 1626 1703 1763 1744; x_wconf 91' lang='lat' dir='ltr'>Huius</span> 
     </span>
     <span class='ocr_line' id='line_1_33' title="bbox 332 1760 1762 1815; baseline 0.001 -14"><span class='ocrx_word' id='word_1_202' title='bbox 332 1761 411 1801; x_wconf 88' lang='lat' dir='ltr'>uiri</span> <span class='ocrx_word' id='word_1_203' title='bbox 457 1762 631 1802; x_wconf 89' lang='lat' dir='ltr'>uirtutes</span> <span class='ocrx_word' id='word_1_204' title='bbox 676 1762 917 1802; x_wconf 88' lang='lat' dir='ltr'>summatim</span> <span class='ocrx_word' id='word_1_205' title='bbox 964 1775 1211 1815; x_wconf 84' lang='lat' dir='ltr'>cognoscere</span> <span class='ocrx_word' id='word_1_206' title='bbox 1251 1761 1365 1802; x_wconf 89' lang='lat' dir='ltr'>tedio</span> <span class='ocrx_word' id='word_1_207' title='bbox 1406 1775 1487 1803; x_wconf 94' lang='lat' dir='ltr'>non</span> <span class='ocrx_word' id='word_1_208' title='bbox 1528 1762 1593 1802; x_wconf 86' lang='lat' dir='ltr'>sit.</span> <span class='ocrx_word' id='word_1_209' title='bbox 1652 1760 1762 1802; x_wconf 87' lang='lat' dir='ltr'>Nam</span> 
     </span>
     <span class='ocr_line' id='line_1_34' title="bbox 330 1819 1762 1873; baseline 0 -14"><span class='ocrx_word' id='word_1_210' title='bbox 330 1822 470 1873; x_wconf 90' lang='lat' dir='ltr'>preter</span> <span class='ocrx_word' id='word_1_211' title='bbox 491 1819 684 1873; x_wconf 84' lang='lat' dir='ltr'>ingencia</span> <span class='ocrx_word' id='word_1_212' title='bbox 705 1819 831 1860; x_wconf 88' lang='lat' dir='ltr'>animi</span> <span class='ocrx_word' id='word_1_213' title='bbox 854 1819 1003 1860; x_wconf 87' lang='lat' dir='ltr'>decora</span> <span class='ocrx_word' id='word_1_214' title='bbox 1025 1819 1305 1873; x_wconf 86' lang='lat' dir='ltr'>singularibus</span> <span class='ocrx_word' id='word_1_215' title='bbox 1326 1823 1474 1860; x_wconf 90' lang='lat' dir='ltr'>nature</span> <span class='ocrx_word' id='word_1_216' title='bbox 1496 1819 1762 1860; x_wconf 89' lang='lat' dir='ltr'>incrementis</span> 
     </span>
     <span class='ocr_line' id='line_1_35' title="bbox 330 1876 1763 1932; baseline 0 -15"><span class='ocrx_word' id='word_1_217' title='bbox 330 1880 498 1918; x_wconf 88' lang='lat' dir='ltr'>euectus</span> <span class='ocrx_word' id='word_1_218' title='bbox 543 1877 794 1917; x_wconf 88' lang='lat' dir='ltr'>ammirabili</span> <span class='ocrx_word' id='word_1_219' title='bbox 847 1877 1027 1932; x_wconf 89' lang='lat' dir='ltr'>corporis</span> <span class='ocrx_word' id='word_1_220' title='bbox 1071 1877 1359 1931; x_wconf 88' lang='lat' dir='ltr'>magnitudine</span> <span class='ocrx_word' id='word_1_221' title='bbox 1405 1890 1454 1917; x_wconf 92' lang='lat' dir='ltr'>eo</span> <span class='ocrx_word' id='word_1_222' title='bbox 1500 1876 1763 1930; x_wconf 84' lang='lat' dir='ltr'>proceritatis</span> 
     </span>
     <span class='ocr_line' id='line_1_36' title="bbox 329 1933 1762 1989; baseline 0 -14"><span class='ocrx_word' id='word_1_223' title='bbox 329 1939 577 1987; x_wconf 83' lang='lat' dir='ltr'>excesserat,</span> <span class='ocrx_word' id='word_1_224' title='bbox 609 1938 922 1976; x_wconf 89' lang='lat' dir='ltr'>ut.ceterorum</span> <span class='ocrx_word' id='word_1_225' title='bbox 953 1935 1130 1976; x_wconf 90' lang='lat' dir='ltr'>uertices</span> <span class='ocrx_word' id='word_1_226' title='bbox 1158 1934 1344 1980; x_wconf 80' lang='lat' dir='ltr'>&#39;humeris</span> <span class='ocrx_word' id='word_1_227' title='bbox 1385 1939 1613 1989; x_wconf 86' lang='lat' dir='ltr'>superaret.</span> <span class='ocrx_word' id='word_1_228' title='bbox 1673 1933 1762 1975; x_wconf 88' lang='lat' dir='ltr'>Nec</span> 
     </span>
     <span class='ocr_line' id='line_1_37' title="bbox 330 1991 1762 2045; baseline 0 -13"><span class='ocrx_word' id='word_1_229' title='bbox 330 1991 581 2045; x_wconf 86' lang='lat' dir='ltr'>longitudini</span> <span class='ocrx_word' id='word_1_230' title='bbox 620 1992 865 2033; x_wconf 89' lang='lat' dir='ltr'>inconcinna</span> <span class='ocrx_word' id='word_1_231' title='bbox 905 1992 1090 2033; x_wconf 90' lang='lat' dir='ltr'>soliditas</span> <span class='ocrx_word' id='word_1_232' title='bbox 1130 1992 1229 2045; x_wconf 90' lang='lat' dir='ltr'>fuit,</span> <span class='ocrx_word' id='word_1_233' title='bbox 1269 1996 1316 2033; x_wconf 88' lang='lat' dir='ltr'>ut</span> <span class='ocrx_word' id='word_1_234' title='bbox 1355 1996 1484 2033; x_wconf 88' lang='lat' dir='ltr'>totam</span> <span class='ocrx_word' id='word_1_235' title='bbox 1526 1992 1614 2033; x_wconf 84' lang='lat' dir='ltr'>eius</span> <span class='ocrx_word' id='word_1_236' title='bbox 1653 2006 1762 2033; x_wconf 91' lang='lat' dir='ltr'>com-</span> 
     </span>
     <span class='ocr_line' id='line_1_38' title="bbox 327 2049 1760 2104; baseline 0.001 -15"><span class='ocrx_word' id='word_1_237' title='bbox 327 2061 479 2103; x_wconf 90' lang='lat' dir='ltr'>pagem</span> <span class='ocrx_word' id='word_1_238' title='bbox 512 2050 774 2091; x_wconf 88' lang='lat' dir='ltr'>exactissimo</span> <span class='ocrx_word' id='word_1_239' title='bbox 805 2054 953 2091; x_wconf 90' lang='lat' dir='ltr'>nature</span> <span class='ocrx_word' id='word_1_240' title='bbox 984 2051 1153 2104; x_wconf 89' lang='lat' dir='ltr'>ingenio</span> <span class='ocrx_word' id='word_1_241' title='bbox 1187 2050 1395 2090; x_wconf 90' lang='lat' dir='ltr'>excultam</span> <span class='ocrx_word' id='word_1_242' title='bbox 1420 2049 1760 2104; x_wconf 86' lang='lat' dir='ltr'>elaboratamque</span> 
     </span>
     <span class='ocr_line' id='line_1_39' title="bbox 328 2107 1760 2162; baseline 0.001 -15"><span class='ocrx_word' id='word_1_243' title='bbox 328 2111 520 2161; x_wconf 83' lang='lat' dir='ltr'>putares,</span> <span class='ocrx_word' id='word_1_244' title='bbox 567 2121 646 2162; x_wconf 92' lang='lat' dir='ltr'>que</span> <span class='ocrx_word' id='word_1_245' title='bbox 686 2107 850 2162; x_wconf 89' lang='lat' dir='ltr'>corpori</span> <span class='ocrx_word' id='word_1_246' title='bbox 890 2108 1128 2162; x_wconf 85' lang='lat' dir='ltr'>granditate</span> <span class='ocrx_word' id='word_1_247' title='bbox 1174 2107 1392 2161; x_wconf 88' lang='lat' dir='ltr'>conspicuo</span> <span class='ocrx_word' id='word_1_248' title='bbox 1437 2113 1760 2148; x_wconf 89' lang='lat' dir='ltr'>consentaneum</span> 
     </span>
     <span class='ocr_line' id='line_1_40' title="bbox 327 2164 1760 2219; baseline 0.001 -15"><span class='ocrx_word' id='word_1_249' title='bbox 327 2164 479 2204; x_wconf 93' lang='lat' dir='ltr'>uirium</span> <span class='ocrx_word' id='word_1_250' title='bbox 510 2164 710 2208; x_wconf 85' lang='lat' dir='ltr'>habitum.</span> <span class='ocrx_word' id='word_1_251' title='bbox 730 2165 983 2206; x_wconf 88' lang='lat' dir='ltr'>conciliauit.</span> <span class='ocrx_word' id='word_1_252' title='bbox 1044 2165 1180 2219; x_wconf 87' lang='lat' dir='ltr'>Igitur</span> <span class='ocrx_word' id='word_1_253' title='bbox 1211 2169 1257 2205; x_wconf 93' lang='lat' dir='ltr'>ut</span> <span class='ocrx_word' id='word_1_254' title='bbox 1288 2177 1457 2219; x_wconf 91' lang='lat' dir='ltr'>corpore</span> <span class='ocrx_word' id='word_1_255' title='bbox 1488 2165 1670 2218; x_wconf 89' lang='lat' dir='ltr'>nullum,</span> <span class='ocrx_word' id='word_1_256' title='bbox 1701 2165 1760 2205; x_wconf 88' lang='lat' dir='ltr'>ita</span> 
     </span>
     <span class='ocr_line' id='line_1_41' title="bbox 327 2221 1758 2277; baseline 0.001 -15"><span class='ocrx_word' id='word_1_257' title='bbox 327 2235 404 2262; x_wconf 90' lang='lat' dir='ltr'>nec</span> <span class='ocrx_word' id='word_1_258' title='bbox 433 2221 579 2263; x_wconf 89' lang='lat' dir='ltr'>robore</span> <span class='ocrx_word' id='word_1_259' title='bbox 610 2236 755 2276; x_wconf 88' lang='lat' dir='ltr'>parem</span> <span class='ocrx_word' id='word_1_260' title='bbox 786 2222 956 2275; x_wconf 81' lang='lat' dir='ltr'>habuit,</span> <span class='ocrx_word' id='word_1_261' title='bbox 989 2236 1083 2263; x_wconf 89' lang='lat' dir='ltr'>cum</span> <span class='ocrx_word' id='word_1_262' title='bbox 1114 2226 1272 2263; x_wconf 89' lang='lat' dir='ltr'>stature</span> <span class='ocrx_word' id='word_1_263' title='bbox 1295 2222 1428 2272; x_wconf 24' lang='lat' dir='ltr'>,laude</span> <span class='ocrx_word' id='word_1_264' title='bbox 1459 2223 1630 2276; x_wconf 87' lang='lat' dir='ltr'>egregia</span> <span class='ocrx_word' id='word_1_265' title='bbox 1661 2236 1758 2277; x_wconf 93' lang='lat' dir='ltr'>quo-</span> 
     </span>
     <span class='ocr_line' id='line_1_42' title="bbox 330 2279 1758 2334; baseline 0 -14"><span class='ocrx_word' id='word_1_266' title='bbox 330 2292 409 2333; x_wconf 91' lang='lat' dir='ltr'>que</span> <span class='ocrx_word' id='word_1_267' title='bbox 448 2279 603 2334; x_wconf 88' lang='lat' dir='ltr'>uigoris</span> <span class='ocrx_word' id='word_1_268' title='bbox 632 2285 890 2333; x_wconf 51' lang='lat' dir='ltr'>¹,ornamenta</span> <span class='ocrx_word' id='word_1_269' title='bbox 929 2280 1113 2321; x_wconf 86' lang='lat' dir='ltr'>sortitus.</span> <span class='ocrx_word' id='word_1_270' title='bbox 1176 2279 1332 2321; x_wconf 86' lang='lat' dir='ltr'>Haste</span> <span class='ocrx_word' id='word_1_271' title='bbox 1355 2283 1428 2320; x_wconf 88' lang='lat' dir='ltr'>aut</span> <span class='ocrx_word' id='word_1_272' title='bbox 1469 2280 1618 2334; x_wconf 88' lang='lat' dir='ltr'>lapidis</span> <span class='ocrx_word' id='word_1_273' title='bbox 1648 2280 1758 2320; x_wconf 88' lang='lat' dir='ltr'>iactu</span> 
     </span>
     <span class='ocr_line' id='line_1_43' title="bbox 325 2336 1759 2392; baseline 0 -15"><span class='ocrx_word' id='word_1_274' title='bbox 325 2336 473 2378; x_wconf 87' lang='lat' dir='ltr'>sedens</span> <span class='ocrx_word' id='word_1_275' title='bbox 504 2341 660 2378; x_wconf 87' lang='lat' dir='ltr'>stantes</span> <span class='ocrx_word' id='word_1_276' title='bbox 701 2338 918 2388; x_wconf 87' lang='lat' dir='ltr'>uincebat,</span> <span class='ocrx_word' id='word_1_277' title='bbox 961 2351 1095 2392; x_wconf 91' lang='lat' dir='ltr'>neque</span> <span class='ocrx_word' id='word_1_278' title='bbox 1126 2337 1188 2377; x_wconf 91' lang='lat' dir='ltr'>illi</span> <span class='ocrx_word' id='word_1_279' title='bbox 1218 2337 1332 2389; x_wconf 87' lang='lat' dir='ltr'>situs,</span> <span class='ocrx_word' id='word_1_280' title='bbox 1365 2350 1445 2391; x_wconf 94' lang='lat' dir='ltr'>quo</span> <span class='ocrx_word' id='word_1_281' title='bbox 1476 2338 1611 2378; x_wconf 92' lang='lat' dir='ltr'>minus</span> <span class='ocrx_word' id='word_1_282' title='bbox 1641 2336 1759 2377; x_wconf 89' lang='lat' dir='ltr'>forti-</span> 
     </span>
     <span class='ocr_line' id='line_1_44' title="bbox 327 2393 1758 2449; baseline 0.001 -16"><span class='ocrx_word' id='word_1_283' title='bbox 327 2393 482 2435; x_wconf 91' lang='lat' dir='ltr'>tudinis</span> <span class='ocrx_word' id='word_1_284' title='bbox 513 2408 585 2436; x_wconf 88' lang='lat' dir='ltr'>sue</span> <span class='ocrx_word' id='word_1_285' title='bbox 617 2396 925 2449; x_wconf 85' lang='lat' dir='ltr'>experienciam</span> <span class='ocrx_word' id='word_1_286' title='bbox 966 2395 1134 2446; x_wconf 84' lang='lat' dir='ltr'>ederet,</span> <span class='ocrx_word' id='word_1_287' title='bbox 1182 2394 1350 2435; x_wconf 88' lang='lat' dir='ltr'>officere</span> <span class='ocrx_word' id='word_1_288' title='bbox 1390 2395 1536 2449; x_wconf 89' lang='lat' dir='ltr'>potuit.</span> <span class='ocrx_word' id='word_1_289' title='bbox 1597 2394 1758 2436; x_wconf 85' lang='lat' dir='ltr'>Eodem</span> 
     </span>
     <span class='ocr_line' id='line_1_45' title="bbox 328 2452 1756 2507; baseline 0.001 -17"><span class='ocrx_word' id='word_1_290' title='bbox 328 2452 508 2505; x_wconf 86' lang='lat' dir='ltr'>corporis</span> <span class='ocrx_word' id='word_1_291' title='bbox 547 2453 628 2493; x_wconf 89' lang='lat' dir='ltr'>situ</span> <span class='ocrx_word' id='word_1_292' title='bbox 668 2466 720 2493; x_wconf 86' lang='lat' dir='ltr'>ex</span> <span class='ocrx_word' id='word_1_293' title='bbox 760 2452 1055 2494; x_wconf 87' lang='lat' dir='ltr'>robustissimis</span> <span class='ocrx_word' id='word_1_294' title='bbox 1100 2452 1206 2493; x_wconf 89' lang='lat' dir='ltr'>duos</span> <span class='ocrx_word' id='word_1_295' title='bbox 1251 2452 1363 2493; x_wconf 87' lang='lat' dir='ltr'>lucta</span> <span class='ocrx_word' id='word_1_296' title='bbox 1408 2452 1756 2507; x_wconf 84' lang='lat' dir='ltr'>aggrediebatur;</span> 
     </span>
     <span class='ocr_line' id='line_1_46' title="bbox 328 2507 1756 2566; baseline 0.001 -18"><span class='ocrx_word' id='word_1_297' title='bbox 328 2507 508 2563; x_wconf 92' lang='lat' dir='ltr'>dumque</span> <span class='ocrx_word' id='word_1_298' title='bbox 539 2510 1013 2566; x_wconf 21' lang='lat' dir='ltr'>alterum-attrectaret,</span> <span class='ocrx_word' id='word_1_299' title='bbox 1060 2510 1239 2551; x_wconf 88' lang='lat' dir='ltr'>alterum</span> <span class='ocrx_word' id='word_1_300' title='bbox 1270 2510 1446 2564; x_wconf 90' lang='lat' dir='ltr'>genibus</span> <span class='ocrx_word' id='word_1_301' title='bbox 1476 2523 1756 2564; x_wconf 86' lang='lat' dir='ltr'>compressum</span> 
     </span>
     <span class='ocr_line' id='line_1_47' title="bbox 327 2566 1756 2622; baseline 0.001 -17"><span class='ocrx_word' id='word_1_302' title='bbox 327 2566 516 2619; x_wconf 89' lang='lat' dir='ltr'>urgebat,</span> <span class='ocrx_word' id='word_1_303' title='bbox 547 2581 624 2608; x_wconf 91' lang='lat' dir='ltr'>nec</span> <span class='ocrx_word' id='word_1_304' title='bbox 654 2571 750 2608; x_wconf 83' lang='lat' dir='ltr'>ante</span> <span class='ocrx_word' id='word_1_305' title='bbox 782 2567 962 2619; x_wconf 86' lang='lat' dir='ltr'>destitit,</span> <span class='ocrx_word' id='word_1_306' title='bbox 1003 2581 1128 2622; x_wconf 87' lang='lat' dir='ltr'>quam</span> <span class='ocrx_word' id='word_1_307' title='bbox 1159 2567 1272 2621; x_wconf 85' lang='lat' dir='ltr'>prius</span> <span class='ocrx_word' id='word_1_308' title='bbox 1303 2567 1424 2619; x_wconf 91' lang='lat' dir='ltr'>hunc,</span> <span class='ocrx_word' id='word_1_309' title='bbox 1457 2567 1607 2608; x_wconf 88' lang='lat' dir='ltr'>deinde</span> <span class='ocrx_word' id='word_1_310' title='bbox 1637 2567 1756 2607; x_wconf 86' lang='lat' dir='ltr'>illum</span> 
     </span>
     <span class='ocr_line' id='line_1_48' title="bbox 327 2622 1755 2679; baseline 0.003 -16"><span class='ocrx_word' id='word_1_311' title='bbox 327 2622 501 2677; x_wconf 85' lang='lat' dir='ltr'>pedibus</span> <span class='ocrx_word' id='word_1_312' title='bbox 542 2624 815 2667; x_wconf 84' lang='lat' dir='ltr'>subiiciendo-</span> <span class='ocrx_word' id='word_1_313' title='bbox 840 2625 1062 2666; x_wconf 85' lang='lat' dir='ltr'>amborum</span> <span class='ocrx_word' id='word_1_314' title='bbox 1109 2639 1254 2666; x_wconf 83' lang='lat' dir='ltr'>manus</span> <span class='ocrx_word' id='word_1_315' title='bbox 1292 2629 1385 2679; x_wconf 90' lang='lat' dir='ltr'>post</span> <span class='ocrx_word' id='word_1_316' title='bbox 1416 2629 1535 2679; x_wconf 88' lang='lat' dir='ltr'>terga</span> <span class='ocrx_word' id='word_1_317' title='bbox 1565 2625 1755 2667; x_wconf 89' lang='lat' dir='ltr'>uinciret.</span> 
     </span>
    </p>
   </div>
   <div class='ocr_carea' id='block_1_14' title="bbox 1821 950 1884 997">
    <p class='ocr_par' dir='ltr' id='par_1_14' title="bbox 1821 950 1884 997">
     <span class='ocr_line' id='line_1_49' title="bbox 1821 950 1884 997; baseline 0 -7"><span class='ocrx_word' id='word_1_318' title='bbox 1821 950 1884 997; x_wconf 71' lang='lat'>(2&#39;2.</span> 
     </span>
    </p>
   </div>
  </div>
 </body>
</html>
