1884 3126
243 904 276 932 10

239 1192 273 1220 15

236 1481 274 1508 20

232 1770 268 1797 25

228 2060 266 2089 30

225 2348 261 2376 35

225 2637 261 2665 40

317 251 398 292 638
877 269 932 276 -
990 242 1077 286 XV
1136 268 1191 277 —

314 378 474 427 moniti,
506 379 673 417 centum
705 373 820 415 libris
850 387 1069 414 nummum
1101 371 1319 426 Absaloni,
1352 373 1461 428 quod
1498 387 1628 428 penes
1658 388 1754 416 eum

315 433 599 490 expedicionis
631 431 853 473 arbitrium
883 434 1004 483 esset,
1034 431 1292 486 totidemque
1323 430 1495 472 Kanuto
1525 432 1754 486 promissis,

315 493 551 547 legatorum
583 504 608 531 a
638 503 682 530 se
713 496 931 543 captorum
953 487 1235 530 dimissionem
1267 502 1362 530 cum
1393 488 1556 530 duobus
1586 489 1755 531 milibus

314 550 533 596 talentum,
565 561 648 602 qua
679 560 842 588 summa
872 546 1066 601 rapinam
1086 546 1177 600 regi
1197 546 1398 587 inflictam
1418 545 1753 602 rependere<nt>‚

310 607 574 661 pollicentur.
637 604 706 645 Ad
738 604 815 645 hec
843 603 1038 645 Absalon
1067 617 1312 657 responsum
1345 609 1542 657 moratus,
1573 604 1754 646 seductis

311 663 554 714 maioribus,
584 661 725 704 offerri
754 661 1018 703 condiciones
1050 661 1103 702 ab
1135 661 1256 702 hoste
1294 661 1415 715 dixit,
1447 675 1625 717 quarum
1654 676 1753 704 usus

311 721 566 775 perniciosus
596 720 746 775 patrie,
779 719 848 760 sed
869 723 1027 774 gratus,
1059 723 1326 774 contemptus
1350 733 1451 761 uero
1483 720 1752 772 commodior,

310 792 436 834 quam
468 778 601 819 carior
632 781 740 819 esset
770 776 956 830 futurus3
989 776 1191 831 siquidem
1212 777 1436 831 pecuniam
1466 778 1571 832 regi,
1603 791 1750 833 pacem

309 836 490 885 ciuibus,
529 835 707 890 captiuis
748 834 985 876 missionem
1027 835 1139 888 pacti
1179 835 1348 876 nomine
1387 833 1584 889 lucr<ar>i
1614 835 1750 877 fauori

307 894 464 949 quaml
502 893 676 934 utilitati
717 893 894 948 propius
936 892 1268 934 emolumentum
1307 906 1419 947 esse3
1459 893 1605 934 iisdem
1650 907 1750 935 uero

306 966 380 1006 pro
427 951 558 992 nihilo
605 950 764 1003 ductis,
810 964 835 991 a
865 950 979 991 bello
1017 963 1101 991 non
1146 950 1367 1003 recedere,
1413 951 1747 992 saluberrimum.

306 1009 399 1050 Iam
431 1009 543 1050 enim
574 1008 824 1050 Sclauorum
854 1008 966 1049 uires
999 1021 1050 1049 eo
1081 1008 1298 1050 tenuitatis
1330 1022 1419 1050 esse
1450 1008 1654 1061 redactas,
1686 1013 1748 1063 ut,

307 1067 342 1108 si
384 1080 470 1122 pax
515 1066 639 1117 desit,
681 1065 946 1107 dedicionem
984 1066 1100 1120 sequi
1140 1079 1308 1108 necesse
1348 1066 1545 1108 habeant.
1606 1065 1674 1107 Ita
1704 1079 1748 1108 se

308 1125 404 1175 suis,
435 1124 606 1177 bellum,
639 1138 692 1164 an
713 1137 862 1178 pacem
882 1123 1073 1178 probent,
1106 1123 1378 1177 deligendum
1408 1124 1657 1179 relinquere,
1679 1137 1745 1178 ne,

305 1183 443 1223 alieno
467 1182 639 1223 consilio
662 1181 876 1235 preterito,
897 1181 1115 1236 proprium
1135 1181 1335 1223 audacter
1356 1186 1522 1223 secutus
1538 1181 1746 1224 uideatur.

304 1240 619 1294 Respondetur,
651 1240 690 1280 ei
719 1239 983 1294 potissimum
1012 1239 1124 1294 parti
1145 1238 1411 1289 studendum,
1442 1253 1525 1294 qua
1555 1239 1746 1294 publicus

305 1298 425 1339 fauor
455 1298 589 1352 possit
619 1297 792 1351 acquiri.
853 1295 950 1338 Hac
981 1295 1192 1338 sociorum
1224 1297 1437 1339 sentencia
1466 1297 1654 1338 Absalon
1685 1297 1746 1338 uti

305 1356 553 1411 compulsus,
575 1368 628 1396 ne
651 1355 823 1396 anxiam
843 1355 954 1408 regis
976 1355 1322 1408 expectacionem
1343 1355 1560 1410 inopinata
1586 1355 1745 1396 reditus

306 1413 370 1454 sui
410 1413 626 1455 celeritate
669 1416 929 1465 concuteret,
967 1412 1020 1453 ab
1061 1411 1252 1454 Esberno
1295 1427 1339 1454 se
1383 1413 1570 1468 precurri
1613 1412 1743 1465 iubet,

303 1471 535 1526 speciosum
554 1475 767 1525 gestorum
783 1470 979 1511 nuncium
994 1470 1221 1525 perlaturo.
1255 1470 1350 1526 Qui,
1371 1476 1543 1526 propter
1563 1469 1746 1525 Hythim·

302 1529 484 1570 insulam
514 1532 813 1583 tempestatum
846 1527 1102 1570 aduersitate
1133 1529 1357 1582 coercitus,
1397 1542 1481 1570 non
1511 1532 1609 1570 ante
1639 1532 1744 1570 tem-

301 1587 514 1641 pestiuum
551 1586 804 1641 profeccioni
826 1585 841 1639 Η
863 1586 1001 1627 celum
1042 1586 1214 1628 sortitus
1254 1590 1343 1641 est,
1384 1600 1510 1641 quam
1541 1585 1742 1637 Absalon,

301 1645 480 1700 receptis
526 1643 763 1696 obsidibus,
814 1641 1001 1685 eiusdem
1052 1644 1170 1685 uenti
1220 1644 1420 1686 beneficio
1471 1644 1740 1685 allaberetur.

301 1701 428 1743 Cuius
463 1702 749 1757 precelerandi
796 1701 939 1756 gracia
979 1702 1301 1757 nauigacionem
1342 1702 1569 1756 impensius
1618 1700 1742 1743 confi-

300 1759 448 1802 ciebat.
500 1759 593 1808 Qua
623 1759 734 1801 forte
764 1773 842 1800 rex
871 1759 980 1801 inter
1008 1759 1249 1801 uenandum
1280 1768 1529 1815 conspecta,
1567 1771 1740 1814 prepro-

298 1831 447 1873 perum
478 1821 642 1872 postere
673 1818 814 1858 classis
844 1817 1028 1859 reditum
1059 1818 1317 1870 ammiratus,
1349 1818 1496 1873 fugam
1526 1818 1609 1859 suis
1638 1817 1740 1858 inie-

299 1880 410 1916 ctam
456 1874 666 1917 credebat.
749 1874 887 1922 Quam
937 1874 1261 1916 sollicitudinem
1311 1875 1417 1917 falso
1468 1879 1738 1928 contractam,

298 1933 474 1986 cognitis
515 1947 569 1974 ex
615 1932 805 1974 Esberno
845 1933 994 1983 rebus,
1039 1932 1233 1974 effusiore
1274 1933 1428 1987 gaudio
1466 1933 1738 1989 permutauit,

297 1991 441 2031 utilius
472 2004 575 2046 pace
606 1990 766 2032 bellum
797 1990 1024 2032 confessus.
1086 1990 1222 2038 Quem
1253 1991 1385 2032 eciam
1406 1991 1590 2047 hospicio
1622 1991 1738 2033 beni-

296 2049 494 2102 gnissime
525 2053 751 2103 exceptum
782 2049 916 2102 plenis
946 2048 1169 2089 hilaritatis
1211 2048 1356 2090 officiis
1385 2053 1630 2104 prosecutus
1661 2053 1736 2091 est.

298 2105 379 2147 Die
410 2110 575 2161 postero
607 2107 783 2147 classem
803 2120 889 2147 non
911 2106 1049 2147 solum
1073 2106 1393 2161 impensioribus
1423 2108 1563 2148 uerbis
1592 2107 1738 2149 lauda-

296 2168 395 2214 tam,
427 2177 576 2205 uerum
607 2164 739 2205 eciam
771 2163 920 2205 osculis
951 2163 1199 2205 honoratam
1231 2164 1417 2206 dimittit.

434 2221 526 2269 Quo
566 2226 660 2276 post
699 2221 869 2263 modum
909 2221 1021 2276 apud
1051 2220 1208 2262 Iutiam
1239 2221 1499 2274 diuersante,
1536 2221 1732 2264 Kanutus

295 2282 338 2320 et
385 2278 590 2333 Karolus,
637 2280 923 2334 petulanciore
969 2293 1097 2320 manu
1137 2292 1264 2333 quam
1303 2279 1511 2322 ualidiore
1554 2280 1730 2333 delecta,

292 2335 568 2378 Hallandiam
600 2337 752 2390 adorti,
784 2335 925 2378 exilii*
957 2337 1125 2392 proprio
1156 2337 1312 2378 scelere
1343 2338 1546 2379 contracti
1575 2338 1731 2394 suppli-

294 2394 405 2435 cium
435 2408 460 2435 a
481 2394 618 2449 patria
648 2408 812 2436 sumere
834 2395 1105 2436 conabantur.
1154 2394 1236 2442 Qui
1258 2394 1359 2435 dum
1379 2395 1730 2438 Hallandensium

294 2452 573 2505 multitudine,
597 2466 723 2507 quam
745 2452 823 2494 sibi
848 2452 1061 2493 fauturam
1091 2457 1377 2506 sperauerant,
1409 2453 1728 2508 repellerentur,

293 2509 428 2550 fatum
457 2509 557 2564 fuge
588 2514 900 2565 anteponentes,
932 2513 1105 2564 propter
1128 2522 1288 2560 nemus,
1319 2510 1432 2564 quod
1454 2510 1729 2552 Hallandiam

293 2581 318 2608 a
349 2566 504 2609 Gothia
534 2567 723 2618 secernit,
755 2568 888 2609 aciem
912 2567 1118 2608 ordinant.
1161 2565 1247 2608 Vbi
1267 2567 1504 2610 infelicibus
1534 2569 1729 2624 auspiciis

290 2625 471 2681 preliati,
487 2639 639 2680 graues
665 2628 823 2667 tentate
850 2625 985 2681 patrie
1009 2625 1015 2678 Ι
1045 2638 1174 2681 penas
1195 2623 1361 2667 dedere.
1403 2625 1515 2682 Nam
1535 2625 1729 2668 Kanutus

1752 2348 1800 2377 Ch
