1884 3126
712 294 765 300 --
826 268 966 311 XIIII
1025 296 1080 302 —-
1538 270 1623 311 443

166 401 344 443 iuuenes
379 400 630 457 compeditis
662 404 801 443 semet
829 400 1064 443 incessibus
1098 400 1363 455 obtulerunt,
1394 400 1625 456 supplices-

168 472 251 514 que
294 459 383 500 eius
429 459 606 514 genibus
650 459 864 513 aduoluti,
911 459 1118 515 preteritis
1164 459 1411 502 innocencie
1452 459 1624 510 meritis,

167 517 379 572 capcionis
402 517 417 571 Ι]
439 518 629 560 remedia
659 517 922 571 flagitabant.
971 517 1159 566 Quorum
1193 517 1342 559 Ericus
1374 522 1421 559 ut
1451 517 1624 560 fortune

166 576 376 629 misertus,
408 576 468 618 ita
499 576 598 618 fidei
641 576 899 632 gratulatus,
933 573 1113 632 (quippe
1144 576 1249 631 fuga
1280 577 1412 631 patris
1443 576 1627 618 filiorum

117 644 134 671 5
166 633 499 676 affirmacionem
523 633 786 689 adiuueraffl
819 635 927 676 sicut
959 639 1050 676 erat
1081 648 1198 676 mero
1231 634 1554 691 percalefactus,
1586 639 1628 676 et

167 692 397 734 calamitati
418 687 670 749 lachrymas
703 692 820 734 dedit
862 698 905 735 et
943 693 1167 735 ueracitati
1199 693 1378 735 salutem
1418 694 1625 748 promisit.

169 751 295 800 Quod
329 765 423 792 cum
454 751 567 793 forte
600 751 887 794 Christiernus
922 766 976 793 ex
1007 752 1156 793 aulicis
1191 753 1476 807 cognouisset,
1508 756 1627 795 ante-

166 810 320 852 lucano
370 815 558 865 tempore
607 810 770 865 petenti
815 809 1046 852 sacrarium
1096 810 1223 852 Erico
1278 810 1430 852 obuius
1476 810 1627 862 factus,

167 869 367 910 hesterne
409 883 507 911 eum
546 869 801 910 temulencie
843 868 1021 910 lasciuia
1054 869 1310 910 concitatum
1344 869 1627 924 intemperate

101 937 135 964 10
167 927 411 968 munificum
444 927 636 969 extitisse
666 927 846 979 ridebat,
879 927 991 983 quod
1019 927 1205 968 Daniam
1227 927 1341 970 hosti
1377 927 1491 969 dono
1524 927 1626 970 dare

167 985 448 1028 sustinuisset.
520 985 755 1028 Racionem
798 999 970 1042 quoque
1016 985 1116 1027 dicti
1159 986 1369 1028 lucidiore
1409 987 1627 1029 sentencia

166 1048 432 1100 persecutus,
463 1043 556 1087 fore
586 1045 738 1100 inquit,
772 1050 818 1086 ut
851 1044 1033 1086 Haraldi
1064 1044 1158 1086 filiis
1190 1045 1326 1086 maior
1356 1044 1627 1087 uinculorum

166 1116 341 1144 suorum
393 1117 520 1158 quam
571 1103 855 1145 absolucionis
907 1117 972 1145 res
1007 1108 1125 1145 ectus
1176 1103 1429 1155 incesseret,
1483 1102 1626 1145 odium

165 1161 384 1214 liberatori
427 1175 503 1217 pro
537 1162 680 1216 gracia
722 1162 929 1209 relaturis.
976 1117 1104 1210 I'lQuid
1139 1162 1246 1203 enim
1296 1161 1410 1203 aliud
1455 1162 1627 1204 Ericum

100 1229 134 1256 15
166 1234 311 1262 eorum
345 1220 472 1261 saluti
503 1224 750 1274 parcentem
782 1234 924 1276 agere,
958 1234 1083 1276 quam
1117 1219 1310 1263 Haraldo
1351 1220 1628 1262 robustorum

165 1279 371 1320 iuuenum
402 1278 561 1320 auxilia
592 1279 843 1321 reseruare?
890 1277 969 1319 His
1000 1278 1180 1321 uocibus
1212 1279 1440 1321 inclinatus
1476 1279 1627 1321 Ericus

165 1352 189 1378 a
220 1337 429 1393 promisso
472 1351 548 1379 suo
593 1352 720 1393 quam
764 1338 815 1379 ab
856 1337 982 1379 amici
1023 1337 1196 1379 consilio
1228 1337 1431 1380 recedere
1462 1338 1626 1392 maluit,

165 1395 488 1451 profectamque
507 1410 531 1437 a
554 1397 729 1451 crapula
751 1394 1069 1451 indulgenciam
1092 1396 1232 1438 sobria
1255 1396 1627 1439 animaduersione

168 1454 361 1495 cassauit.
423 1453 537 1495 Huic
569 1455 799 1496 clemencie
830 1454 1017 1496 studium
1050 1455 1092 1495 in
1127 1454 1391 1497 crudelitatis
1424 1456 1626 1497 exhorta-

96 1520 134 1548 20
165 1513 286 1554 cione
317 1512 533 1569 deponere
563 1512 708 1554 rubori
739 1526 825 1555 non
864 1512 958 1555 fuit.
1020 1513 1186 1569 Itaque,
1228 1527 1408 1569 quorum
1442 1528 1540 1570 spes
1572 1513 1626 1555 ad

166 1571 297 1612 uitam
329 1571 586 1623 intenderat,
619 1572 732 1613 salus
766 1571 884 1626 aquis
917 1576 1171 1627 consumpta
1203 1576 1280 1614 est.

184 1627 191 1634 ’
303 1628 474 1671 Eodem·
509 1633 701 1684 tempore
741 1628 962 1685 Noruagie
1001 1630 1257 1685 primoribus
1297 1629 1502 1685 Magnum
1534 1630 1625 1672 Ha-

166 1687 299 1740 raldo,
331 1688 401 1742 qui
431 1702 539 1743 eque
570 1702 671 1743 rege
704 1689 873 1743 genitus
907 1694 1031 1742 esset,
1064 1688 1284 1730 dimidium
1316 1689 1436 1743 regni
1468 1688 1624 1732 cedere

165 1746 503 1801 postulantibus,
548 1760 685 1801 eoque
730 1746 946 1788 hominem
986 1746 1145 1801 ignotis
1192 1752 1331 1790 ortum
1378 1747 1625 1802 parentibus

98 1810 135 1841 ‘25
166 1804 392 1846 admittere
425 1809 662 1851 recusante,
694 1804 737 1845 in
771 1819 874 1861 agro
898 1804 1147 1847 Fridleuino
1179 1805 1292 1847 ferro
1317 1810 1527 1847 certatum
1549 1810 1625 1847 est.

165 1862 336 1904 Interea
359 1863 588 1913 Haraldus,
621 1863 806 1918 repetita
837 1863 963 1917 Iutia,
987 1863 1145 1906 Vrnice
1169 1864 1381 1906 concionis
1414 1864 1626 1919 suffragiis

166 1934 242 1962 rex
276 1925 339 1963 est
372 1920 629 1964 declaratus.
692 1921 788 1970 Quo
821 1927 1052 1978 comperto,
1086 1922 1248 1975 Ericus,
1281 1922 1462 1977 nauigiis
1492 1922 1627 1978 glacie

167 1983 290 2021 tenus
324 1978 441 2032 (nam
474 1980 573 2034 gelu
606 1979 761 2022 undam
795 1980 1047 2024 durauerat)
1079 1981 1119 2022 in
1149 1984 1153 2031 Ι
1183 1981 1318 2022 altum
1361 1994 1496 2037 usque
1528 1995 1624 2037 per-

168 2037 326 2091 tractis,
351 2037 506 2079 Iutiam
538 2038 668 2080 tacite
696 2038 862 2093 petiuit,
886 2038 1215 2095 Haraldumque
1248 2038 1361 2095 apud
1386 2039 1627 2096 Scypetorp

99 2104 137 2131 30
167 2096 309 2137 uicum
340 2100 469 2137 noctu
505 2110 597 2137 cum
632 2097 931 2152 superstitibus
964 2097 1059 2139 filiis
1091 2098 1391 2154 interceptum,
1423 2098 1625 2149 diluculo,

171 2155 364 2196 conclaui
398 2158 660 2202 extractum,
701 2156 862 2211 absque
904 2160 1104 2211 respectu
1145 2157 1424 2198 fraternitatis
1456 2156 1626 2212 capitali

169 2213 378 2267 supplicio
413 2212 568 2255 affecit.
630 2213 699 2255 Ex
732 2214 883 2269 quibus
917 2213 1095 2266 Olauus,
1126 2215 1318 2257 clausum
1353 2215 1477 2256 armis
1511 2215 1626 2256 cubi-

170 2271 311 2311 culum
344 2270 506 2325 uidens,
538 2276 703 2314 mutata
735 2287 831 2313 cum
861 2272 1029 2315 feminis
1062 2277 1208 2326 ueste,
1254 2273 1485 2315 salutarem
1516 2274 1627 2315 inter

169 2328 314 2370 hostes
359 2343 576 2383 egressum
619 2329 782 2373 habuit.
857 2330 923 2372 Ea
968 2335 1224 2387 tempestate
1266 2331 1482 2373 Haraldus
1515 2331 1626 2373 Nor-

99 2395 136 2423 35
170 2387 295 2441 nagia
325 2388 491 2442 pulsus,
524 2393 571 2429 ut
602 2388 654 2430 ab
687 2388 812 2429 Erico
853 2389 1011 2443 aliquid
1046 2389 1199 2431 uirium
1234 2390 1527 2441 contraheret,
1559 2388 1626 2431 in*

1678 524 1773 560 (248)

1685 2000 1711 2025 p.
1730 1991 1783 2017 660

167 2444 350 2487 Daniam
391 2446 669 2501 peruehitur.-
726 2446 863 2495 Quem
905 2447 1054 2489 Ericus
1096 2448 1151 2489 ob
1195 2448 1388 2489 relictum
1435 2448 1487 2489 ab
1533 2448 1622 2490 eius
1644 2456 1803 2486 CXXle

169 2503 309 2544 emulo
357 2503 669 2545 matrimonium
718 2504 954 2559 supplicem
1001 2506 1182 2561 recepit,
1230 2506 1505 2561 oblatumque
1548 2506 1626 2548 sibi

169 2562 408 2616 speciosum
449 2575 594 2617 pugne
633 2563 801 2603 titulum
841 2563 1038 2616 gauisus,
1082 2564 1253 2605 auxiliis
1294 2578 1393 2605 eum
1423 2565 1626 2620 prosequi

169 2620 327 2662 statuit.
412 2619 629 2662 Haraldus
681 2624 850 2675 autem,
905 2626 1088 2677 excepta
1137 2622 1416 2676 liberalitate,
1463 2622 1625 2665 nullam

47 2702 51 2706 -
101 2689 138 2716 40
169 2678 297 2722 animi
330 2677 420 2720 fere
451 2677 594 2722 dotem
617 2679 813 2736 adeptus,
846 2679 996 2722 crebra
1014 2680 1205 2736 corporis
1226 2680 1389 2723 uirtute
1419 2681 1626 2738 pollebat.
