1884 3126
668 250 716 256 —
777 226 918 270 XIIII
980 253 1029 259 —
1486 231 1568 273 613

126 351 347 407 delegatur
367 351 621 406 Priszlauus,
652 356 724 410 qui
754 356 912 398 bellum
943 356 1056 411 apud
1077 356 1220 399 Danos
1252 356 1565 412 deprecaretur.

127 409 178 451 In
217 423 393 465 quorum
434 416 705 467 preparatam
747 414 923 455 classem
962 415 1169 466 incidens,
1211 415 1350 456 oblate
1390 416 1566 470 pecunie

125 468 326 522 paccione
370 483 452 510 non
499 470 635 512 solum
682 471 988 526 profeccicnem
1031 472 1268 527 prohibuit,
1315 473 1388 514 sed
1435 474 1568 515 eciam

125 539 273 581 pacem
312 526 356 567 in
395 527 612 581 biennium
650 530 828 572 taxauit.
902 529 1097 572 Ceterum
1142 530 1308 584 publice
1354 531 1567 585 religionis

76 597 93 624 5
125 583 391 626 condiciones
432 584 622 627 barbaris
665 586 827 641 ingeste
871 601 954 628 non
994 592 1112 639 sunt,
1156 588 1270 630 cuius
1311 588 1565 643 professores

125 641 314 697 plerique
346 655 491 683 eorum
522 644 732 699 principes
764 645 1007 698 existerent,
1039 646 1166 700 uulgo
1197 660 1408 687 sacrorum
1439 647 1565 688 socie-

125 703 256 740 tatem
297 699 538 743 damnante.
610 702 691 750 Qui
730 703 897 744 tametsi
937 702 1173 744 Christiano
1219 704 1386 745 nomine
1428 718 1567 746 cense-

126 761 286 812 rentur,
318 758 488 800 titulum
519 760 708 802 moribus
739 760 1005 815 abdicabant,
1036 761 1340 816 professionem
1372 762 1566 817 operibus

125 815 377 870 polluentes.

56 887 93 915 10
262 873 346 915 Per
388 874 501 916 idem
542 879 708 931 tempus
746 875 979 929 Henricus,
1021 877 1257 931 compositis
1299 877 1341 918 in
1384 877 1566 919 Bauaria

125 930 277 981 rebus,
319 932 416 987 quia
457 932 618 975 Sclauis
658 934 883 976 aduersum
912 933 1055 975 Danos
1095 934 1239 976 adesse
1275 949 1357 976 non
1388 939 1565 990 poterat,

125 989 360 1031 amiciciam
380 989 662 1045 Waldemari,
693 992 808 1047 prius
836 1005 911 1046 per
934 992 1216 1033 internuncios
1246 993 1435 1047 petitam,
1467 1007 1566 1034 mox

125 1047 239 1102 apud
281 1045 482 1089 Eidoram
524 1050 728 1105 colloquio
770 1050 1009 1104 obtentam,
1051 1049 1241 1091 callidius
1272 1063 1396 1104 quam
1427 1051 1566 1092 uerius

128 1105 398 1160 amplexatus
437 1110 513 1149 est„
580 1107 693 1149 Nam
731 1108 939 1163 peruicaci
978 1108 1065 1149 eius
1105 1107 1273 1170 inge-nio
1312 1108 1428 1148 nulla
1466 1108 1567 1149 boni

58 1176 95 1204 15
126 1163 335 1205 stabilitas
371 1164 596 1208 seruiebat.
659 1165 766 1207 Cum
797 1170 922 1219 gente
953 1170 1093 1206 nostra
1124 1179 1354 1221 numquam
1386 1165 1567 1207 diutinas

127 1234 176 1263 ac
205 1226 445 1263 constantes
476 1223 687 1265 amicicias
718 1237 865 1277 gerere
897 1223 1105 1265 sustinuit.
1166 1222 1336 1264 Mentiri
1366 1223 1567 1264 uirtutem

125 1279 332 1333 ducebat,
382 1279 585 1322 bonarum
630 1282 790 1323 arcium
836 1282 925 1322 loco
970 1281 1180 1322 fallaciam
1224 1280 1567 1335 amplectebatur,

125 1335 253 1379 fidem
283 1338 556 1380 simulacione
587 1340 763 1393 colebat,
794 1339 971 1381 honesto
994 1339 1097 1380 utile
1119 1338 1403 1380 anteferendo.
1449 1338 1565 1380 Assi-

126 1395 208 1437 due
239 1399 401 1438 nostros
442 1401 567 1451 rupta
597 1398 776 1453 turpiter
806 1398 1007 1439 societate
1049 1396 1230 1438 ledebat.
1291 1395 1327 1436 E
1359 1396 1564 1438 contrario

53 1467 91 1494 20
119 1448 277 1510 relgem
317 1454 540 1509 conspicua
579 1456 708 1497 animi
752 1455 971 1509 integritas
1002 1459 1292 1510 perpetuaque
1332 1454 1374 1494 in
1406 1455 1564 1495 cunctis

123 1512 362 1554 constancia
389 1512 631 1556 decorabat.
684 1513 794 1562 Quid
827 1527 926 1567 ergo
958 1514 1170 1564 miremur,
1203 1511 1314 1567 quod
1344 1512 1453 1553 inter
1474 1512 1564 1553 eius

121 1571 300 1612 uirtutes
332 1574 374 1611 et
395 1570 647 1612 Saxonicam
680 1572 896 1612 leuitatem
928 1571 1049 1611 firma
1080 1570 1287 1611 societatis
1320 1570 1468 1623 copula
1492 1573 1564 1610 aut

123 1628 302 1670 solidum
333 1628 551 1678 concordie
582 1630 798 1676 uinculum
831 1629 998 1671 contexi
1027 1642 1113 1669 non
1144 1628 1338 1682 poterat?

261 1684 417 1727 Iisdem
460 1685 548 1728 fere
592 1687 849 1742 temporibus
883 1686 1037 1728 Suerus
1069 1686 1260 1741 quidam,
1293 1684 1412 1726 fabro
1443 1689 1563 1739 patre

55 1757 91 1784 25
122 1744 310 1798 genitus,
349 1744 599 1799 sacerdocii,
641 1745 755 1800 quod
794 1746 837 1786 in
868 1744 1049 1798 Ferogia
1081 1742 1324 1798 aliquandiu
1363 1747 1563 1796 gesserat,

122 1802 313 1857 partibus
365 1801 589 1853 abdicatis,
632 1802 891 1857 Noruagiam
938 1808 1106 1857 petens,
1156 1800 1368 1855 religionis
1414 1814 1563 1841 munus

123 1860 278 1901 milicia
310 1861 515 1913 mutauit,
548 1860 695 1902 Osteni
726 1860 942 1902 cuiusdam
973 1860 1026 1901 ab
1058 1859 1233 1913 Erlingo
1272 1858 1469 1913 prostrati
1499 1872 1563 1898 oc-

124 1918 287 1959 casione
319 1917 537 1960 adductus.
599 1918 727 1960 Cuius
767 1919 926 1972 agmini
956 1932 1031 1973 per
1058 1917 1227 1958 ⁴deserta
1268 1916 1447 1969 fugienti
1478 1915 1563 1956 for-

124 1976 229 2017 tuito
261 1975 427 2029 obuius,
460 1976 610 2018 ducem
641 1991 684 2018 se
716 1977 910 2032 prebuit,
943 1989 1090 2030 resque
1133 1974 1357 2015 aduersum
1385 1974 1563 2014 uictores

54 2048 92 2076 30
122 2047 278 2075 nouare
310 2034 432 2088 cepit.
481 2034 541 2087 Et
571 2049 624 2076 ne
655 2035 821 2089 generis
852 2034 975 2075 titulo
1006 2047 1148 2074 carere
1179 2032 1405 2080 uideretur,
1439 2031 1563 2084 origi-

124 2106 221 2133 nem
251 2092 463 2146 mentitus,
494 2092 733 2133 Haraldum
756 2092 1093 2147 Hybcrnienscm
1122 2093 1125 2131 Ι
1154 2104 1280 2130 auum
1310 2089 1385 2130 sibi
1417 2088 1562 2129 uendi-

124 2149 270 2203 cando,
293 2149 469 2191 Siuardo
490 2164 534 2191 se
555 2154 821 2205 procreatum
843 2149 1054 2203 confingit.
1097 2147 1224 2189 Cuius
1246 2143 1391 2201 ccillam
1412 2160 1563 2186 nomen

123 2207 232 2260 filio,
280 2221 405 2262 quem
450 2212 578 2257 antea
623 2208 754 2263 patris
795 2207 998 2249 uocabulo
1039 2203 1221 2259 Vna<1n>
1260 2204 1563 2259 appellaucrat,

124 2266 300 2320 aptauit.
340 2264 395 2306 Et
416 2269 463 2307 ut
483 2266 623 2307 omnia
643 2266 792 2321 prioris
811 2265 977 2306 fortune
999 2262 1313 2317 mo<nu>menta
1333 2262 1563 2313 subrueret,

55 2336 92 2363 35
122 2324 352 2377 proauique
374 2323 625 2365 uocabulum
656 2325 698 2364 in
720 2338 768 2365 eo
791 2322 1072 2377 representari
1094 2320 1344 2372 crederetur,
1368 2319 1561 2360 simulate

124 2382 322 2436 prosapie
354 2381 479 2423 decus
511 2383 614 2423 noui
636 2381 815 2423 nominis
838 2380 1092 2422 ornamentis
1112 2391 1336 2432 ursurpare
1356 2376 1562 2428 sustinuit,

125 2438 412 2494 Magnumque
443 2453 487 2480 se
518 2440 560 2480 in
592 2443 890 2494 argumentum
921 2438 1087 2492 generis
1117 2435 1292 2477 uocitari
1335 2433 1562 2475 constituit.

126 2495 246 2544 Quod
278 2501 364 2538 tam
396 2497 618 2551 impudens
640 2496 920 2550 mendacium,
951 2495 1196 2536 turbulento
1219 2493 1400 2533 militum
1425 2505 1564 2532 errore

126 2554 379 2608 credulaque
419 2555 540 2610 uulgi
580 2554 885 2608 suffragacione
925 2556 1172 2607 protectum,
1214 2550 1266 2590 ad
1298 2550 1430 2590 tocius
1459 2547 1565 2589 Nor-

59 2625 94 2653 40
125 2612 251 2667 uagie
274 2613 608 2654 cruentissimam
629 2618 814 2667 stragem
836 2615 1153 2664 extremamque
1183 2607 1410 2663 perniciem
1440 2620 1565 2664 pene-

1617 1472 1645 1496 ρ.
1665 1465 1715 1490 894

1622 2107 1649 2130 ι).
1667 2097 1716 2124 895

1617 2154 1709 2188 (348)
