1884 3126
239 914 273 940 10

314 252 392 293 158
901 250 1168 293 ——V—

309 378 422 420 tibus
446 379 605 420 licitum
638 378 729 421 fuit.
772 378 886 420 Nihil
918 380 1027 421 enim
1061 383 1145 422 tam
1179 379 1359 434 difficile,
1392 380 1500 436 quod
1532 381 1758 423 necessitas

307 450 503 491 suprema.
533 451 618 478 non
650 437 841 492 imperet.
887 437 952 478 Ad
978 437 1170 478 ultimum
1193 437 1304 480 fame
1337 439 1556 480 exhaustis
1588 440 1756 494 publica

309 494 450 535 clades
494 495 679 537 incessit.
743 495 1043 536 Effexebantur
1086 495 1244 551 absque
1287 497 1527 538 cessacione
1568 512 1756 552 corpora,

308 552 553 607 cunctisque
600 552 779 594 exicium
810 553 1156 606 formidantibus,
1197 554 1298 594 nulli
1330 554 1545 596 miseracio
1578 570 1756 610 pereun-

307 611 416 650 ciurn
439 610 529 651 fuit.
574 609 899 652 Humanitatem
921 611 1076 667 quippe
1104 588 1241 653 metus
1275 612 1526 654 excluserat.
1567 612 1754 655 Primum

307 668 451 724 itaque
493 682 635 722 regern
677 669 878 724 paulatim
918 670 1112 712 def-ecem
1160 671 1378 719 coliortes3
1421 669 1575 712 deinde
1615 677 1757 712 centu-

308 726 445 767 iiatim
468 725 645 767 defluxit
668 741 835 780 ag.men
877 727 1076 769 Deseiuit
1100 742 1193 769 eum
1217 742 1383 783 quoque
1401 727 1598 783 Vggerus
1621 735 1754 783 uates,

307 784 370 824 uii
403 784 524 825 etatis
556 784 785 838 incognite
819 789 860 826 et
891 799 1019 840 snpra
1051 785 1284 827 huminum
1316 786 1539 827 terminum
1576 787 1756 842 prolixe3

307 842 376 896 qui
408 841 668 883 Frothonem
702 842 924 897 transfugo
956 843 1078 884 titulo
1111 848 1274 899 petens,
1306 844 1502 899 quicquid
1536 845 1587 885 ab
1616 844 1754 886 Hunis

305 900 548 954 parabatur,
582 899 765 942 edocuit.

445 958 564 999 Inter
609 958 687 999 hec
733 957 960 1009 Hithinus,
1007 973 1084 1000 rex
1134 960 1349 1014 aliquante
1397 959 1755 1014 Noruagiensium

308 1016 472 1069 gentis,
515 1015 745 1057 Frotlionis
794 1017 969 1058 classem
1017 1022 1183 1058 centum
1228 1017 1532 1072 quinquaginta
1577 1018 1756 1071 nauigiis

308 1073 553 1115 accedebat.
598 1073 634 1115 E
658 1074 807 1128 quibus
831 1074 1051 1115 duodecim
1076 1075 1206 1125 lectis,
1237 1077 1411 1130 propius
1433 1076 1756 1129 nauigacionem

308 1132 422 1186 cepit
463 1131 638 1181 habere,
680 1137 821 1173 erecto
865 1133 903 1172 in
947 1133 1101 1174 malum
1146 1138 1264 1174 scuto
1306 1134 1440 1175 socios
1480 1133 1714 1175 aduentare
1744 1131 1756 1188 Η

258 1203 272 1228 π
306 1189 560 1244 significans.
603 1190 684 1238 Qui
717 1191 802 1244 regi
836 1190 877 1231 in
912 1191 1153 1246 proximum
1186 1191 1371 1232 amicicie
1401 1191 1577 1246 gradum
1612 1205 1754 1246 recep-

306 1253 385 1297 tus,
418 1262 618 1301 magnum
641 1248 772 1301 copiis
796 1248 884 1289 eius
907 1248 1047 1289 attulit
1079 1250 1434 1304 supplementum.
1478 1248 1624 1290 Eidem
1658 1253 1753 1304 post

305 1304 479 1346 modum
511 1319 605 1345 cnm
640 1305 791 1356 Hilda,
825 1306 996 1372 lIo‘gini,
1028 1306 1219 1349 Iutorum
1252 1307 1399 1361 reguli.
1434 1307 1531 1372 filia,
1564 1312 1753 1361 spectate

305 1364 357 1405 ad
383 1363 556 1404 modum
580 1364 789 1418 opinionis
814 1364 990 1418 uirgine
1022 1374 1195 1406 mutuus
1218 1379 1337 1406 amor
1359 1364 1539 1407 incessit.
1585 1365 1752 1419 Quippe

306 1422 494 1462 nondum
526 1422 707 1462 inuicem
740 1396 988 1487 conspectos
1025 1422 1186 1464 alterna
1218 1422 1466 1464 incenderat
1495 1422 1620 1463 fama.
1695 1424 1752 1463 At

235 1493 251 1509 0
304 1480 374 1520 ubi
407 1484 554 1520 mutue
588 1480 902 1535 conspeccionis
936 1480 1059 1535 copia
1090 1481 1259 1532 incidit,
1292 1485 1440 1522 neutei
1473 1481 1667 1522 obtutum
1700 1480 1751 1521 ab

306 1538 440 1578 altelo
473 1537 689 1579 10n1itte1e
732 1542 921 1592 poterat3
964 1538 1070 1579 adeo
1108 1538 1305 1593 pertinax
1337 1552 1456 1579 amm
1489 1538 1632 1579 oculos
1664 1552 1752 1579 mo-

304 1596 488 1637 rabatur.
998 1645 1002 1649 ¹

445 1652 615 1694 Interea
634 1652 811 1705 Frotho,
834 1652 1059 1695 distributo
1078 1668 1153 1709 per
1170 1654 1396 1710 municipia
1415 1654 1559 1708 milite,
1578 1653 1752 1708 diligen-

305 1711 393 1753 cius
425 1711 638 1765 impensas
670 1711 868 1765 hybernis
902 1712 1205 1753 commeatibus
1237 1713 1497 1753 necessarias
1531 1716 1753 1753 conuecta-

257 1783 271 1808 Γι
308 1770 391 1812 bat.
454 1768 536 1810 Sed
569 1783 622 1810 ne
651 1770 656 1815 l
683 1770 743 1810 sic
786 1769 957 1824 quidem
1002 1784 1226 1811 onerosum
1270 1770 1470 1825 impensis
1516 1771 1751 1811 exercitum

305 1831 544 1868 sustentare
591 1827 766 1869 suffecit.
839 1828 923 1868 Par
970 1842 1103 1883 prope
1151 1827 1324 1869 modum
1372 1828 1599 1869 Hunorum
1643 1827 1751 1868 cladi

305 1886 508 1940 pernicies
550 1884 707 1926 incidit.
770 1885 906 1940 Igitur
938 1887 990 1927 ad
1031 1885 1304 1927 inhibendum
1350 1885 1611 1927 aduenarum
1654 1900 1750 1927 con-

304 1944 480 1996 fluxum,
515 1943 648 1984 classe
680 1944 721 1984 in
753 1943 927 1984 Albiam
958 1943 1097 1994 missa,
1131 1943 1285 1998 nequid
1318 1944 1606 1994 traiiceretur,
1649 1958 1748 1985 cure

305 2001 474 2051 habuit,
519 2001 635 2042 cuius
678 2000 807 2042 duces
849 2001 1040 2042 Reuillus
1082 2006 1122 2042 et
1155 2001 1352 2043 Meuillus
1394 2003 1527 2043 suere.
1601 2001 1750 2043 Soluta

238 2072 252 2097 τ)
306 2059 459 2114 hyeme
482 2059 662 2099 Hithino
697 2059 956 2114 Hoginoque
990 2059 1188 2100 socialem
1221 2059 1374 2114 exequi
1410 2060 1630 2114 piraticam
1662 2059 1749 2114 pla-

306 2118 404 2159 cuit.
469 2116 702 2170 ]'gnorabat
734 2117 845 2157 enim
878 2116 1087 2171 Hoginus,
1117 2132 1237 2158 suam
1268 2131 1292 2157 a
1323 2117 1458 2158 sodali
1490 2117 1620 2158 filiam
1652 2116 1750 2157 ada-

304 2175 422 2216 mari.
499 2173 602 2215 Erat
644 2179 787 2216 autem
818 2175 852 2215 is
894 2175 1081 2229 corporis
1132 2175 1280 2216 habitu
1319 2179 1531 2229 prestans,
1572 2175 1746 2228 ingenio

304 2233 526 2288 peruicax3
571 2231 773 2273 I-lithinus
815 2246 916 2273 uero
974 2246 1150 2287 corpore
1199 2247 1405 2288 perquam
1452 2232 1628 2283 decoro,
1676 2231 1747 2272 sed

306 2290 424 2331 breui
457 2290 610 2331 extitit.
674 2289 875 2331 Ceterum
919 2304 1013 2331 cum
1045 2289 1204 2331 Frotho
1237 2290 1502 2332 sustentandi
1538 2290 1748 2331 exercitus

257 2361 271 2385 ἰ
304 2351 519 2404 sumptum
549 2348 591 2388 in
616 2347 704 2388 dies
737 2347 1017 2389 difficiliorem
1042 2347 1294 2400 aduerteret,
1326 2347 1547 2390 Rollerum
1577 2348 1618 2389 in
1642 2347 1749 2388 Nor-

304 2407 496 2460 uagiam,
529 2405 765 2447 Olimarum
816 2406 857 2446 in
891 2405 1100 2457 Suetiam,
1137 2406 1330 2447 ssneuum
1372 2419 1535 2460 regem,
1577 2409 1618 2446 et
1648 2405 1748 2446 Glo-

304 2478 488 2517 merum,
536 2463 768 2518 piratarum
819 2464 1091 2519 precipuum,
1137 2463 1190 2504 ad
1238 2463 1425 2505 Orcades
1468 2463 1747 2518 petendorum

305 2525 630 2563 commeatuum..
642 2522 784 2575 gracia
807 2521 962 2576 dirigit,
994 2521 1185 2576 proprias
1209 2522 1358 2576 cuique
1381 2522 1522 2576 copias
1545 2521 1745 2562 tribuens.

305 2578 499 2634 Triginta
530 2586 651 2633 reges
672 2578 956 2634 sequebantur
979 2579 1252 2632 Frothonem,
1285 2580 1355 2634 qui
1386 2579 1525 2634 ipsum
1556 2578 1747 2620 amicicia

237 2647 274 2673 40
304 2637 371 2678 uel
405 2637 608 2692 obsequio
650 2637 849 2678 colerent.
917 2636 1107 2678 Audiens
1148 2642 1290 2679 autem
1323 2636 1446 2689 Hun,
1488 2636 1680 2678 dimissas
1722 2650 1747 2677 a

1826 1193 1881 1226 (89
