1884 3126
260 949 295 974 10

261 1237 295 1263 15

252 2101 289 2127 30

253 2388 300 2415 35·

254 2677 291 2703 40

335 294 415 334 394
901 310 948 316 —-
1010 284 1076 326 XI
1139 308 1188 313 —

332 416 488 475 paratis
517 417 684 458 fluxisse
716 414 944 467 meatibus,
986 417 1113 468 atque
1153 412 1242 454 sine
1271 411 1359 452 ulla
1389 411 1624 453 riuulorum
1655 425 1764 453 com-

330 478 521 518 munione
553 475 646 514 hinc
678 487 862 518 sacrum,
894 471 990 512 inde
1031 471 1250 512 scelestum
1295 469 1541 523 sanguinem
1583 469 1765 511 diuiduis

329 534 458 574 alueis
489 531 713 572 incessisse.
756 528 1005 571 Benedictus
1026 528 1238 569 liminibus
1260 527 1515 581 irruptorem
1535 527 1761 582 excipiens,

330 591 425 631 dum
459 589 614 629 foribus
655 588 788 628 acrius
829 591 1090 642 propugnat,
1134 585 1349 626 occiditur.
1410 584 1507 625 Rex
1537 585 1624 640 ipse
1656 585 1764 626 inter

328 651 520 687 cruentos
552 645 806 685 imminentis
847 644 1049 685 uiolencie
1091 643 1288 697 strepitus
1318 642 1471 683 fiducia
1510 643 1765 684 consciencie

328 704 505 744 cundem
547 703 695 743 mentis
742 702 930 742 habitum
972 702 1127 752 tenuit,
1175 714 1310 754 neque
1351 700 1543 754 religioni
1586 701 1763 754 parcius,

327 775 450 815 quam
483 762 515 801 si
546 760 777 815 periculum
809 760 986 810 abesset,
1019 758 1199 808 uacauit,
1232 771 1284 798 ne
1316 758 1409 812 plus
1439 758 1491 798 ab
1523 771 1573 799 eo
1606 758 1765 799 timoris

326 832 447 873 quam
490 818 722 858 constancie
768 818 926 858 uiribus
972 816 1274 870 indulgeretur.
1348 815 1528 857 Sedne
1574 819 1764 856 extrema

328 876 494 930 quidem
527 876 614 916 cius
646 875 746 916 hora
778 875 1011 915 sanctitatis
1043 874 1179 915 studio
1211 887 1346 915 uacua
1375 873 1467 915 fuit.
1528 872 1639 914 Nam
1671 887 1762 914 cum

327 933 528 987 parictem
571 932 753 987 undique
796 946 820 973 a
852 931 1127 987 popularibus
1158 932 1363 987 perfringi
1397 931 1570 986 (quippe
1600 931 1765 985 ligneus

327 990 432 1041 erat)
451 991 629 1044 ideoque
651 990 927 1045 propinquam
952 989 1030 1030 sibi
1051 1003 1196 1030 necem
1219 990 1373 1031 instare
1395 988 1763 1041 animaduerteret,

324 1048 523 1089 accersito
555 1048 759 1088 sacerdoti
790 1047 997 1088 factorum
1019 1061 1171 1088 arcana
1193 1047 1420 1099 confessus,
1454 1061 1527 1100 per
1558 1060 1765 1088 summam

325 1106 495 1146 meroris
527 1105 798 1146 acerbitatem
830 1106 1029 1160 preterite
1068 1106 1155 1146 uite
1195 1106 1339 1160 culpas
1371 1105 1573 1157 absoluit,
1614 1102 1764 1158 premi-

322 1177 475 1217 umque
506 1163 583 1203 sibi
608 1163 850 1217 'penitencie
882 1164 1129 1204 salubritate
1151 1161 1408 1217 con<s>ciuit.
1448 1160 1629 1203 Tantum
1653 1162 1765 1202 enim

328 1221 368 1261 in
400 1221 744 1261 innocencia-sua
774 1221 926 1262 fiducie
958 1226 1218 1275 reposuerat,
1251 1226 1297 1262 ut
1328 1225 1507 1262 mortem
1542 1234 1624 1262 non
1655 1219 1763 1274 peri-

327 1279 416 1319 culo
440 1277 660 1332 oppressus
675 1278 883 1333 refugere,
907 1279 978 1320 sed
998 1284 1108 1319 metu
1130 1293 1287 1320 uacuus
1305 1284 1506 1334 appetere
1522 1275 1765 1330 uideretur.!1

326 1337 432 1383 Quin
466 1337 597 1377 eciam
628 1337 837 1391 propassis
868 1338 1064 1391 utrinque
1102 1337 1281 1378 brachiis
1313 1342 1411 1378 ante
1442 1350 1558 1378 aram
1596 1335 1674 1376 fati
1703 1348 1764 1376 se-

325 1398 445 1434 curus
478 1393 695 1447 occubuit3
742 1394 814 1435 ubi
845 1395 945 1436 dum
978 1395 1148 1436 uictime
1189 1409 1304 1436 more
1335 1399 1568 1449 prostratus
1599 1406 1763 1448 percus-

324 1465 457 1491 sorem
497 1456 715 1505 expectat,
764 1453 948 1494 immisse
993 1467 1067 1507 per
1108 1453 1334 1494 fenestram
1378 1453 1522 1493 lancee
1564 1450 1765 1492 mortifico

322 1509 432 1549 iactu
463 1510 690 1562 confossus,
723 1510 841 1564 pium
874 1511 1017 1551 mortis
1048 1510 1295 1552 sacrificium
1328 1510 1478 1563 edidit,
1509 1509 1765 1565 profusoque

323 1567 502 1607 militum
533 1569 761 1621 sanguine,
793 1583 914 1609 suum
945 1569 998 1609 ad
1030 1569 1227 1609 ultimum
1271 1569 1475 1622 erogauit.
1535 1567 1764 1608 Enimuero

323 1625 475 1665 crebris
515 1625 698 1680 undique
742 1626 835 1667 telis
869 1627 1034 1679 petitus,
1076 1640 1224 1680 corpus
1256 1626 1469 1667 immobile
1500 1625 1657 1674 tenuit,
1691 1638 1766 1665 nec

322 1687 418 1723 ante
450 1682 555 1733 loco,
587 1697 668 1737 quo
701 1679 892 1734 cubabat,
925 1685 1116 1735 excessit,
1150 1698 1276 1739 quam
1308 1685 1461 1725 feretro
1493 1682 1765 1724 mandaretur

323 1740 543 1781 extinctus.
614 1739 683 1781 Ex
724 1742 839 1783 cuius
885 1742 1154 1783 sanctissimis
1200 1742 1445 1783 uulneribus
1491 1741 1586 1797 plus
1631 1739 1763 1793 glorie

253 1812 285 1823 ·”
320 1811 445 1852 quam
477 1799 633 1839 cruoris
664 1798 842 1840 effluxit.
891 1799 1055 1854 Quippe
1087 1800 1294 1854 presentis
1326 1800 1412 1841 uite
1443 1800 1562 1841 exitu
1592 1797 1763 1839 inicium

323 1856 504 1896 melioris
544 1857 729 1910 accepit,
773 1857 912 1898 hostili
955 1858 1108 1898 iudicio
1151 1858 1343 1913 punitus,
1386 1857 1528 1898 diuino
1559 1860 1762 1898 seruatus.

322 1912 444 1953 Felix
476 1927 622 1954 eorum
653 1914 941 1969 parricidium,
976 1916 1060 1970 qui,
1093 1930 1215 1970 quem
1258 1916 1516 1956 terrestrium
1548 1909 1762 1970 uirtultum

322 1971 421 2012 orbe
459 1976 726 2023 exemerant,
759 1973 974 2013 celestium
1016 1973 1159 2014 usibus
1199 1973 1492 2028 applicabant,
1524 1972 1764 2029 caducaque

322 2034 363 2070 et
394 2029 535 2082 fragili
566 2030 1015 2085 potenciaspoliatum
1047 2031 1176 2072 solide
1216 2036 1343 2086 atque
1373 2035 1518 2072 eterne
1549 2028 1762 2071 felicitatis

321 2092 552 2141 compotem
585 2092 834 2128 statuerunt.
896 2088 979 2129 Sed
1019 2093 1061 2129 et
1091 2088 1350 2130 clandestina
1381 2089 1469 2130 eius
1500 2089 1633 2129 uirtus
1670 2102 1763 2143 per-

324 2145 472 2186 lucidis
502 2149 595 2200 post
627 2145 796 2186 modum
829 2147 1129 2200 experimentis
1160 2147 1323 2189 enituit.

461 2203 553 2244 Hec
593 2203 766 2243 audiens
807 2204 952 2257 regina
992 2205 1173 2259 patriam
1203 2218 1298 2245 cum
1338 2204 1423 2245 filio
1454 2204 1672 2258 impubere
1702 2217 1765 2244 re-

324 2261 442 2314 petit,
475 2261 652 2315 geminis
682 2266 775 2314 post
805 2276 848 2302 se
880 2262 1034 2303 relictis
1064 2262 1251 2315 filiabus;
1283 2276 1336 2303 ex
1368 2261 1518 2316 quibus
1547 2261 1762 2316 Ingertha,

322 2318 507 2371 Folconi,
541 2317 706 2359 Suetice
737 2319 875 2372 gentis
906 2320 1176 2372 nobilissimo,
1208 2322 1352 2374 nupta,
1380 2319 1654 2360 Benedictum
1679 2318 1765 2359 Ka-

319 2380 552 2431 nutumque
582 2376 688 2417 filios
718 2376 880 2428 habuit,
911 2377 1157 2432 hisdemque
1200 2377 1495 2428 mediantibus,
1526 2377 1763 2430 Birgerum,

323 2435 392 2488 qui
425 2439 466 2475 et
497 2447 606 2475 nunc
637 2433 964 2490 exstatffiSuetie
985 2433 1148 2487 ducem,
1180 2435 1503 2478 cumfratribus
1525 2435 1608 2475 suis
1638 2448 1763 2489 nepo-

323 2496 407 2532 tem
440 2492 612 2546 accepit.
664 2490 824 2532 Verum
857 2506 911 2532 ex
942 2492 1097 2533 Cecilie
1129 2493 1393 2534 matrimonio
1414 2492 1576 2541 Ericus,
1608 2491 1764 2533 Gotho-

322 2563 414 2589 rum
447 2551 670 2604 prefectus,
702 2548 929 2606 Kanumm
951 2564 1046 2591 cum
1068 2549 1225 2591 Karolo
1247 2550 1497 2604 procreauit,
1529 2563 1582 2590 ex
1614 2549 1764 2603 quibus

322 2608 740 2659 generosissimarum
770 2607 1249 2663 imaginuni·,numerosa
1280 2607 1502 2664 posteritas
1535 2607 1649 2648 clara
1671 2620 1763 2662 pro-

322 2664 567 2721 pinquitatis
598 2664 706 2706 serie
732 2662 1150 2724 ,coherens-emersit.

1832 1343 1851 1371 [ὗ

1856 1343 1873 1371 [0

1838 1921 1884 1946 .5‘.
