1884 3126
204 960 240 987 10

204 1249 240 1276 15

199 1538 236 1566 20

202 1829 238 1856 25

200 2119 238 2147 30

199 2409 237 2436 35

202 2695 240 2723 40

275 307 357 347 666
827 324 878 329 -
938 298 1049 340 XVI
1111 323 1163 328 —

273 444 357 471 non
396 427 650 484 temperauit
680 426 780 480 sibi,
813 439 894 482 quo
928 426 1068 466 minus
1100 424 1475 466 concitatissimum
1507 424 1713 480 preliandi

273 487 468 528 ardorem
498 486 608 527 celso
639 483 847 526 cantilene
888 496 1044 538 genere
1084 486 1421 538 prosequeretur.
1483 482 1712 525 Absalonis

274 558 441 600 quoque
471 544 649 598 signum,
675 555 904 596 numquam
937 540 1026 583 sine
1057 540 1243 582 hostium
1275 540 1377 594 fuga
1409 541 1590 595 spectari
1621 541 1715 583 soli-

274 607 389 651 tum,
431 601 592 642 Sclauis
633 601 789 654 pariter
833 603 875 640 et
906 598 1122 640 Danorum
1162 598 1426 653 presenciam
1457 597 1644 652 prodidit
1673 601 1715 640 et

273 658 526 715 confligendi
558 657 841 699 diffidenciam
872 656 1059 698 incussit.
1111 655 1251 711 Igitur
1273 670 1437 698 summa
1460 670 1555 698 cum
1587 657 1714 712 trepi-

274 716 449 758 dacione
481 715 657 757 sublatis
697 714 915 768 anchoris,
954 713 1106 768 cupide
1139 713 1316 755 classem
1349 714 1563 756 concitare
1593 728 1715 770 cepe·
1776 748 1778 751 .

272 779 387 828 runt,
429 778 631 830 quantum
676 772 960 826 nauigacionis
1003 772 1130 826 longo
1161 773 1363 827 temporis
1401 776 1540 814 tractu
1569 776 1714 828 protu-

271 832 420 885 lerant,
452 832 606 886 exiguo
639 830 838 872 horarum
869 830 1009 885 spacio
1033 829 1227 872 remensi.
1271 830 1499 881 Innumeri,
1521 828 1712 886 quorumll

271 888 415 944 fugam
456 895 529 931 aut
568 889 738 930 nauium
787 887 1032 943 magnitudo
1080 891 1151 928 aut
1196 888 1476 930 anchorarum
1521 888 1708 931 sublacio
1737 896 1823 932 (37[

270 949 525 1000 retentabat,
556 946 813 1001 profundum
846 946 1032 1000 petendo
1063 945 1260 987 fluctibus
1292 960 1418 1001 quam
1447 946 1561 988 ferro
1582 946 1713 987 uitam

272 1006 392 1047 finire
423 1006 677 1047 maluerunt.
728 1004 894 1045 Horum
925 1008 1038 1045 rates
1073 1003 1225 1045 eodem
1256 1018 1364 1059 pene
1396 1004 1594 1060 temporis
1626 1018 1714 1046 mo-

273 1068 416 1105 mento
460 1063 634 1104 refertas
675 1076 724 1103 ac
755 1076 912 1104 uacuas
945 1061 1260 1116 conspicareris.
1322 1061 1407 1104 Sed
1449 1076 1588 1118 neque
1617 1076 1714 1117 pro-

272 1122 414 1176 lapsos
446 1121 619 1163 natandi
642 1134 742 1161 usus
764 1134 935 1161 seruare
956 1123 1136 1175 poterat,
1158 1120 1442 1162 subiectarum
1464 1120 1714 1174 uoraginum

275 1180 414 1221 eluuie
446 1192 679 1221 mersorum
702 1191 881 1233 corpora
903 1178 1093 1219 tenacius
1116 1178 1477 1232 apprehendente.
1526 1177 1714 1226 Quantas

271 1238 402 1291 igitur
447 1237 608 1278 timoris
658 1236 769 1277 uires
813 1236 1127 1287 existimemus,
1174 1236 1270 1291 qui,
1318 1250 1423 1292 quos
1466 1236 1596 1278 nimio
1652 1237 1715 1277 sui

274 1295 430 1336 haustu
461 1295 700 1350 repleuerit,
731 1308 783 1335 ne
815 1294 984 1350 proprio
1019 1292 1189 1348 quidem
1211 1294 1377 1349 spiritui
1399 1307 1571 1349 parcere
1603 1308 1714 1336 com-

274 1353 420 1407 pellit?
481 1353 643 1394 Decem
684 1355 725 1393 et
757 1356 850 1393 octo
892 1352 1087 1406 nauigia,
1119 1351 1246 1393 nimie
1287 1352 1567 1393 multitudinis
1598 1352 1640 1393 in
1671 1367 1715 1394 se

275 1410 557 1466 confugientis
589 1413 795 1452 concursu
826 1415 966 1465 rupta,
995 1411 999 1452 ἒ
1027 1409 1206 1464 receptis
1228 1410 1362 1452 exicio
1383 1409 1515 1452 fuere.
1563 1410 1715 1451 Paucis
1768 1421 1798 1447 Ρ·
1822 1418 1825 1435 ²

273 1468 437 1510 hostem
470 1467 717 1524 opperiendi
749 1468 912 1510 animus
945 1468 1038 1509 fuit.
1099 1467 1216 1508 Illius
1240 1481 1340 1508 uero
1373 1468 1506 1509 eciam
1537 1467 1715 1510 ridicula

269 1525 449 1568 formido
493 1526 655 1578 extitit,
698 1527 770 1581 qui
812 1526 971 1568 sociale
1002 1526 1244 1580 exemplum
1275 1539 1477 1581 perosus,
1515 1539 1626 1567 nexo
1660 1540 1715 1567 ex

270 1584 520 1626 rudentibus
570 1584 722 1639 laqueo
768 1584 994 1639 suspendio
1042 1597 1088 1624 se
1134 1597 1381 1625 consumere
1429 1597 1554 1639 quam
1603 1584 1716 1626 hosti

269 1642 506 1683 necandum
537 1642 716 1697 prebere
747 1642 904 1683 maluit.
969 1641 1095 1689 Quod
1135 1640 1296 1682 factum
1326 1642 1564 1696 complures
1596 1643 1713 1697 prius

271 1701 579 1750 ammiracione,
607 1699 761 1742 deinde
783 1699 964 1742 ludibrio
989 1699 1214 1754 prosecuti,
1239 1699 1463 1742 dulcedine
1487 1699 1714 1753 spoliorum

271 1757 425 1800 lencius
456 1758 647 1799 hostibus
678 1758 874 1799 inherere
914 1761 1130 1813 ceperunt.
1194 1757 1359 1805 Quibus
1390 1757 1580 1799 Absalon
1622 1772 1715 1813 pre-

269 1815 413 1867 teritis,
436 1815 705 1870 monitisque,
728 1829 780 1857 ne
801 1815 977 1871 predam
999 1829 1123 1871 quam
1149 1815 1314 1857 hostem
1336 1815 1502 1871 insequi
1523 1815 1712 1865 mallent,

274 1878 438 1928 septem
460 1874 557 1915 solis
578 1873 758 1914 nauibus
781 1878 917 1915 totam
937 1887 1046 1928 pene
1067 1873 1282 1926 fugacium
1307 1873 1485 1915 classem
1515 1873 1713 1915 insectari

273 1944 357 1970 non
389 1930 563 1984 destitit,
596 1932 665 1972 illa
699 1931 890 1972 nimirum
922 1931 1076 1972 fiducia
1109 1946 1221 1981 usus,
1255 1945 1338 1986 qua
1368 1932 1499 1972 tocies
1530 1931 1608 1972 sibi
1640 1930 1714 1971 ho-

273 1989 400 2029 stium
441 1993 559 2044 terga
601 1989 789 2044 aspicere
833 1989 1022 2042 contigit.
1084 1988 1237 2044 Neque
1268 1989 1380 2030 enim
1421 2004 1444 2030 a
1475 1989 1714 2043 palantibus

272 2046 316 2086 in
345 2046 417 2088 illa
447 2047 760 2102 insequencium
795 2047 1008 2101 paucitate
1040 2061 1251 2099 numerus,
1283 2046 1357 2088 sed
1379 2047 1513 2088 uirtus
1545 2047 1713 2088 estima-

268 2103 403 2145 batur.
468 2104 647 2146 Centum
689 2104 821 2146 ferme
864 2104 1035 2146 nauium
1080 2106 1204 2146 turba
1237 2104 1443 2146 maritime
1473 2104 1574 2158 fuge
1607 2104 1712 2145 diffi-

271 2160 416 2202 dencia
447 2166 691 2203 terrestrem
723 2163 845 2217 cepit,
877 2177 1037 2218 perque
1067 2162 1262 2204 horridos
1287 2177 1336 2203 ac
1369 2161 1558 2204 desertos
1582 2162 1713 2203 saltus

268 2218 438 2261 inermis
470 2220 732 2275 attonitaque
765 2220 999 2261 discursum
1030 2220 1192 2262 habuit.
1253 2220 1502 2261 Iarimarum
1545 2233 1713 2274 quoque

270 2277 434 2319 hostilis
464 2279 678 2332 sanguinis
711 2292 836 2333 quam
858 2278 990 2333 prede
1022 2278 1256 2319 auidiorem
1279 2278 1533 2319 concitacior
1555 2277 1713 2318 tuende

269 2335 403 2390 patrie
446 2336 597 2391 cupido
638 2335 890 2378 reddiderat.
964 2336 1160 2391 Quinque
1213 2349 1262 2376 ae
1313 2336 1484 2389 triginta
1534 2335 1711 2390 nauigiis

269 2392 512 2435 uehementi
554 2394 729 2447 remigio
773 2393 990 2435 concitatis
1023 2393 1185 2435 hostilis
1215 2393 1472 2434 Absalonem
1512 2392 1710 2433 nobilitas

269 2449 501 2493 deuitabat.
565 2451 657 2500 Que
691 2465 783 2492 cum
815 2456 980 2505 septem
1011 2451 1102 2493 sola
1133 2450 1210 2492 sibi
1248 2451 1404 2492 instare
1445 2450 1712 2491 animaduer-

268 2511 398 2559 teret,
430 2507 576 2564 fugam
606 2523 726 2550 suam
758 2523 841 2550 non
873 2510 1010 2551 solum
1048 2507 1256 2557 tristem,*
1287 2508 1360 2550 sed
1394 2508 1525 2550 eciam
1558 2507 1704 2549 erube·
1725 2518 1825 2547 cxc
1859 2556 1864 2560 .

269 2565 471 2608 scendam
506 2571 621 2617 rata,
662 2566 722 2607 bis
758 2567 1045 2620 nauigacioni,
1087 2566 1263 2622 perinde
1306 2580 1354 2608 ac
1394 2579 1580 2621 pugnam
1613 2579 1709 2606 con·
1836 2570 1863 2580 ‘⁴

268 2623 450 2676 fectura,
497 2625 692 2666 laxameu
715 2638 787 2664 um
833 2624 933 2665 dare
980 2629 1134 2666 conata
1179 2628 1255 2665 est.
1325 2623 1463 2677 Igitur
1506 2622 1710 2673 Absalon,

273 2695 519 2739 quanquam
570 2682 623 2724 ab
674 2694 698 2722 a
745 2681 816 2737 'cis
870 2686 1008 2725 cetere
1054 2681 1197 2725 classis
1248 2681 1478 2722 aduentum
1529 2680 1711 2737 opperiri
