<?xml version="1.0" encoding="UTF-8"?>
<!DOCTYPE html PUBLIC "-//W3C//DTD XHTML 1.0 Transitional//EN"
    "http://www.w3.org/TR/xhtml1/DTD/xhtml1-transitional.dtd">
<html xmlns="http://www.w3.org/1999/xhtml" xml:lang="en" lang="en">
 <head>
  <title>
</title>
<meta http-equiv="Content-Type" content="text/html;charset=utf-8" />
  <meta name='ocr-system' content='tesseract 3.04.00' />
  <meta name='ocr-capabilities' content='ocr_page ocr_carea ocr_par ocr_line ocrx_word'/>
</head>
<body>
  <div class='ocr_page' id='page_1' title='image "./saxonisgrammatic00saxouoft_0385.png"; bbox 0 0 1884 3126; ppageno 0'>
   <div class='ocr_carea' id='block_1_1' title="bbox 149 590 166 617">
    <p class='ocr_par' dir='ltr' id='par_1_1' title="bbox 149 590 166 617">
     <span class='ocr_line' id='line_1_1' title="bbox 149 590 166 617; baseline 0 0"><span class='ocrx_word' id='word_1_1' title='bbox 149 590 166 617; x_wconf 90' lang='lat'><strong>5</strong></span> 
     </span>
    </p>
   </div>
   <div class='ocr_carea' id='block_1_2' title="bbox 130 881 165 907">
    <p class='ocr_par' dir='ltr' id='par_1_2' title="bbox 130 881 165 907">
     <span class='ocr_line' id='line_1_2' title="bbox 130 881 165 907; baseline -0.029 0"><span class='ocrx_word' id='word_1_2' title='bbox 130 881 165 907; x_wconf 92' lang='lat'>10</span> 
     </span>
    </p>
   </div>
   <div class='ocr_carea' id='block_1_3' title="bbox 129 1171 164 1198">
    <p class='ocr_par' dir='ltr' id='par_1_3' title="bbox 129 1171 164 1198">
     <span class='ocr_line' id='line_1_3' title="bbox 129 1171 164 1198; baseline -0.029 0"><span class='ocrx_word' id='word_1_3' title='bbox 129 1171 164 1198; x_wconf 87' lang='grc'>15</span> 
     </span>
    </p>
   </div>
   <div class='ocr_carea' id='block_1_4' title="bbox 128 1461 165 1488">
    <p class='ocr_par' dir='ltr' id='par_1_4' title="bbox 128 1461 165 1488">
     <span class='ocr_line' id='line_1_4' title="bbox 128 1461 165 1488; baseline 0 0"><span class='ocrx_word' id='word_1_4' title='bbox 128 1461 165 1488; x_wconf 80' lang='grc'>20</span> 
     </span>
    </p>
   </div>
   <div class='ocr_carea' id='block_1_5' title="bbox 130 1750 166 1777">
    <p class='ocr_par' dir='ltr' id='par_1_5' title="bbox 130 1750 166 1777">
     <span class='ocr_line' id='line_1_5' title="bbox 130 1750 166 1777; baseline -0.028 0"><span class='ocrx_word' id='word_1_5' title='bbox 130 1750 166 1777; x_wconf 76' lang='grc'>25</span> 
     </span>
    </p>
   </div>
   <div class='ocr_carea' id='block_1_6' title="bbox 131 2040 168 2066">
    <p class='ocr_par' dir='ltr' id='par_1_6' title="bbox 131 2040 168 2066">
     <span class='ocr_line' id='line_1_6' title="bbox 131 2040 168 2066; baseline 0 0"><span class='ocrx_word' id='word_1_6' title='bbox 131 2040 168 2066; x_wconf 80' lang='grc'>30</span> 
     </span>
    </p>
   </div>
   <div class='ocr_carea' id='block_1_7' title="bbox 131 2329 168 2356">
    <p class='ocr_par' dir='ltr' id='par_1_7' title="bbox 131 2329 168 2356">
     <span class='ocr_line' id='line_1_7' title="bbox 131 2329 168 2356; baseline -0.027 0"><span class='ocrx_word' id='word_1_7' title='bbox 131 2329 168 2356; x_wconf 82' lang='lat'>35</span> 
     </span>
    </p>
   </div>
   <div class='ocr_carea' id='block_1_8' title="bbox 747 214 1638 266">
    <p class='ocr_par' dir='ltr' id='par_1_8' title="bbox 747 214 1638 266">
     <span class='ocr_line' id='line_1_8' title="bbox 747 214 1638 266; baseline 0.008 -8"><span class='ocrx_word' id='word_1_8' title='bbox 747 241 801 248; x_wconf 88' lang='lat'><strong>—</strong></span> <span class='ocrx_word' id='word_1_9' title='bbox 861 214 975 261; x_wconf 89' lang='lat' dir='ltr'><strong>VIII</strong></span> <span class='ocrx_word' id='word_1_10' title='bbox 1033 242 1087 249; x_wconf 80' lang='lat'>——</span> <span class='ocrx_word' id='word_1_11' title='bbox 1559 221 1638 266; x_wconf 81' lang='lat'>291</span> 
     </span>
    </p>
   </div>
   <div class='ocr_carea' id='block_1_9' title="bbox 196 342 1644 2604">
    <p class='ocr_par' dir='ltr' id='par_1_9' title="bbox 196 342 1644 2604">
     <span class='ocr_line' id='line_1_9' title="bbox 199 342 1642 404; baseline 0.003 -18"><span class='ocrx_word' id='word_1_12' title='bbox 199 342 344 386; x_wconf 83' lang='lat' dir='ltr'>Cornu</span> <span class='ocrx_word' id='word_1_13' title='bbox 374 343 416 385; x_wconf 91' lang='lat' dir='ltr'>in</span> <span class='ocrx_word' id='word_1_14' title='bbox 449 342 675 386; x_wconf 78' lang='lat' dir='ltr'>draconem</span> <span class='ocrx_word' id='word_1_15' title='bbox 722 351 957 387; x_wconf 79' lang='lat' dir='ltr'>extractum</span> <span class='ocrx_word' id='word_1_16' title='bbox 990 346 1053 388; x_wconf 88' lang='lat' dir='ltr'>sui</span> <span class='ocrx_word' id='word_1_17' title='bbox 1083 347 1271 402; x_wconf 88' lang='lat' dir='ltr'>spiritum</span> <span class='ocrx_word' id='word_1_18' title='bbox 1304 348 1449 390; x_wconf 89' lang='lat' dir='ltr'>latoris</span> <span class='ocrx_word' id='word_1_19' title='bbox 1476 349 1642 404; x_wconf 90' lang='lat' dir='ltr'>eripuit.</span> 
     </span>
     <span class='ocr_line' id='line_1_10' title="bbox 199 401 1641 460; baseline 0.004 -16"><span class='ocrx_word' id='word_1_20' title='bbox 199 401 259 444; x_wconf 90' lang='lat' dir='ltr'>Os</span> <span class='ocrx_word' id='word_1_21' title='bbox 291 415 435 443; x_wconf 82' lang='lat' dir='ltr'>ensem</span> <span class='ocrx_word' id='word_1_22' title='bbox 475 401 711 455; x_wconf 86' lang='lat' dir='ltr'>fabricans,</span> <span class='ocrx_word' id='word_1_23' title='bbox 753 403 884 444; x_wconf 90' lang='lat' dir='ltr'>aciem</span> <span class='ocrx_word' id='word_1_24' title='bbox 929 404 1158 459; x_wconf 81' lang='lat' dir='ltr'>precordiis</span> <span class='ocrx_word' id='word_1_25' title='bbox 1190 406 1393 460; x_wconf 88' lang='lat' dir='ltr'>gestantis</span> <span class='ocrx_word' id='word_1_26' title='bbox 1424 407 1641 450; x_wconf 82' lang='lat' dir='ltr'>immersit.</span> 
     </span>
     <span class='ocr_line' id='line_1_11' title="bbox 199 459 1642 515; baseline 0.003 -14"><span class='ocrx_word' id='word_1_27' title='bbox 199 459 363 510; x_wconf 77' lang='lat' dir='ltr'>Ceteri,</span> <span class='ocrx_word' id='word_1_28' title='bbox 405 460 519 502; x_wconf 90' lang='lat' dir='ltr'>socie</span> <span class='ocrx_word' id='word_1_29' title='bbox 563 459 692 501; x_wconf 90' lang='lat' dir='ltr'>cladis</span> <span class='ocrx_word' id='word_1_30' title='bbox 739 460 951 503; x_wconf 88' lang='lat' dir='ltr'>fortunam</span> <span class='ocrx_word' id='word_1_31' title='bbox 984 463 1127 515; x_wconf 86' lang='lat' dir='ltr'>ueriti,</span> <span class='ocrx_word' id='word_1_32' title='bbox 1168 463 1354 505; x_wconf 80' lang='lat' dir='ltr'>insontes</span> <span class='ocrx_word' id='word_1_33' title='bbox 1394 465 1642 506; x_wconf 91' lang='lat' dir='ltr'>nocencium</span> 
     </span>
     <span class='ocr_line' id='line_1_12' title="bbox 199 518 1644 576; baseline 0.003 -18"><span class='ocrx_word' id='word_1_34' title='bbox 199 518 397 573; x_wconf 86' lang='lat' dir='ltr'>exemplo</span> <span class='ocrx_word' id='word_1_35' title='bbox 432 518 642 573; x_wconf 91' lang='lat' dir='ltr'>perituros</span> <span class='ocrx_word' id='word_1_36' title='bbox 675 519 897 573; x_wconf 88' lang='lat' dir='ltr'>putabant,</span> <span class='ocrx_word' id='word_1_37' title='bbox 929 534 982 562; x_wconf 93' lang='lat' dir='ltr'>ne</span> <span class='ocrx_word' id='word_1_38' title='bbox 1012 520 1257 562; x_wconf 82' lang='lat' dir='ltr'>innocencie</span> <span class='ocrx_word' id='word_1_39' title='bbox 1288 521 1454 576; x_wconf 91' lang='lat' dir='ltr'>quidem</span> <span class='ocrx_word' id='word_1_40' title='bbox 1486 523 1644 563; x_wconf 91' lang='lat' dir='ltr'>incolu-</span> 
     </span>
     <span class='ocr_line' id='line_1_13' title="bbox 196 575 1643 632; baseline 0.002 -15"><span class='ocrx_word' id='word_1_41' title='bbox 196 577 387 617; x_wconf 82' lang='lat' dir='ltr'>mitatem</span> <span class='ocrx_word' id='word_1_42' title='bbox 420 575 689 618; x_wconf 78' lang='lat' dir='ltr'>tribuendam</span> <span class='ocrx_word' id='word_1_43' title='bbox 721 584 954 632; x_wconf 86' lang='lat' dir='ltr'>sperantes.</span> <span class='ocrx_word' id='word_1_44' title='bbox 995 578 1183 621; x_wconf 87' lang='lat' dir='ltr'>Alterius</span> <span class='ocrx_word' id='word_1_45' title='bbox 1210 579 1362 620; x_wconf 83' lang='lat' dir='ltr'>deinde</span> <span class='ocrx_word' id='word_1_46' title='bbox 1384 579 1643 622; x_wconf 76' lang='lat' dir='ltr'>tabernaculi</span> 
     </span>
     <span class='ocr_line' id='line_1_14' title="bbox 198 634 1642 692; baseline 0.004 -18"><span class='ocrx_word' id='word_1_47' title='bbox 198 634 359 690; x_wconf 85' lang='lat' dir='ltr'>postica</span> <span class='ocrx_word' id='word_1_48' title='bbox 382 634 673 689; x_wconf 85' lang='lat' dir='ltr'>angustiorem</span> <span class='ocrx_word' id='word_1_49' title='bbox 696 634 909 676; x_wconf 77' lang='lat' dir='ltr'>indicante</span> <span class='ocrx_word' id='word_1_50' title='bbox 934 649 1159 688; x_wconf 83' lang='lat' dir='ltr'>secessum,</span> <span class='ocrx_word' id='word_1_51' title='bbox 1193 637 1405 692; x_wconf 84' lang='lat' dir='ltr'>quoddam</span> <span class='ocrx_word' id='word_1_52' title='bbox 1438 638 1642 680; x_wconf 88' lang='lat' dir='ltr'>uberioris</span> 
     </span>
     <span class='ocr_line' id='line_1_15' title="bbox 198 692 1642 749; baseline 0.003 -16"><span class='ocrx_word' id='word_1_53' title='bbox 198 692 386 734; x_wconf 83' lang='lat' dir='ltr'>thesauri</span> <span class='ocrx_word' id='word_1_54' title='bbox 432 692 704 734; x_wconf 85' lang='lat' dir='ltr'>secretarium</span> <span class='ocrx_word' id='word_1_55' title='bbox 749 694 957 748; x_wconf 85' lang='lat' dir='ltr'>aperitur,</span> <span class='ocrx_word' id='word_1_56' title='bbox 1003 694 1043 735; x_wconf 92' lang='lat' dir='ltr'>in</span> <span class='ocrx_word' id='word_1_57' title='bbox 1087 708 1169 749; x_wconf 91' lang='lat' dir='ltr'>quo</span> <span class='ocrx_word' id='word_1_58' title='bbox 1211 708 1325 735; x_wconf 86' lang='lat' dir='ltr'>arma</span> <span class='ocrx_word' id='word_1_59' title='bbox 1366 695 1642 737; x_wconf 85' lang='lat' dir='ltr'>humanorum</span> 
     </span>
     <span class='ocr_line' id='line_1_16' title="bbox 200 750 1642 809; baseline 0.002 -18"><span class='ocrx_word' id='word_1_60' title='bbox 200 764 425 805; x_wconf 88' lang='lat' dir='ltr'>corporum</span> <span class='ocrx_word' id='word_1_61' title='bbox 458 750 604 791; x_wconf 89' lang='lat' dir='ltr'>habitu</span> <span class='ocrx_word' id='word_1_62' title='bbox 638 751 864 805; x_wconf 85' lang='lat' dir='ltr'>grandiora</span> <span class='ocrx_word' id='word_1_63' title='bbox 906 752 1163 807; x_wconf 90' lang='lat' dir='ltr'>panduntur.</span> <span class='ocrx_word' id='word_1_64' title='bbox 1226 753 1340 794; x_wconf 87' lang='lat' dir='ltr'>Inter</span> <span class='ocrx_word' id='word_1_65' title='bbox 1371 767 1451 809; x_wconf 92' lang='lat' dir='ltr'>que</span> <span class='ocrx_word' id='word_1_66' title='bbox 1482 754 1642 808; x_wconf 88' lang='lat' dir='ltr'>regium</span> 
     </span>
     <span class='ocr_line' id='line_1_17' title="bbox 197 808 1643 867; baseline 0.002 -18"><span class='ocrx_word' id='word_1_67' title='bbox 197 808 549 863; x_wconf 86' lang='lat' dir='ltr'>paludamentum</span> <span class='ocrx_word' id='word_1_68' title='bbox 573 809 746 850; x_wconf 89' lang='lat' dir='ltr'>culciori</span> <span class='ocrx_word' id='word_1_69' title='bbox 769 810 1041 851; x_wconf 87' lang='lat' dir='ltr'>coniunctum</span> <span class='ocrx_word' id='word_1_70' title='bbox 1074 810 1198 864; x_wconf 90' lang='lat' dir='ltr'>pilleo</span> <span class='ocrx_word' id='word_1_71' title='bbox 1233 825 1282 852; x_wconf 87' lang='lat' dir='ltr'>ac</span> <span class='ocrx_word' id='word_1_72' title='bbox 1312 812 1471 852; x_wconf 85' lang='lat' dir='ltr'>mirifici</span> <span class='ocrx_word' id='word_1_73' title='bbox 1507 812 1643 867; x_wconf 88' lang='lat' dir='ltr'>operis</span> 
     </span>
     <span class='ocr_line' id='line_1_18' title="bbox 198 866 1642 920; baseline 0.002 -13"><span class='ocrx_word' id='word_1_74' title='bbox 198 867 409 920; x_wconf 85' lang='lat' dir='ltr'>cingulum</span> <span class='ocrx_word' id='word_1_75' title='bbox 462 867 724 909; x_wconf 87' lang='lat' dir='ltr'>uisebantur.</span> <span class='ocrx_word' id='word_1_76' title='bbox 808 866 1000 915; x_wconf 87' lang='lat' dir='ltr'>Quorum</span> <span class='ocrx_word' id='word_1_77' title='bbox 1051 868 1296 916; x_wconf 85' lang='lat' dir='ltr'>Thorkillus</span> <span class='ocrx_word' id='word_1_78' title='bbox 1347 870 1642 911; x_wconf 84' lang='lat' dir='ltr'>ammiracione</span> 
     </span>
     <span class='ocr_line' id='line_1_19' title="bbox 199 924 1643 982; baseline 0.001 -16"><span class='ocrx_word' id='word_1_79' title='bbox 199 931 346 980; x_wconf 86' lang='lat' dir='ltr'>captus</span> <span class='ocrx_word' id='word_1_80' title='bbox 370 924 591 979; x_wconf 86' lang='lat' dir='ltr'>cupiditati</span> <span class='ocrx_word' id='word_1_81' title='bbox 611 924 753 966; x_wconf 83' lang='lat' dir='ltr'>frenos</span> <span class='ocrx_word' id='word_1_82' title='bbox 786 927 986 980; x_wconf 77' lang='lat' dir='ltr'>excussit,</span> <span class='ocrx_word' id='word_1_83' title='bbox 1019 927 1279 982; x_wconf 87' lang='lat' dir='ltr'>propositam</span> <span class='ocrx_word' id='word_1_84' title='bbox 1311 928 1449 968; x_wconf 90' lang='lat' dir='ltr'>animo</span> <span class='ocrx_word' id='word_1_85' title='bbox 1483 933 1643 982; x_wconf 84' lang='lat' dir='ltr'>tempe-</span> 
     </span>
     <span class='ocr_line' id='line_1_20' title="bbox 199 983 1644 1040; baseline 0.002 -17"><span class='ocrx_word' id='word_1_86' title='bbox 199 983 383 1024; x_wconf 86' lang='lat' dir='ltr'>ranciam</span> <span class='ocrx_word' id='word_1_87' title='bbox 416 997 593 1036; x_wconf 88' lang='lat' dir='ltr'>exuens,</span> <span class='ocrx_word' id='word_1_88' title='bbox 626 983 841 1038; x_wconf 89' lang='lat' dir='ltr'>tociesque</span> <span class='ocrx_word' id='word_1_89' title='bbox 874 985 980 1025; x_wconf 90' lang='lat' dir='ltr'>alios</span> <span class='ocrx_word' id='word_1_90' title='bbox 1012 984 1241 1026; x_wconf 85' lang='lat' dir='ltr'>informare</span> <span class='ocrx_word' id='word_1_91' title='bbox 1273 985 1433 1038; x_wconf 87' lang='lat' dir='ltr'>solitus,</span> <span class='ocrx_word' id='word_1_92' title='bbox 1465 998 1517 1026; x_wconf 91' lang='lat' dir='ltr'>ne</span> <span class='ocrx_word' id='word_1_93' title='bbox 1549 998 1644 1040; x_wconf 90' lang='lat' dir='ltr'>pro-</span> 
     </span>
     <span class='ocr_line' id='line_1_21' title="bbox 197 1040 1644 1098; baseline 0.001 -17"><span class='ocrx_word' id='word_1_94' title='bbox 197 1041 311 1096; x_wconf 89' lang='lat' dir='ltr'>prios</span> <span class='ocrx_word' id='word_1_95' title='bbox 344 1040 514 1095; x_wconf 88' lang='lat' dir='ltr'>quidem</span> <span class='ocrx_word' id='word_1_96' title='bbox 546 1042 761 1096; x_wconf 89' lang='lat' dir='ltr'>appetitus</span> <span class='ocrx_word' id='word_1_97' title='bbox 794 1042 991 1083; x_wconf 85' lang='lat' dir='ltr'>cohibere</span> <span class='ocrx_word' id='word_1_98' title='bbox 1023 1043 1231 1085; x_wconf 85' lang='lat' dir='ltr'>sustinuit.</span> <span class='ocrx_word' id='word_1_99' title='bbox 1295 1040 1501 1098; x_wconf 68' lang='lat' dir='ltr'>Amilculo</span> <span class='ocrx_word' id='word_1_100' title='bbox 1535 1043 1644 1084; x_wconf 91' lang='lat' dir='ltr'>enim</span> 
     </span>
     <span class='ocr_line' id='line_1_22' title="bbox 197 1099 1644 1157; baseline 0.001 -17"><span class='ocrx_word' id='word_1_101' title='bbox 197 1112 367 1140; x_wconf 86' lang='lat' dir='ltr'>manum</span> <span class='ocrx_word' id='word_1_102' title='bbox 400 1099 603 1151; x_wconf 86' lang='lat' dir='ltr'>inserens,</span> <span class='ocrx_word' id='word_1_103' title='bbox 635 1100 785 1153; x_wconf 83' lang='lat' dir='ltr'>ceteris</span> <span class='ocrx_word' id='word_1_104' title='bbox 818 1104 1150 1142; x_wconf 87' lang='lat' dir='ltr'>consentaneum</span> <span class='ocrx_word' id='word_1_105' title='bbox 1176 1101 1320 1157; x_wconf 89' lang='lat' dir='ltr'>rapine</span> <span class='ocrx_word' id='word_1_106' title='bbox 1343 1115 1491 1142; x_wconf 88' lang='lat' dir='ltr'>ausum</span> <span class='ocrx_word' id='word_1_107' title='bbox 1514 1104 1644 1142; x_wconf 91' lang='lat' dir='ltr'>teme-</span> 
     </span>
     <span class='ocr_line' id='line_1_23' title="bbox 197 1157 1644 1213; baseline 0.001 -15"><span class='ocrx_word' id='word_1_108' title='bbox 197 1158 304 1199; x_wconf 87' lang='lat' dir='ltr'>rario</span> <span class='ocrx_word' id='word_1_109' title='bbox 350 1158 541 1212; x_wconf 76' lang='lat' dir='ltr'>porrexit</span> <span class='ocrx_word' id='word_1_110' title='bbox 585 1158 796 1212; x_wconf 84' lang='lat' dir='ltr'>exemplo.</span> <span class='ocrx_word' id='word_1_111' title='bbox 861 1157 957 1206; x_wconf 84' lang='lat' dir='ltr'>Quo</span> <span class='ocrx_word' id='word_1_112' title='bbox 1000 1158 1136 1201; x_wconf 74' lang='lat' dir='ltr'>facto.</span> <span class='ocrx_word' id='word_1_113' title='bbox 1181 1159 1413 1213; x_wconf 86' lang='lat' dir='ltr'>penetralia</span> <span class='ocrx_word' id='word_1_114' title='bbox 1456 1159 1509 1200; x_wconf 91' lang='lat' dir='ltr'>ab</span> <span class='ocrx_word' id='word_1_115' title='bbox 1552 1159 1644 1199; x_wconf 87' lang='lat' dir='ltr'>imis</span> 
     </span>
     <span class='ocr_line' id='line_1_24' title="bbox 199 1215 1642 1271; baseline -0.001 -15"><span class='ocrx_word' id='word_1_116' title='bbox 199 1229 405 1257; x_wconf 87' lang='lat' dir='ltr'>concussa</span> <span class='ocrx_word' id='word_1_117' title='bbox 451 1215 623 1257; x_wconf 87' lang='lat' dir='ltr'>sedibus</span> <span class='ocrx_word' id='word_1_118' title='bbox 669 1217 886 1271; x_wconf 87' lang='lat' dir='ltr'>inopinate</span> <span class='ocrx_word' id='word_1_119' title='bbox 926 1217 1218 1259; x_wconf 87' lang='lat' dir='ltr'>fluctuacionis</span> <span class='ocrx_word' id='word_1_120' title='bbox 1263 1215 1387 1258; x_wconf 86' lang='lat' dir='ltr'>modo</span> <span class='ocrx_word' id='word_1_121' title='bbox 1432 1216 1642 1270; x_wconf 85' lang='lat' dir='ltr'>trepidare</span> 
     </span>
     <span class='ocr_line' id='line_1_25' title="bbox 197 1273 1643 1329; baseline 0 -15"><span class='ocrx_word' id='word_1_122' title='bbox 197 1279 417 1328; x_wconf 86' lang='lat' dir='ltr'>ceperunt.</span> <span class='ocrx_word' id='word_1_123' title='bbox 479 1273 667 1315; x_wconf 83' lang='lat' dir='ltr'>Subinde</span> <span class='ocrx_word' id='word_1_124' title='bbox 699 1288 723 1314; x_wconf 89' lang='lat' dir='ltr'>a</span> <span class='ocrx_word' id='word_1_125' title='bbox 753 1273 920 1315; x_wconf 89' lang='lat' dir='ltr'>feminis</span> <span class='ocrx_word' id='word_1_126' title='bbox 962 1275 1293 1319; x_wconf 76' lang='lat' dir='ltr'>conclamatum,</span> <span class='ocrx_word' id='word_1_127' title='bbox 1334 1288 1441 1329; x_wconf 93' lang='lat' dir='ltr'>equo</span> <span class='ocrx_word' id='word_1_128' title='bbox 1484 1274 1643 1314; x_wconf 90' lang='lat' dir='ltr'>diucius</span> 
     </span>
     <span class='ocr_line' id='line_1_26' title="bbox 198 1330 1643 1388; baseline -0.001 -15"><span class='ocrx_word' id='word_1_129' title='bbox 198 1330 393 1373; x_wconf 86' lang='lat' dir='ltr'>infandos</span> <span class='ocrx_word' id='word_1_130' title='bbox 439 1332 614 1373; x_wconf 90' lang='lat' dir='ltr'>tolerari</span> <span class='ocrx_word' id='word_1_131' title='bbox 659 1331 883 1387; x_wconf 86' lang='lat' dir='ltr'>predones.</span> <span class='ocrx_word' id='word_1_132' title='bbox 953 1332 1091 1388; x_wconf 82' lang='lat' dir='ltr'>Igitur</span> <span class='ocrx_word' id='word_1_133' title='bbox 1137 1334 1206 1388; x_wconf 93' lang='lat' dir='ltr'>qui</span> <span class='ocrx_word' id='word_1_134' title='bbox 1250 1333 1366 1388; x_wconf 89' lang='lat' dir='ltr'>prius</span> <span class='ocrx_word' id='word_1_135' title='bbox 1412 1332 1643 1373; x_wconf 87' lang='lat' dir='ltr'>semineces</span> 
     </span>
     <span class='ocr_line' id='line_1_27' title="bbox 199 1389 1643 1446; baseline -0.001 -15"><span class='ocrx_word' id='word_1_136' title='bbox 199 1390 484 1445; x_wconf 87' lang='lat' dir='ltr'>experciaque</span> <span class='ocrx_word' id='word_1_137' title='bbox 518 1390 606 1431; x_wconf 91' lang='lat' dir='ltr'>uite</span> <span class='ocrx_word' id='word_1_138' title='bbox 637 1390 863 1431; x_wconf 87' lang='lat' dir='ltr'>simulacra</span> <span class='ocrx_word' id='word_1_139' title='bbox 892 1390 1165 1444; x_wconf 87' lang='lat' dir='ltr'>putabantur,</span> <span class='ocrx_word' id='word_1_140' title='bbox 1197 1389 1371 1446; x_wconf 88' lang='lat' dir='ltr'>perinde</span> <span class='ocrx_word' id='word_1_141' title='bbox 1403 1403 1450 1430; x_wconf 90' lang='lat' dir='ltr'>ac</span> <span class='ocrx_word' id='word_1_142' title='bbox 1471 1389 1643 1430; x_wconf 87' lang='lat' dir='ltr'>femina-</span> 
     </span>
     <span class='ocr_line' id='line_1_28' title="bbox 196 1447 1642 1503; baseline -0.001 -15"><span class='ocrx_word' id='word_1_143' title='bbox 196 1462 286 1489; x_wconf 90' lang='lat' dir='ltr'>rum</span> <span class='ocrx_word' id='word_1_144' title='bbox 322 1449 499 1490; x_wconf 87' lang='lat' dir='ltr'>uocibus</span> <span class='ocrx_word' id='word_1_145' title='bbox 533 1448 747 1501; x_wconf 78' lang='lat' dir='ltr'>obsecuti,</span> <span class='ocrx_word' id='word_1_146' title='bbox 782 1463 804 1489; x_wconf 92' lang='lat' dir='ltr'>e</span> <span class='ocrx_word' id='word_1_147' title='bbox 836 1449 921 1490; x_wconf 90' lang='lat' dir='ltr'>suis</span> <span class='ocrx_word' id='word_1_148' title='bbox 952 1453 1128 1503; x_wconf 88' lang='lat' dir='ltr'>repente</span> <span class='ocrx_word' id='word_1_149' title='bbox 1158 1448 1327 1490; x_wconf 88' lang='lat' dir='ltr'>sedibus</span> <span class='ocrx_word' id='word_1_150' title='bbox 1359 1447 1642 1500; x_wconf 87' lang='lat' dir='ltr'>dissultantes,</span> 
     </span>
     <span class='ocr_line' id='line_1_29' title="bbox 199 1505 1641 1562; baseline -0.001 -16"><span class='ocrx_word' id='word_1_151' title='bbox 199 1505 444 1547; x_wconf 90' lang='lat' dir='ltr'>uehementi</span> <span class='ocrx_word' id='word_1_152' title='bbox 497 1505 667 1547; x_wconf 91' lang='lat' dir='ltr'>incursu</span> <span class='ocrx_word' id='word_1_153' title='bbox 719 1506 905 1547; x_wconf 88' lang='lat' dir='ltr'>aduenas</span> <span class='ocrx_word' id='word_1_154' title='bbox 957 1508 1226 1562; x_wconf 87' lang='lat' dir='ltr'>appetebant.</span> <span class='ocrx_word' id='word_1_155' title='bbox 1291 1506 1442 1548; x_wconf 84' lang='lat' dir='ltr'>Cetera</span> <span class='ocrx_word' id='word_1_156' title='bbox 1492 1518 1641 1546; x_wconf 84' lang='lat' dir='ltr'>raucos</span> 
     </span>
     <span class='ocr_line' id='line_1_30' title="bbox 199 1563 1642 1618; baseline -0.001 -14"><span class='ocrx_word' id='word_1_157' title='bbox 199 1564 393 1605; x_wconf 84' lang='lat' dir='ltr'>extulere</span> <span class='ocrx_word' id='word_1_158' title='bbox 425 1563 624 1618; x_wconf 88' lang='lat' dir='ltr'>mugitus.</span> <span class='ocrx_word' id='word_1_159' title='bbox 687 1563 796 1605; x_wconf 84' lang='lat' dir='ltr'>Tum</span> <span class='ocrx_word' id='word_1_160' title='bbox 829 1563 1043 1606; x_wconf 83' lang='lat' dir='ltr'>Broderus</span> <span class='ocrx_word' id='word_1_161' title='bbox 1076 1571 1117 1606; x_wconf 94' lang='lat' dir='ltr'>et</span> <span class='ocrx_word' id='word_1_162' title='bbox 1149 1564 1296 1616; x_wconf 86' lang='lat' dir='ltr'>Buchi,</span> <span class='ocrx_word' id='word_1_163' title='bbox 1330 1563 1381 1604; x_wconf 91' lang='lat' dir='ltr'>ad</span> <span class='ocrx_word' id='word_1_164' title='bbox 1416 1563 1511 1605; x_wconf 91' lang='lat' dir='ltr'>olim</span> <span class='ocrx_word' id='word_1_165' title='bbox 1542 1569 1642 1603; x_wconf 89' lang='lat' dir='ltr'>nota</span> 
     </span>
     <span class='ocr_line' id='line_1_31' title="bbox 198 1620 1643 1676; baseline -0.001 -14"><span class='ocrx_word' id='word_1_166' title='bbox 198 1621 275 1663; x_wconf 88' lang='lat' dir='ltr'>sibi</span> <span class='ocrx_word' id='word_1_167' title='bbox 307 1622 447 1663; x_wconf 90' lang='lat' dir='ltr'>studia</span> <span class='ocrx_word' id='word_1_168' title='bbox 477 1625 757 1676; x_wconf 79' lang='lat' dir='ltr'>recurrentes,</span> <span class='ocrx_word' id='word_1_169' title='bbox 789 1622 1052 1664; x_wconf 84' lang='lat' dir='ltr'>incursantes</span> <span class='ocrx_word' id='word_1_170' title='bbox 1084 1637 1128 1664; x_wconf 90' lang='lat' dir='ltr'>se</span> <span class='ocrx_word' id='word_1_171' title='bbox 1149 1623 1318 1665; x_wconf 84' lang='lat' dir='ltr'>Lamias</span> <span class='ocrx_word' id='word_1_172' title='bbox 1341 1621 1501 1662; x_wconf 87' lang='lat' dir='ltr'>adactis</span> <span class='ocrx_word' id='word_1_173' title='bbox 1525 1620 1643 1660; x_wconf 90' lang='lat' dir='ltr'>undi-</span> 
     </span>
     <span class='ocr_line' id='line_1_32' title="bbox 200 1678 1642 1735; baseline -0.003 -14"><span class='ocrx_word' id='word_1_174' title='bbox 200 1694 282 1735; x_wconf 88' lang='lat' dir='ltr'>que</span> <span class='ocrx_word' id='word_1_175' title='bbox 310 1680 480 1735; x_wconf 90' lang='lat' dir='ltr'>spiculis</span> <span class='ocrx_word' id='word_1_176' title='bbox 512 1680 795 1729; x_wconf 75' lang='lat' dir='ltr'>incessebant,</span> <span class='ocrx_word' id='word_1_177' title='bbox 827 1694 1085 1735; x_wconf 88' lang='lat' dir='ltr'>arcuumque</span> <span class='ocrx_word' id='word_1_178' title='bbox 1107 1695 1157 1722; x_wconf 86' lang='lat' dir='ltr'>ac</span> <span class='ocrx_word' id='word_1_179' title='bbox 1177 1680 1403 1722; x_wconf 89' lang='lat' dir='ltr'>fundarum</span> <span class='ocrx_word' id='word_1_180' title='bbox 1425 1678 1642 1720; x_wconf 89' lang='lat' dir='ltr'>tormentis</span> 
     </span>
     <span class='ocr_line' id='line_1_33' title="bbox 198 1735 1641 1791; baseline -0.002 -13"><span class='ocrx_word' id='word_1_181' title='bbox 198 1751 349 1791; x_wconf 88' lang='lat' dir='ltr'>agmen</span> <span class='ocrx_word' id='word_1_182' title='bbox 398 1738 612 1780; x_wconf 89' lang='lat' dir='ltr'>obtriuere</span> <span class='ocrx_word' id='word_1_183' title='bbox 658 1742 955 1780; x_wconf 87' lang='lat' dir='ltr'>monstrorum.</span> <span class='ocrx_word' id='word_1_184' title='bbox 1017 1738 1107 1780; x_wconf 90' lang='lat' dir='ltr'>Nec</span> <span class='ocrx_word' id='word_1_185' title='bbox 1154 1739 1236 1779; x_wconf 89' lang='lat' dir='ltr'>alia</span> <span class='ocrx_word' id='word_1_186' title='bbox 1281 1738 1344 1779; x_wconf 92' lang='lat' dir='ltr'>uis</span> <span class='ocrx_word' id='word_1_187' title='bbox 1392 1735 1641 1791; x_wconf 82' lang='lat' dir='ltr'>repellendis</span> 
     </span>
     <span class='ocr_line' id='line_1_34' title="bbox 200 1793 1643 1851; baseline -0.003 -14"><span class='ocrx_word' id='word_1_188' title='bbox 200 1795 408 1838; x_wconf 84' lang='lat' dir='ltr'>efficacior</span> <span class='ocrx_word' id='word_1_189' title='bbox 437 1795 530 1838; x_wconf 87' lang='lat' dir='ltr'>fuit.</span> <span class='ocrx_word' id='word_1_190' title='bbox 571 1795 734 1851; x_wconf 85' lang='lat' dir='ltr'>Viginti</span> <span class='ocrx_word' id='word_1_191' title='bbox 766 1796 874 1838; x_wconf 87' lang='lat' dir='ltr'>solos</span> <span class='ocrx_word' id='word_1_192' title='bbox 908 1811 961 1838; x_wconf 85' lang='lat' dir='ltr'>ex</span> <span class='ocrx_word' id='word_1_193' title='bbox 993 1797 1107 1838; x_wconf 91' lang='lat' dir='ltr'>omni</span> <span class='ocrx_word' id='word_1_194' title='bbox 1139 1797 1338 1838; x_wconf 90' lang='lat' dir='ltr'>comitatu</span> <span class='ocrx_word' id='word_1_195' title='bbox 1369 1794 1484 1848; x_wconf 88' lang='lat' dir='ltr'>regio</span> <span class='ocrx_word' id='word_1_196' title='bbox 1517 1793 1643 1848; x_wconf 83' lang='lat' dir='ltr'>sagit-</span> 
     </span>
     <span class='ocr_line' id='line_1_35' title="bbox 201 1852 1640 1897; baseline -0.003 -2"><span class='ocrx_word' id='word_1_197' title='bbox 201 1854 306 1895; x_wconf 89' lang='lat' dir='ltr'>tarie</span> <span class='ocrx_word' id='word_1_198' title='bbox 329 1855 429 1896; x_wconf 89' lang='lat' dir='ltr'>artis</span> <span class='ocrx_word' id='word_1_199' title='bbox 452 1855 720 1896; x_wconf 89' lang='lat' dir='ltr'>interuentus</span> <span class='ocrx_word' id='word_1_200' title='bbox 753 1855 956 1896; x_wconf 90' lang='lat' dir='ltr'>seruauit.</span> <span class='ocrx_word' id='word_1_201' title='bbox 1001 1853 1141 1897; x_wconf 82' lang='lat' dir='ltr'>Ceteri</span> <span class='ocrx_word' id='word_1_202' title='bbox 1174 1853 1345 1895; x_wconf 90' lang='lat' dir='ltr'>laniatui</span> <span class='ocrx_word' id='word_1_203' title='bbox 1376 1852 1493 1893; x_wconf 87' lang='lat' dir='ltr'>fuere</span> <span class='ocrx_word' id='word_1_204' title='bbox 1525 1865 1640 1892; x_wconf 92' lang='lat' dir='ltr'>mon-</span> 
     </span>
     <span class='ocr_line' id='line_1_36' title="bbox 201 1909 1640 1967; baseline -0.004 -13"><span class='ocrx_word' id='word_1_205' title='bbox 201 1912 310 1954; x_wconf 89' lang='lat' dir='ltr'>stris.</span> <span class='ocrx_word' id='word_1_206' title='bbox 353 1912 590 1967; x_wconf 89' lang='lat' dir='ltr'>Regressos</span> <span class='ocrx_word' id='word_1_207' title='bbox 616 1912 667 1953; x_wconf 91' lang='lat' dir='ltr'>ad</span> <span class='ocrx_word' id='word_1_208' title='bbox 691 1926 860 1954; x_wconf 86' lang='lat' dir='ltr'>amnem</span> <span class='ocrx_word' id='word_1_209' title='bbox 881 1913 1128 1967; x_wconf 90' lang='lat' dir='ltr'>superstites</span> <span class='ocrx_word' id='word_1_210' title='bbox 1154 1910 1452 1954; x_wconf 86' lang='lat' dir='ltr'>Guthmundus</span> <span class='ocrx_word' id='word_1_211' title='bbox 1473 1909 1640 1963; x_wconf 88' lang='lat' dir='ltr'>nauigio</span> 
     </span>
     <span class='ocr_line' id='line_1_37' title="bbox 201 1970 1642 2026; baseline -0.003 -16"><span class='ocrx_word' id='word_1_212' title='bbox 201 1970 375 2023; x_wconf 83' lang='lat' dir='ltr'>traiicit,</span> <span class='ocrx_word' id='word_1_213' title='bbox 417 1974 707 2026; x_wconf 84' lang='lat' dir='ltr'>exceptosque</span> <span class='ocrx_word' id='word_1_214' title='bbox 748 1970 860 2012; x_wconf 90' lang='lat' dir='ltr'>domi</span> <span class='ocrx_word' id='word_1_215' title='bbox 905 1984 998 2011; x_wconf 81' lang='lat' dir='ltr'>curn</span> <span class='ocrx_word' id='word_1_216' title='bbox 1033 1970 1101 2012; x_wconf 89' lang='lat' dir='ltr'>diu</span> <span class='ocrx_word' id='word_1_217' title='bbox 1146 1985 1193 2011; x_wconf 90' lang='lat' dir='ltr'>ac</span> <span class='ocrx_word' id='word_1_218' title='bbox 1225 1971 1402 2011; x_wconf 92' lang='lat' dir='ltr'>multum</span> <span class='ocrx_word' id='word_1_219' title='bbox 1449 1972 1642 2009; x_wconf 85' lang='lat' dir='ltr'>exoratos</span> 
     </span>
     <span class='ocr_line' id='line_1_38' title="bbox 201 2024 1641 2083; baseline -0.003 -14"><span class='ocrx_word' id='word_1_220' title='bbox 201 2033 412 2069; x_wconf 87' lang='lat' dir='ltr'>retentare</span> <span class='ocrx_word' id='word_1_221' title='bbox 443 2042 528 2069; x_wconf 91' lang='lat' dir='ltr'>non</span> <span class='ocrx_word' id='word_1_222' title='bbox 559 2032 726 2083; x_wconf 85' lang='lat' dir='ltr'>posset,</span> <span class='ocrx_word' id='word_1_223' title='bbox 769 2028 820 2070; x_wconf 91' lang='lat' dir='ltr'>ad</span> <span class='ocrx_word' id='word_1_224' title='bbox 865 2028 1055 2069; x_wconf 85' lang='lat' dir='ltr'>ultimum</span> <span class='ocrx_word' id='word_1_225' title='bbox 1089 2028 1265 2070; x_wconf 89' lang='lat' dir='ltr'>donatos</span> <span class='ocrx_word' id='word_1_226' title='bbox 1296 2027 1410 2068; x_wconf 90' lang='lat' dir='ltr'>abire</span> <span class='ocrx_word' id='word_1_227' title='bbox 1441 2024 1641 2080; x_wconf 88' lang='lat' dir='ltr'>permisit.</span> 
     </span>
     <span class='ocr_line' id='line_1_39' title="bbox 202 2082 1642 2141; baseline -0.003 -15"><span class='ocrx_word' id='word_1_228' title='bbox 202 2085 286 2127; x_wconf 91' lang='lat' dir='ltr'>Hic</span> <span class='ocrx_word' id='word_1_229' title='bbox 317 2086 455 2127; x_wconf 87' lang='lat' dir='ltr'>Buchi</span> <span class='ocrx_word' id='word_1_230' title='bbox 485 2100 634 2141; x_wconf 87' lang='lat' dir='ltr'>parum</span> <span class='ocrx_word' id='word_1_231' title='bbox 667 2086 846 2141; x_wconf 89' lang='lat' dir='ltr'>diligens</span> <span class='ocrx_word' id='word_1_232' title='bbox 879 2087 942 2127; x_wconf 91' lang='lat' dir='ltr'>sui</span> <span class='ocrx_word' id='word_1_233' title='bbox 978 2091 1143 2139; x_wconf 89' lang='lat' dir='ltr'>custos,</span> <span class='ocrx_word' id='word_1_234' title='bbox 1189 2086 1342 2126; x_wconf 79' lang='lat' dir='ltr'>laxatis</span> <span class='ocrx_word' id='word_1_235' title='bbox 1384 2082 1642 2125; x_wconf 86' lang='lat' dir='ltr'>continencie</span> 
     </span>
     <span class='ocr_line' id='line_1_40' title="bbox 200 2143 1643 2199; baseline -0.003 -15"><span class='ocrx_word' id='word_1_236' title='bbox 200 2144 364 2192; x_wconf 80' lang='lat' dir='ltr'>neruis,</span> <span class='ocrx_word' id='word_1_237' title='bbox 399 2144 579 2196; x_wconf 88' lang='lat' dir='ltr'>uirtute,</span> <span class='ocrx_word' id='word_1_238' title='bbox 612 2158 695 2199; x_wconf 91' lang='lat' dir='ltr'>qua</span> <span class='ocrx_word' id='word_1_239' title='bbox 725 2144 931 2186; x_wconf 88' lang='lat' dir='ltr'>hactenus</span> <span class='ocrx_word' id='word_1_240' title='bbox 961 2144 1205 2195; x_wconf 82' lang='lat' dir='ltr'>fruebatur,</span> <span class='ocrx_word' id='word_1_241' title='bbox 1246 2143 1433 2193; x_wconf 88' lang='lat' dir='ltr'>abiecta,</span> <span class='ocrx_word' id='word_1_242' title='bbox 1464 2153 1588 2181; x_wconf 90' lang='lat' dir='ltr'>unam</span> <span class='ocrx_word' id='word_1_243' title='bbox 1621 2152 1643 2180; x_wconf 91' lang='lat' dir='ltr'>e</span> 
     </span>
     <span class='ocr_line' id='line_1_41' title="bbox 200 2198 1643 2256; baseline -0.004 -14"><span class='ocrx_word' id='word_1_244' title='bbox 200 2201 366 2243; x_wconf 86' lang='lat' dir='ltr'>filiabus</span> <span class='ocrx_word' id='word_1_245' title='bbox 399 2202 489 2243; x_wconf 88' lang='lat' dir='ltr'>eius</span> <span class='ocrx_word' id='word_1_246' title='bbox 522 2202 789 2243; x_wconf 87' lang='lat' dir='ltr'>irreuocabili</span> <span class='ocrx_word' id='word_1_247' title='bbox 820 2216 964 2243; x_wconf 88' lang='lat' dir='ltr'>amore</span> <span class='ocrx_word' id='word_1_248' title='bbox 1009 2202 1266 2256; x_wconf 83' lang='lat' dir='ltr'>complexus,</span> <span class='ocrx_word' id='word_1_249' title='bbox 1299 2199 1420 2241; x_wconf 85' lang='lat' dir='ltr'>exicii</span> <span class='ocrx_word' id='word_1_250' title='bbox 1452 2198 1516 2240; x_wconf 92' lang='lat' dir='ltr'>sui</span> <span class='ocrx_word' id='word_1_251' title='bbox 1547 2210 1643 2238; x_wconf 91' lang='lat' dir='ltr'>con-</span> 
     </span>
     <span class='ocr_line' id='line_1_42' title="bbox 201 2257 1642 2320; baseline -0.004 -20"><span class='ocrx_word' id='word_1_252' title='bbox 201 2259 378 2300; x_wconf 89' lang='lat' dir='ltr'>nubium</span> <span class='ocrx_word' id='word_1_253' title='bbox 400 2260 656 2314; x_wconf 84' lang='lat' dir='ltr'>impetrauit,</span> <span class='ocrx_word' id='word_1_254' title='bbox 679 2274 863 2315; x_wconf 80' lang='lat' dir='ltr'>moxque</span> <span class='ocrx_word' id='word_1_255' title='bbox 885 2260 1103 2316; x_wconf 86' lang='lat' dir='ltr'>repentino</span> <span class='ocrx_word' id='word_1_256' title='bbox 1128 2259 1294 2300; x_wconf 91' lang='lat' dir='ltr'>uerticis</span> <span class='ocrx_word' id='word_1_257' title='bbox 1318 2257 1489 2298; x_wconf 78' lang='lat' dir='ltr'>circuitu</span> <span class='ocrx_word' id='word_1_258' title='bbox 1512 2259 1642 2320; x_wconf 76' lang='lat' dir='ltr'>actus,</span> 
     </span>
     <span class='ocr_line' id='line_1_43' title="bbox 200 2311 1641 2377; baseline -0.004 -20"><span class='ocrx_word' id='word_1_259' title='bbox 200 2318 420 2372; x_wconf 89' lang='lat' dir='ltr'>pristinum</span> <span class='ocrx_word' id='word_1_260' title='bbox 465 2318 666 2360; x_wconf 89' lang='lat' dir='ltr'>memorie</span> <span class='ocrx_word' id='word_1_261' title='bbox 708 2318 899 2359; x_wconf 85' lang='lat' dir='ltr'>habitum</span> <span class='ocrx_word' id='word_1_262' title='bbox 945 2317 1142 2373; x_wconf 90' lang='lat' dir='ltr'>perdidit.</span> <span class='ocrx_word' id='word_1_263' title='bbox 1204 2316 1270 2358; x_wconf 87' lang='lat' dir='ltr'>Ita</span> <span class='ocrx_word' id='word_1_264' title='bbox 1313 2314 1532 2369; x_wconf 88' lang='lat' dir='ltr'>egregrius</span> <span class='ocrx_word' id='word_1_265' title='bbox 1573 2311 1641 2377; x_wconf 65' lang='lat' dir='ltr'>ille</span> 
     </span>
     <span class='ocr_line' id='line_1_44' title="bbox 203 2373 1642 2434; baseline -0.004 -19"><span class='ocrx_word' id='word_1_266' title='bbox 203 2379 267 2416; x_wconf 89' lang='lat' dir='ltr'>tot</span> <span class='ocrx_word' id='word_1_267' title='bbox 298 2379 577 2417; x_wconf 89' lang='lat' dir='ltr'>monstrorum</span> <span class='ocrx_word' id='word_1_268' title='bbox 610 2375 814 2425; x_wconf 90' lang='lat' dir='ltr'>domitor,</span> <span class='ocrx_word' id='word_1_269' title='bbox 852 2380 916 2417; x_wconf 90' lang='lat' dir='ltr'>tot</span> <span class='ocrx_word' id='word_1_270' title='bbox 946 2375 1229 2431; x_wconf 85' lang='lat' dir='ltr'>periculorum</span> <span class='ocrx_word' id='word_1_271' title='bbox 1261 2373 1478 2423; x_wconf 89' lang='lat' dir='ltr'>subactor,</span> <span class='ocrx_word' id='word_1_272' title='bbox 1519 2383 1642 2434; x_wconf 77' lang='lat' dir='ltr'>unius</span> 
     </span>
     <span class='ocr_line' id='line_1_45' title="bbox 201 2429 1642 2489; baseline -0.004 -16"><span class='ocrx_word' id='word_1_273' title='bbox 201 2431 375 2487; x_wconf 87' lang='lat' dir='ltr'>uirginis</span> <span class='ocrx_word' id='word_1_274' title='bbox 406 2432 569 2475; x_wconf 86' lang='lat' dir='ltr'>facibus</span> <span class='ocrx_word' id='word_1_275' title='bbox 600 2438 837 2489; x_wconf 88' lang='lat' dir='ltr'>superatus,</span> <span class='ocrx_word' id='word_1_276' title='bbox 861 2434 1176 2488; x_wconf 89' lang='lat' dir='ltr'>peregrinatum</span> <span class='ocrx_word' id='word_1_277' title='bbox 1208 2447 1230 2472; x_wconf 89' lang='lat' dir='ltr'>a</span> <span class='ocrx_word' id='word_1_278' title='bbox 1262 2429 1523 2472; x_wconf 85' lang='lat' dir='ltr'>continencia</span> <span class='ocrx_word' id='word_1_279' title='bbox 1555 2441 1642 2468; x_wconf 84' lang='lat' dir='ltr'>ani-</span> 
     </span>
     <span class='ocr_line' id='line_1_46' title="bbox 202 2486 1642 2550; baseline -0.005 -19"><span class='ocrx_word' id='word_1_280' title='bbox 202 2504 315 2532; x_wconf 89' lang='lat' dir='ltr'>mum</span> <span class='ocrx_word' id='word_1_281' title='bbox 340 2491 563 2532; x_wconf 86' lang='lat' dir='ltr'>miserabili</span> <span class='ocrx_word' id='word_1_282' title='bbox 587 2492 684 2546; x_wconf 89' lang='lat' dir='ltr'>iugo</span> <span class='ocrx_word' id='word_1_283' title='bbox 708 2492 941 2546; x_wconf 91' lang='lat' dir='ltr'>uoluptatis</span> <span class='ocrx_word' id='word_1_284' title='bbox 963 2491 1152 2532; x_wconf 89' lang='lat' dir='ltr'>inseruit.</span> <span class='ocrx_word' id='word_1_285' title='bbox 1197 2489 1277 2537; x_wconf 87' lang='lat' dir='ltr'>Qui</span> <span class='ocrx_word' id='word_1_286' title='bbox 1310 2501 1402 2528; x_wconf 89' lang='lat' dir='ltr'>cum</span> <span class='ocrx_word' id='word_1_287' title='bbox 1431 2486 1642 2550; x_wconf 77' lang='lat' dir='ltr'>abiturum</span> 
     </span>
     <span class='ocr_line' id='line_1_47' title="bbox 201 2543 1641 2604; baseline -0.005 -15"><span class='ocrx_word' id='word_1_288' title='bbox 201 2561 341 2603; x_wconf 89' lang='lat' dir='ltr'>regem</span> <span class='ocrx_word' id='word_1_289' title='bbox 389 2548 622 2591; x_wconf 88' lang='lat' dir='ltr'>honestatis</span> <span class='ocrx_word' id='word_1_290' title='bbox 663 2562 790 2590; x_wconf 86' lang='lat' dir='ltr'>causa</span> <span class='ocrx_word' id='word_1_291' title='bbox 835 2552 1187 2604; x_wconf 80' lang='lat' dir='ltr'>prosequeretur,</span> <span class='ocrx_word' id='word_1_292' title='bbox 1235 2545 1389 2587; x_wconf 87' lang='lat' dir='ltr'>uadum</span> <span class='ocrx_word' id='word_1_293' title='bbox 1437 2543 1641 2584; x_wconf 80' lang='lat' dir='ltr'>curriculo</span> 
     </span>
    </p>
   </div>
   <div class='ocr_carea' id='block_1_10' title="bbox 133 2601 1644 2661">
    <p class='ocr_par' dir='ltr' id='par_1_10' title="bbox 133 2601 1644 2661">
     <span class='ocr_line' id='line_1_48' title="bbox 133 2601 1644 2661; baseline -0.005 -14"><span class='ocrx_word' id='word_1_294' title='bbox 133 2619 171 2647; x_wconf 78' lang='lat'>40</span> <span class='ocrx_word' id='word_1_295' title='bbox 201 2606 466 2659; x_wconf 86' lang='lat' dir='ltr'>transiturus,</span> <span class='ocrx_word' id='word_1_296' title='bbox 499 2607 629 2648; x_wconf 85' lang='lat' dir='ltr'>alcius</span> <span class='ocrx_word' id='word_1_297' title='bbox 652 2606 939 2649; x_wconf 82' lang='lat' dir='ltr'>desidentibus</span> <span class='ocrx_word' id='word_1_298' title='bbox 963 2606 1079 2659; x_wconf 75' lang='lat' dir='ltr'>rotis,</span> <span class='ocrx_word' id='word_1_299' title='bbox 1111 2606 1155 2646; x_wconf 93' lang='lat' dir='ltr'>ui</span> <span class='ocrx_word' id='word_1_300' title='bbox 1177 2604 1386 2646; x_wconf 88' lang='lat' dir='ltr'>uorticum</span> <span class='ocrx_word' id='word_1_301' title='bbox 1408 2601 1644 2661; x_wconf 80' lang='lat' dir='ltr'>implicatus</span> 
     </span>
    </p>
   </div>
   <div class='ocr_carea' id='block_1_11' title="bbox 1444 2668 1506 2705">
    <p class='ocr_par' dir='ltr' id='par_1_11' title="bbox 1444 2668 1506 2705">
     <span class='ocr_line' id='line_1_49' title="bbox 1444 2668 1506 2705; baseline 0 0"><span class='ocrx_word' id='word_1_302' title='bbox 1444 2668 1506 2705; x_wconf 74' lang='lat'>19*</span> 
     </span>
    </p>
   </div>
   <div class='ocr_carea' id='block_1_12' title="bbox 1717 1052 1795 1082">
    <p class='ocr_par' dir='ltr' id='par_1_12' title="bbox 1717 1052 1795 1082">
     <span class='ocr_line' id='line_1_50' title="bbox 1717 1052 1795 1082; baseline -0.051 0"><span class='ocrx_word' id='word_1_303' title='bbox 1717 1074 1723 1082; x_wconf 89' lang='lat'>.</span> <span class='ocrx_word' id='word_1_304' title='bbox 1747 1052 1795 1079; x_wconf 68' lang='lat'>⁴28</span> 
     </span>
    </p>
   </div>
  </div>
 </body>
</html>
