1884 3126
293 597 309 624 5

278 886 310 912 10

276 1174 308 1200 15

273 1492 309 1519 20

271 2071 309 2098 30

272 2360 307 2387 35

341 227 395 269 42
925 229 1195 272 -ῙῙ-,

342 356 589 399 condicione
633 357 1060 412 pristinum-fulgoris
1090 358 1280 399 habitum
1310 358 1501 399 uenerari
1532 358 1779 412 meminerit,

342 414 560 469 discatque
579 415 620 456 in
643 415 889 457 miserorum
921 421 1033 457 sorte
1065 416 1307 470 preter-itam
1335 415 1531 458 estimare
1553 416 1778 458 fortunam.

343 472 586 514 Curandum
607 473 763 529 itaque,
793 488 859 525 ne,
892 474 1010 515 cuius
1041 473 1291 514 affinitatem
1322 477 1518 527 expetat,
1558 474 1779 528 imperium

340 530 489 585 rapiat,
522 535 576 584 et,
609 544 728 586 quem
748 531 909 586 nupciis
930 531 1139 573 illustrare
1161 532 1330 586 gestiat,
1363 531 1631 573 obscuritatis
1658 533 1664 584 1
1692 546 1778 574 sor·
1809 545 1833 570 p·
1855 538 1884 563 08

339 588 462 630 dibus
493 593 722 644 respergat,
753 588 1005 631 matrimonii
1037 588 1283 644 dignitatem
1315 589 1502 631 auaricie
1536 588 1674 630 studio
1695 603 1782 630 cor-

341 650 555 701 rupturus.
600 646 730 688 Cuius
753 646 851 688 dicti
874 647 1069 688 comitate
1093 650 1134 689 et
1155 647 1357 688 uictorem
1380 660 1582 701 generum
1604 646 1783 689 adsciuit

342 709 383 745 et
413 704 532 758 regni
562 704 803 747 libertatem
836 704 1030 747 obtinuit.

477 762 647 804 Interea
689 761 903 804 Sueonum
942 762 1051 816 regis
1090 761 1316 816 Hzmdingi
1355 762 1535 804 coniunx
1566 761 1780 814 Thorilda,

342 834 436 861 cum
478 819 694 875 priuignos
736 834 834 861 suos
865 819 1109 874 Regnerum
1135 824 1177 861 et
1207 819 1479 872 Thoraldum,
1511 834 1691 875 quorum
1722 820 1782 861 in-

342 877 459 919 finito
492 877 588 919 odio
622 878 866 931 tenebatur,
907 881 954 918 ut
983 878 1110 919 uariis
1141 878 1422 932 periculorum
1454 879 1677 932 generibus
1708 878 1781 919 im-

339 935 530 990 plicaret,
580 936 695 991 regio
744 935 914 977 tandem
965 936 1106 990 pecori
1151 935 1425 990 prefecisset,
1465 935 1653 991 Hadingi
1697 937 1782 977 filia

340 993 586 1043 Suanhuita‚
620 993 827 1036 sororibus
858 993 900 1034 in
930 993 1187 1034 famulicium
1219 993 1409 1048 sumptis,
1443 992 1630 1036 Suetiam
1663 995 1781 1049 petit,

341 1051 568 1093 clarissime
617 1051 768 1093 indolis
821 1051 1002 1093 exicium
1052 1051 1244 1092 muliebri
1294 1051 1462 1106 ingenio
1518 1065 1780 1106 precursura.

342 1109 536 1164 Cumque
556 1109 767 1164 predictos
797 1108 1113 1162 adolescentes,
1140 1109 1356 1150 nocturnis
1385 1122 1562 1163 gregum
1594 1109 1782 1151 excubiis

342 1171 594 1222 occupatos,
636 1166 790 1208 diuersi
828 1166 993 1222 generis
1033 1166 1240 1221 portentis
1284 1166 1546 1208 circunfundi
1603 1167 1780 1221 uideret,

340 1238 506 1266 sorores
560 1225 674 1280 equis
726 1224 982 1267 descendere
1035 1224 1250 1280 cupientes
1302 1224 1374 1265 tali
1419 1224 1625 1279 poematis
1676 1239 1779 1267 sono

340 1283 497 1325 uetuit:

453 1370 644 1411 Monstra
677 1369 846 1425 quidem
877 1369 1001 1411 uideo
1033 1370 1213 1412 celerem
1246 1369 1466 1425 captaucia
1496 1369 1647 1411 saltum

513 1427 703 1482 Corpora
734 1428 950 1469 nocturnis
982 1428 1234 1482 precipitare
1264 1428 1380 1469 locis.

454 1486 574 1527 Bella
606 1486 714 1538 gerit
746 1485 912 1540 demon,
946 1489 986 1527 et
1016 1485 1157 1541 inique
1189 1485 1330 1526 dedita
1361 1485 1452 1527 rixe

511 1543 665 1585 Militat
684 1543 736 1584 -in
767 1542 914 1586 mediis
946 1543 1071 1585 turba
1101 1542 1286 1585 nefanda
1316 1543 1408 1584 uiis.

454 1600 609 1657 Effigie
640 1601 871 1656 spectanda
903 1602 1008 1643 truci
1039 1605 1236 1656 portenta
1266 1601 1470 1654 feruntur,

512 1659 691 1714 Hecque
722 1658 940 1701 hominum
970 1659 1075 1701 nulli
1105 1673 1205 1701 rura
1235 1662 1380 1714 patere
1410 1659 1563 1700 sinunt.

453 1717 635 1773 Agmina
667 1718 859 1772 precipiti
890 1731 965 1772 per
994 1717 1119 1758 inane
1149 1717 1320 1758 ruencia
1350 1730 1476 1758 cursu

510 1775 607 1817 Hac
637 1789 713 1816 nos
744 1789 1016 1830 progressum
1047 1775 1194 1817 sistere
1225 1773 1326 1816 sede
1356 1774 1525 1824 iubent3

455 1833 647 1875 Flectere
677 1833 765 1875 lora
795 1837 969 1874 monent
999 1833 1213 1888 sacrisque
1246 1831 1451 1874 absistere
1482 1831 1653 1886 campis,

510 1890 713 1945 Aruaque
743 1905 820 1933 nos
851 1890 1077 1946 prohibent
1107 1890 1306 1932 ulteriora
1336 1890 1467 1945 sequi.

455 1947 572 1990 Trux
595 1949 801 1991 lemurum
822 1948 975 1991 chorus
1006 1948 1244 2002 aduehitur,
1276 1961 1536 2003 precepsque
1557 1961 1633 2002 per
1656 1961 1777 1989 auras

513 2006 712 2060 Cursitat,
744 2011 787 2049 et
816 2010 954 2050 uastos
985 2007 1072 2049 edit
1101 2006 1154 2047 ad
1187 2009 1300 2048 astra
1330 2020 1472 2048 sonos.

453 2064 677 2107 Accedunt
706 2065 842 2107 Fauni
874 2064 1047 2120 Satyris,
1078 2064 1328 2119 Panumque
1360 2068 1530 2106 caterua
1706 2111 1708 2113 ,
1794 2068 1884 2097 X1112

510 2123 704 2165 Manibus
736 2123 923 2165 admixta
953 2122 1101 2164 militat
1133 2135 1205 2164 ore
1236 2121 1349 2176 fer03
1806 2147 1834 2172 p.
1853 2141 1884 2166 69

454 2179 636 2223 Siluanis
667 2186 821 2224 coeunt
853 2181 1007 2236 Aquili,
1039 2179 1265 2235 Larueque
1295 2182 1497 2223 nocentes

513 2238 621 2281 Cum
648 2239 806 2281 Lamiis
838 2238 984 2281 callem
1015 2238 1267 2293 participare
1299 2237 1484 2280 student.

455 2296 575 2339 Saltu
607 2297 812 2339 librantur
843 2296 984 2348 Furie‚
1016 2295 1302 2351 glomerantur
1336 2295 1491 2338 eisdem

509 2354 661 2409 Larue,
693 2369 792 2410 quas
827 2354 951 2407 Simis
980 2353 1152 2396 Fantua
1181 2354 1325 2395 iuncta
1356 2353 1522 2409 premit.

456 2411 692 2455 Calcandus
724 2412 854 2468 pediti
885 2416 1039 2454 trames
1071 2414 1231 2453 terrore
1261 2411 1489 2463 redundat3

511 2470 667 2513 Tucius
699 2471 857 2513 excelsi
886 2474 1007 2526 terga
1036 2473 1283 2524 premantur
1314 2469 1423 2525 equi.

475 2556 544 2597 Ad
582 2556 661 2599 hec
690 2555 927 2610 Regnerus,
959 2569 1125 2598 seruum
1159 2555 1323 2609 regium
1353 2570 1401 2598 se
1431 2555 1659 2609 professus,
1691 2558 1777 2596 tam
1809 2563 1878 2597 (23³

338 2613 557 2670 longinqui
589 2628 613 2656 a
652 2614 777 2656 domo
818 2628 1016 2657 excessus
1059 2627 1230 2656 causam
1270 2613 1462 2666 astruxit,
1502 2613 1637 2669 quod,
1683 2627 1778 2654 cum
