1884 3126
774 235 1048 277 —II—
1581 242 1634 282 55

188 360 350 404 collatis
380 362 423 404 in
457 362 700 418 priuignum
730 363 892 419 opibus,
924 364 976 406 ad
1004 365 1200 407 ultimum
1231 366 1413 421 ingentis
1440 367 1635 422 ponderis

188 424 392 474 torquem,
426 435 509 476 quo
544 421 701 469 donum
734 422 994 464 cumulacius
1026 423 1236 475 redderet,
1270 424 1535 480 expendisse.

324 477 462 534 Igitur
480 478 590 521 Vrsa
613 480 742 521 tercio
766 481 948 522 conuiuii
972 481 1051 535 die,
1084 481 1247 524 edende
1278 482 1437 524 fraudis
1472 484 1634 538 copiam

187 542 412 591 aucupata,
445 538 659 593 suspicato
681 539 740 580 nil
764 539 848 581 tale
873 539 1066 595 coniuge,
1086 540 1204 595 regia
1226 541 1407 595 pecunia
1430 542 1634 584 uehiculis

134 608 150 635 5
185 594 402 650 imposita,
443 597 623 651 propriis
667 610 712 638 se
753 597 976 652 penatibus
1013 597 1172 640 furtiuo
1213 598 1415 640 subduxit
1445 614 1634 654 egressu,

187 653 472 710 sublustrique
523 658 649 697 nocte
699 654 844 710 fugam
891 670 986 698 cum
1031 656 1117 698 filio
1168 659 1394 698 consecuta
1446 657 1634 700 discedit.

185 711 454 769 Insequentis
496 727 540 755 se
581 713 661 755 uiri
700 719 820 756 metu
845 715 1019 770 percita,
1059 728 1134 770 per
1173 729 1379 756 summam
1423 716 1635 758 ulterioris

184 770 286 825 fuge
318 770 600 813 diffidenciam
633 773 806 814 comites
838 772 1071 826 abbiiciende
1104 774 1283 828 pecunie
1324 774 1440 815 iussu
1483 775 1634 816 sollici-

185 832 260 882 tat,
294 829 381 870 uita
424 829 493 872 uel
534 830 683 886 opibus
732 830 938 873 carituros
986 831 1225 885 affirmans3
1275 832 1444 873 unicum
1489 833 1635 875 salutis

119 900 152 927 10
184 886 474 943 compendium
505 889 546 930 in
578 889 657 931 eris
699 889 941 932 abieccione
978 891 1233 945 repositum,
1277 904 1353 931 nec
1397 890 1498 945 fuge
1539 892 1635 933 sub-

183 945 334 987 sidium
367 946 445 988 nisi
476 961 615 989 rerum
650 947 804 990 damno
838 948 1109 1004 carpendum.
1147 947 1306 990 Eodem
1328 948 1468 1004 itaque
1496 963 1635 991 exem-

183 1004 253 1059 plo
286 1004 505 1060 utendum,
550 1020 633 1061 quo
675 1006 755 1048 sibi
786 1006 1046 1048 Frothonem
1079 1006 1192 1061 apud
1224 1007 1453 1048 Britannos
1486 1021 1634 1049 consu-

182 1062 310 1105 luisse
342 1063 554 1118 proditum
587 1068 691 1106 erat.
741 1064 912 1108 Adiecit
945 1065 1089 1114 eciam,
1122 1079 1207 1106 non
1239 1079 1391 1120 magno
1425 1069 1634 1120 constare,

183 1121 218 1162 si
261 1118 445 1177 profpria
488 1122 629 1164 Suetis
672 1123 928 1165 resumenda
971 1124 1263 1179 deponerent,
1297 1123 1396 1164 dum
1428 1123 1524 1164 inde
1557 1125 1635 1165 sibi
1666 1130 1747 1164 1²·86

119 1192 152 1219 15
181 1179 281 1234 fuge
313 1180 550 1236 profectus,
593 1180 705 1223 unde
738 1182 798 1223 eis
829 1179 1108 1224 insecucionis
1142 1181 1355 1234 defectus,
1400 1181 1633 1236 accederet,

182 1237 405 1293 magisque
437 1239 576 1281 aliena
607 1239 782 1293 restitui,
815 1254 942 1295 quam
974 1255 1051 1282 sua
1084 1240 1217 1281 deseri
1244 1240 1503 1282 uiderentur.
1547 1240 1635 1283 Nec

181 1309 320 1349 mora3
353 1311 437 1352 quo
470 1298 572 1353 fuga
605 1298 782 1339 celerius
806 1302 1065 1354 carperetur,
1099 1299 1244 1352 regine
1277 1300 1390 1340 iussa
1424 1299 1635 1354 complen-

182 1357 263 1397 tur.
314 1355 480 1397 Aurum
514 1357 723 1399 crumenis
757 1357 955 1412 egeritur,
989 1371 1091 1413 opes
1125 1357 1306 1398 hostium
1339 1358 1479 1412 raptui
1510 1357 1632 1398 relin-

182 1416 383 1468 quuntur.
446 1413 554 1456 Sunt
588 1414 658 1470 qui
690 1420 906 1467 asserant,
939 1416 1116 1467 Vrsam,
1149 1415 1321 1457 retentis
1353 1415 1555 1470 pecuniis,
1590 1430 1633 1457 es

112 1484 151 1510 ⁴20
180 1484 284 1513 auro
319 1471 498 1514 oblitum
528 1473 628 1529 fuge
662 1487 738 1515 sue
770 1474 960 1530 uestigiis
993 1473 1250 1516 instrauisse.
1295 1472 1420 1515 Credi
1451 1487 1633 1529 namque

181 1534 361 1584 poterat,
393 1530 592 1573 feminam
623 1532 819 1587 ingencia
850 1532 1034 1575 molitam
1069 1532 1258 1574 facinora
1290 1532 1508 1574 metallum
1531 1545 1634 1586 quo-

181 1603 261 1643 que
285 1589 413 1631 iactui
437 1589 691 1631 destinatum
714 1590 827 1632 inani
851 1589 1019 1646 fulgore
1040 1591 1243 1646 pinxisse,
1277 1603 1472 1631 uerarum
1505 1604 1633 1645 opum

180 1647 321 1701 precia
367 1647 580 1690 mendacis
627 1649 718 1690 auri
764 1649 913 1690 iubare
959 1649 1240 1691 simulantem.
1302 1647 1462 1690 Videns
1508 1648 1634 1703 igitur

179 1705 340 1747 Atislus
384 1705 588 1747 donatum
619 1706 806 1749 Roluoni
846 1711 1041 1764 torquem
1078 1707 1188 1749 inter
1220 1707 1302 1748 alia
1333 1707 1423 1747 auri
1454 1706 1634 1761 insignia

111 1775 147 1802 25
180 1763 398 1817 relictum,
442 1764 635 1806 intimum
678 1765 863 1807 auaricie
895 1780 971 1808 sue
1001 1766 1156 1821 pignus
1198 1764 1404 1806 curiosius
1446 1769 1631 1807 contem-

179 1822 333 1876 platus,
355 1826 403 1864 ut
425 1823 598 1878 predam
617 1824 847 1880 exciperet,
880 1823 1020 1866 affixis
1053 1824 1179 1865 humo
1213 1823 1392 1878 genibus
1411 1823 1633 1878 cupiditati

179 1880 443 1923 maiestatem
487 1881 690 1923 inclinare
721 1882 937 1924 sustinuit.
1000 1882 1136 1929 Quem
1168 1881 1307 1924 Roluo
1341 1881 1529 1924 tollende
1559 1894 1633 1936 pe-

180 1938 301 1980 cunie
345 1938 488 1994 gracia
529 1954 710 1995 pronum
756 1940 1058 1996 dimissumque
1108 1939 1396 1996 conspiciens,
1453 1939 1633 1995 propriis

179 2000 439 2052 prostratum
470 1999 717 2041 muneribus
749 1999 851 2051 risit,
883 1998 1060 2055 perinde
1093 2012 1142 2040 ac
1176 1997 1325 2054 cupide
1353 2003 1631 2053 repetentem,

111 2066 147 2093 30
178 2053 292 2110 quod
337 2055 488 2097 callide
530 2057 759 2100 tribuisset.
825 2057 1046 2099 Contentis
1079 2056 1210 2112 preda
1243 2056 1398 2109 Suetis,
1432 2056 1547 2098 ocius
1579 2055 1632 2096 ad

180 2127 312 2154 naues
335 2128 379 2156 se
402 2115 562 2171 recipit,
591 2115 826 2171 fugamque
849 2115 1091 2158 uehementi
1123 2129 1336 2157 remorum
1364 2118 1515 2157 conatu
1538 2127 1632 2168 cap-

179 2172 299 2212 tauit.
359 2170 523 2214 Ferunt
564 2177 707 2215 autem
748 2174 888 2224 illum,
924 2173 1121 2230 quicquid
1147 2177 1344 2229 prestare
1375 2177 1631 2227 posceretur,

179 2229 312 2284 prime
352 2230 655 2286 supplicacioni
692 2237 887 2288 prompta
919 2232 1175 2274 liberalitate
1218 2231 1404 2273 tribuere
1446 2231 1629 2280 solitum,

179 2302 259 2330 nec
291 2301 491 2344 umquam
525 2289 578 2331 ad
612 2289 843 2332 secundam
876 2291 1060 2345 petentis
1092 2303 1242 2332 uocem
1274 2289 1483 2330 distulisse
1507 2301 1627 2342 roga·

111 2357 146 2385 35
178 2349 283 2388 tum.
326 2346 546 2403 Siquidem
577 2361 750 2402 precum
783 2349 1059 2390 iteracionem
1091 2347 1380 2390 munificencie
1402 2347 1628 2388 uelocitate

179 2418 440 2459 precurrere,
474 2420 600 2461 quam
634 2406 884 2449 beneficium
916 2407 1117 2448 tarditate
1148 2410 1294 2448 notare
1327 2405 1486 2446 maluit.
1534 2403 1628 2464 Quo

180 2476 246 2504 res
280 2462 317 2503 ei
347 2463 575 2505 maximam
610 2463 890 2506 athleta*1·um
923 2465 1211 2520 frequenciam
1234 2463 1488 2505 conciliauit.
1530 2461 1626 2502 Ple·
1652 2469 1767 2499 XVlla

180 2534 345 2575 runque
378 2522 490 2563 enim
522 2521 654 2564 uirtus
685 2525 759 2564 aut
788 2523 958 2579 premiis
989 2523 1200 2578 pascitur,
1239 2525 1312 2562 aut
1342 2519 1537 2561 laudibus
1568 2519 1629 2560 in-

181 2578 346 2621 citatur.
1229 2578 1235 2584 ’

111 2646 148 2674 40
317 2636 402 2690 Per
424 2636 537 2680 idem
569 2641 735 2695 tempus
754 2637 953 2695 Agnerus
987 2638 1157 2696 quidam
1189 2636 1343 2692 Ingelli
1373 2634 1481 2677 filius
1514 2648 1630 2677 soro-
