1884 3126
75 878 109 905 10

77 2328 113 2355 35

78 2620 115 2651 40

713 236 762 244 —
825 214 889 256 VI
951 237 1001 244 —
1498 221 1577 261 201

138 342 564 398 obsequentissimam
614 341 887 384 adulatrieem
932 356 1057 398 agere
1103 344 1244 400 cepit,
1296 346 1581 389 curiositatem

139 416 257 444 suam
290 400 351 442 ire
385 401 475 443 eius
509 414 724 456 opponere
755 400 954 456 cupiens,
992 415 1042 443 eo
1076 403 1243 457 quidem
1274 405 1408 446 minus
1442 419 1582 446 errore

140 458 389 515 culpabilis,
442 472 525 514 quo
576 458 693 500 illum
743 458 920 500 celerius
967 459 1190 515 obiurgata
1234 461 1430 505 deseruit.
1492 462 1582 505 Nec

141 524 283 559 tamen
315 517 432 559 leues
465 517 554 558 eius
585 530 716 572 penas
746 516 960 572 pependit,
991 532 1086 559 cum
1118 519 1221 572 loca,
1252 519 1292 560 in
1325 520 1474 575 quibus
1496 523 1581 562 for-

141 576 348 618 tissimum
381 589 524 617 senem
556 573 789 616 discubitus
821 575 990 630 repulsa
1032 576 1329 630 sugillauerat,
1369 584 1465 634 post
1497 593 1582 620 mo-
1609 619 1621 624 ,,

141 634 239 675 dum
274 634 451 675 fratrum
483 646 656 674 suorum
691 632 880 674 cladibus
913 638 1132 675 cruentata
1164 636 1436 691 conspiceret.

278 690 418 734 Nocte
449 705 575 741 uero,
614 690 780 745 Ingello
823 690 961 732 cibum
1000 705 1094 733 cum
1128 691 1340 747 Suertingi
1381 694 1475 736 filiis
1516 710 1581 736 ca-

140 750 304 806 piente,
346 748 677 806 apparatissimis
723 748 902 805 dapibus
939 749 1134 791 insistens
1165 751 1384 793 luxurioso
1416 767 1582 794 mensas

143 808 270 863 epulo
304 808 556 860 cumulanit,
588 820 832 863 senemque,
864 821 916 849 ne
948 808 1153 850 maturius
1185 823 1229 850 se
1261 810 1454 851 conuiuio
1488 811 1583 852 sub-

140 865 340 916 traheret,
371 865 566 908 familiari
596 865 854 907 inuitacione
888 865 1072 919 retinuit,
1102 871 1302 922 tanquam
1330 869 1582 923 operosioris

142 938 237 966 esce
279 923 590 966 oblectamenta
632 923 812 966 solidum
858 924 1025 965 uirtutis
1056 925 1240 978 rigorem
1271 939 1478 967 excauarc
1509 940 1583 981 po-

141 982 333 1024 tuissent.
397 982 560 1031 Quibus
613 996 705 1023 cum
758 981 1053 1023 Starcatherus
1104 981 1275 1025 *oeulos
1326 984 1582 1038 inseruisset,

143 1054 284 1082 corum
317 1054 397 1082 usu
437 1040 660 1083 lasciuiore
691 1042 964 1094 contempto,
996 1040 1152 1095 nequid
1185 1047 1363 1083 externo
1395 1043 1494 1083 ritui
1524 1042 1583 1083 in-

142 1097 349 1153 dulgeret,
383 1100 693 1155 temperancia,
736 1112 818 1153 qua
862 1097 1086 1154 plurimum
1118 1099 1317 1153 pollebat,
1349 1101 1583 1154 appetitum

142 1170 263 1198 suum
287 1156 492 1199 aduersus
515 1156 761 1199 deliciarum
787 1156 1050 1198 irritamenta
1081 1157 1276 1211 firmauit,
1309 1172 1362 1199 ne
1394 1158 1584 1199 bellicam

142 1215 374 1256 claritatem
409 1215 701 1257 conuiualibus
733 1214 941 1256 illecebris
973 1214 1278 1257 absumendam
1310 1216 1580 1271 permitteret.

142 1271 246 1314 Erat
278 1273 388 1314 enim
420 1273 623 1315 fortitudo
658 1274 746 1315 eius
776 1273 1029 1327 frugalitatis
1060 1274 1261 1323 amatrix,
1292 1273 1429 1315 aliena
1461 1273 1583 1315 nimie

143 1331 332 1373 ciborum
354 1331 623 1374 abundancie
647 1337 689 1374 et
710 1332 762 1372 ab
785 1330 1063 1373 immoderato
1087 1330 1101 1384 Η
1125 1330 1278 1387 dapum
1310 1346 1388 1373 usu
1421 1345 1584 1385 auersa,

141 1392 287 1444 utpote
330 1403 411 1444 que
451 1391 593 1445 aliquo
640 1390 682 1431 in
728 1393 944 1431 momento
983 1388 1178 1445 ponendo
1218 1390 1428 1431 luxuriam
1469 1404 1585 1430 num-

76 1456 91 1483 ·-’
143 1461 268 1502 quam
293 1448 478 1500 uacauit,
511 1462 776 1503 semperque,
808 1448 1029 1503 uoluptate
1058 1448 1223 1501 omissa,
1255 1448 1422 1489 uirtutis
1444 1461 1583 1503 respo-

145 1511 275 1547 ctuni‘
296 1506 396 1560 egit.
442 1506 548 1548 Cum
581 1521 679 1561 ergo
713 1510 904 1555 uetustos
937 1505 1198 1547 continencie
1229 1519 1366 1547 mores
1400 1519 1584 1547 omnem-

144 1577 225 1619 que
257 1564 435 1619 pristine
475 1564 792 1606 consuetudinis
836 1563 1027 1605 habitum
1063 1578 1169 1605 nouo
1200 1563 1304 1605 luxu
1335 1577 1383 1605 ac
1414 1563 1583 1604 leuticia

144 1622 357 1677 corrumpi
378 1622 748 1676 animaduerteret,
782 1621 1010 1663 rusticioris
1034 1635 1128 1663 esce
1149 1626 1342 1676 paratum
1365 1625 1584 1676 appetenS,

144 1694 245 1721 cene
277 1681 600 1735 sumptuosioris
634 1680 888 1736 impendium
927 1679 1145 1721 fastidiuit.
1206 1679 1342 1733 Igitur
1371 1678 1584 1734 profusam

75 1772 91 1786 .,
144 1737 302 1792 dapum
343 1738 655 1793 indulgenciam
696 1742 969 1794 aspernatus,
1011 1736 1255 1792 fumidoque
1288 1751 1336 1778 ac
1366 1735 1584 1778 rancidulo

145 1795 238 1837 cibo
274 1809 385 1847 usus,
416 1797 568 1838 famem
604 1811 653 1838 eo
687 1797 899 1852 sapidius,
942 1809 1022 1850 quo
1054 1795 1295 1850 simplicius,
1326 1795 1502 1850 pepulit,
1534 1808 1585 1835 ne

144 1868 246 1896 uero
292 1854 461 1896 uirtutis
507 1870 661 1897 neruos
712 1858 982 1896 externarum
1030 1853 1272 1896 deliciarum
1319 1853 1583 1907 contagione,

145 1916 345 1967 tanquam
373 1913 379 1964 l
406 1913 643 1954 adulterino
668 1912 852 1969 quodam
875 1911 1048 1953 dulcore
1068 1911 1315 1964 remitteret,
1347 1915 1420 1952 aut
1450 1911 1583 1964 prisce

144 1969 400 2027 frugalitatis
441 1967 634 2013 normam
674 1971 883 2013 inusitatis
922 1970 1022 2023 gule
1055 1968 1430 2025 supersticionibus
1458 1967 1583 2009 'aibro-

607 2029 724 2039 §-fl—

77 2037 92 2063 3
143 2033 275 2082 garet.
307 2020 1006 2084 *C'Et‘efuffi‘i‘nfflgnanffifferebat,
1035 2041 1170 2068 assam
1208 2027 1358 2080 dapem
1391 2025 1583 2067 eandem-

144 2100 228 2141 que
263 2086 415 2127 elixam
458 2088 582 2129 unius
623 2101 726 2130 cene
768 2087 1004 2142 sumptibus
1048 2085 1235 2140 erogari,
1281 2083 1465 2125 edulium
1507 2097 1583 2138 pro

144 2148 332 2186 monstro
354 2145 580 2201 accipiens.
613 2145 726 2201 quod
750 2145 887 2187 culine
910 2142 1126 2185 nidoribus
1149 2143 1396 2194 delibutum,
1417 2141 1584 2182 sartoris

144 2201 351 2244 industria
384 2203 626 2259 multiplicis
658 2202 981 2260 temperamenti
1021 2202 1229 2243 uarietate
1259 2199 1487 2255 perfricuit.
1546 2198 1583 2239 E

145 2261 356 2302 contrario
388 2261 592 2317 Ingessus,
624 2262 823 2318 proiectis
855 2261 1063 2303 maiorum
1097 2258 1311 2314 exemplis,
1341 2255 1582 2299 innouando

144 2331 385 2374 mensarum
417 2320 500 2361 ritu
530 2321 730 2362 licencius
762 2319 863 2373 sibi,
904 2331 1031 2374 quam
1061 2331 1153 2359 mos
1183 2316 1342 2372 patrius
1373 2314 1584 2370 permitte-

146 2375 241 2429 bat,
287 2376 475 2419 indulsit.
536 2378 770 2433 Postquam
812 2392 856 2419 se
897 2376 1007 2418 enim
1038 2374 1247 2417 Teutonie
1276 2373 1461 2414 moribus
1492 2385 1585 2427 per-

146 2433 270 2485 misit,
304 2435 543 2478 effeminate
576 2436 665 2478 eius
696 2436 869 2478 lasciuie
900 2433 1171 2476 succumbere
1194 2446 1276 2474 non
1298 2430 1478 2472 erubuit.
1517 2429 1584 2470 Ex

146 2492 266 2533 cuius
299 2493 464 2535 sentina
496 2494 537 2535 in
568 2494 705 2549 patrie
746 2497 889 2535 nostre
929 2492 1072 2534 fauces
1113 2489 1227 2531 haud
1258 2502 1389 2544 parua
1419 2486 1584 2528 luxurie

148 2551 406 2592 nutrimenta
454 2552 681 2594 fluxerunt.
758 2550 866 2593 Inde
917 2550 1026 2592 enim
1077 2546 1379 2604 splendidiores
1428 2558 1585 2595 mense,

145 2607 355 2654 lauciores
407 2609 568 2667 culine,
633 2609 801 2653 sordida
847 2621 1043 2652 cocorum
1095 2604 1325 2650 ministeria
1385 2602 1587 2659 uarieque

1655 989 1746 1019 LXI„

1641 1341 1730 1375 (114)

1645 1928 1668 1952 p.
1687 1918 1737 1946 300
