1884 3126
256 864 290 891 10

321 215 403 254 470
855 233 903 239 -—
966 206 1102 248 XIIII
1175 229 1214 234 ‹-

323 336 627 381 exercitacione
658 333 886 374 constituit.
949 331 1003 372 Et
1022 330 1181 386 nequid
1204 330 1334 372 fastui
1366 329 1548 383 deesset,
1580 329 1621 370 in
1645 343 1757 371 com-

322 396 512 437 munibus
535 392 745 446 suggestis
767 390 1005 431 concionari
1026 389 1195 443 fastigio
1221 401 1296 429 suo
1319 387 1538 441 indignum
1561 386 1756 430 ducebat.

324 454 457 501 Quam
506 449 558 490 ob
608 462 697 489 rem
748 462 855 503 equa
907 447 1146 501 uulgarium
1197 446 1383 500 alloquia
1435 445 1758 496 contemnendo,

323 507 569 552 edicioribus
609 506 710 547 locis
758 505 997 560 occupatis,
1044 504 1261 559 supposite
1306 502 1419 558 plebi
1467 516 1648 557 superne
1693 503 1757 544 ius

321 567 458 607 dicere
499 563 725 604 consueuit.
801 562 957 604 Crebre
1001 576 1170 617 quoque
1213 561 1248 602 ei
1282 575 1372 602 cum
1405 560 1624 602 Lundensi
1656 575 1759 616 pon-

322 624 430 664 tifice
461 621 706 671 simultates,
739 621 899 661 maiore
930 620 1069 660 fructu
1104 632 1230 673 quam
1262 618 1437 670 iactura,
1467 617 1598 661 fuere.

457 678 520 719 Ea
551 682 804 733 tempestate
827 677 1001 728 Karolo,
1025 676 1254 718 Hallandie
1286 675 1467 731 preside,
1498 676 1759 731 prouinciam

321 751 501 791 egresso,
534 736 758 789 coniugem
793 736 882 776 eius
906 749 1178 790 sororemque
1205 734 1380 775 uiduam
1402 733 1624 776 Suerconis
1648 734 1758 776 filius

320 796 516 845 Ioannes,
550 793 795 835 excellentis
819 807 961 834 earum
987 792 1280 847 pulcritudinis
1305 791 1502 846 opinione
1525 798 1759 847 corruptus,

320 853 371 893 ad
403 851 584 892 libidinis
618 851 909 892 commercium
942 855 1084 904 raptas
1117 850 1159 891 in
1181 850 1369 891 Suetiam
1401 864 1535 905 usque
1568 851 1757 892 deuexit.

321 910 481 957 Quibus
523 914 608 949 tam
654 908 958 950 contumeliose
997 923 1097 949 usus
1128 907 1343 963 proditur,
1376 912 1422 948 ut
1453 921 1522 949 eas
1553 909 1593 949 in
1626 907 1759 963 stupri

319 969 435 1009 uices
466 966 661 1008 noctibus
694 970 891 1007 euocaret
921 966 1106 1020 alternis,
1138 967 1322 1020 ingenue
1345 965 1550 1021 pudicicie
1581 965 1759 1008 feminas

322 1025 622 1066 obscenissima
654 1023 830 1065 feditate
862 1024 1137 1079 proculcans,
1179 1037 1315 1078 neque
1347 1027 1420 1064 aut
1450 1023 1574 1065 huius
1606 1028 1760 1065 matro-

271 1092 279 1101 ’
321 1083 458 1124 nalem
490 1082 660 1122 thorum
693 1086 766 1122 aut
797 1082 906 1122 illius
935 1081 1112 1124 celibem
1139 1081 1144 1135 1
1173 1082 1476 1130 castimoniam,
1511 1096 1592 1136 quo
1626 1082 1761 1122 minus

259 1151 290 1177 15

253 1438 290 1465 ‘20

252 1727 287 1753 25

253 2015 289 2043 30

255 2304 289 2331 35

321 1141 591 1194 uoluptatum
643 1153 811 1180 suarum
860 1139 1029 1194 ignibus
1076 1139 1342 1194 indulgeret,
1394 1140 1613 1181 reueritus.
1693 1139 1761 1180 Ad

320 1199 538 1251 ultimum,
572 1196 745 1252 patr[i]e
778 1202 821 1239 et
851 1198 1008 1252 populo
1042 1202 1159 1238 tante
1189 1198 1438 1239 temeritatis
1468 1197 1629 1239 facinus
1663 1211 1760 1240 exe-

322 1260 479 1308 crante,
513 1259 721 1310 utranque
752 1256 924 1297 remisit.
991 1255 1115 1303 Quod
1147 1256 1358 1309 flagicium
1390 1255 1555 1309 Sueno,
1585 1256 1762 1310 perinde

322 1328 370 1355 ac
404 1327 627 1355 commune
669 1313 885 1367 probrum,
929 1314 970 1354 in
1003 1327 1126 1354 omne
1157 1314 1369 1355 Sueonum
1412 1328 1588 1368 regnum
1620 1313 1762 1356 ulcisci

323 1371 491 1421 statuit,
533 1370 751 1425 publicum
791 1372 988 1412 ruborem
1021 1371 1313 1413 communibus
1355 1372 1479 1413 armis
1510 1371 1762 1414 submouen-

321 1429 419 1469 dum
483 1429 740 1470 existimans.
821 1429 907 1470 Sed
958 1429 1203 1484 nupciarum
1255 1434 1463 1485 apparatu
1514 1433 1760 1485 preucntus,

322 1485 496 1542 (quippe
518 1486 735 1528 Saxonum
768 1490 936 1541 satrape
961 1486 1144 1529 Conradi
1166 1487 1307 1535 filiam,
1335 1502 1470 1543 nuper
1494 1487 1758 1543 desponsam,

320 1558 498 1585 uxorem
521 1545 722 1585 ducturus
745 1546 868 1597 erat,)
891 1546 1243 1600 propiorpriuate
1263 1545 1427 1600 copule,
1446 1560 1570 1601 quam
1593 1545 1760 1600 publice

320 1602 526 1653 uindicte,
569 1602 763 1643 miliciam
804 1603 1058 1650 retentabat.
1129 1603 1214 1643 Per
1255 1603 1364 1644 hanc
1405 1601 1689 1657 Sue<n>onem
1719 1603 1759 1644 in

320 1660 567 1715 peregrinos
612 1661 716 1701 ritus
755 1660 985 1702 adductum
1026 1661 1133 1702 falsa
1177 1661 1312 1715 plebis
1359 1661 1498 1715 opinio
1541 1661 1760 1713 referebat,

320 1718 493 1772 eiusque
517 1732 644 1773 super
667 1718 1022 1759 consuetudinum
1044 1718 1235 1760 nouitate
1267 1719 1487 1760 consilium
1519 1719 1759 1761 accusabat.

457 1776 540 1816 Per
572 1775 718 1817 eadem
750 1780 943 1830 tempora
975 1775 1189 1826 Nicolaus,
1221 1777 1335 1818 urbis
1357 1777 1494 1819 Rome
1527 1777 1761 1829 cardinalis,

319 1833 608 1874 Britannicum
642 1847 889 1888 permensus
912 1834 1145 1886 Oceanum,
1178 1833 1450 1890 Noruagiam,
1471 1834 1761 1876 Lundensium

320 1891 459 1932 adhuc
491 1891 643 1932 dicioni
675 1897 908 1946 parentem,
939 1892 1203 1933 immunitate
1228 1906 1438 1940 concessa,
1462 1892 1635 1934 maximi
1657 1906 1760 1947 pon-

320 1949 501 1990 tificatus
522 1949 654 1990 titulis
676 1949 904 2003 insigniuit.
947 1949 1072 1998 Quod
1103 1950 1145 1991 in
1167 1949 1311 1991 Suetia
1334 1964 1501 2006 quoque
1530 1950 1759 2004 legacionis

318 2010 530 2061 potestate
562 2021 767 2062 peragere
800 2007 988 2062 cupiens,
1021 2007 1261 2050 Sueonibus
1303 2012 1344 2049 et
1378 2008 1530 2051 Gothis
1571 2009 1622 2049 de
1655 2007 1760 2049 urbe

323 2069 366 2106 et
397 2078 576 2118 persona
608 2068 726 2106 tanto
759 2066 923 2107 muneri
954 2065 1106 2107 idonea
1138 2066 1392 2108 concordare
1431 2067 1759 2121 nequeuntibus,

322 2122 539 2164 certamini
570 2122 696 2164 decus
739 2123 938 2177 negauit,
981 2123 1212 2179 rudemque
1245 2123 1382 2165 adhuc
1421 2124 1636 2179 religionis
1670 2124 1759 2165 bar-

321 2179 479 2221 bariem
511 2195 673 2221 summo
708 2195 925 2222 sacrorum
948 2181 1111 2224 honore
1143 2181 1340 2236 dignatus
1371 2197 1455 2224 non
1488 2187 1561 2223 est.
1597 2182 1760 2223 Verum

319 2238 507 2293 inspecto
530 2238 731 2294 temporis
753 2237 914 2290 habitu,
933 2252 1026 2280 cum
1049 2254 1125 2294 per
1148 2239 1366 2282 Oceanum
1387 2241 1542 2282 reuerti
1568 2240 1757 2294 hyberne

320 2296 606 2350 nauigacionis
646 2301 763 2338 metu
809 2297 850 2337 in
890 2297 1087 2352 periculis
1133 2297 1331 2351 duceret,
1376 2298 1559 2340 Daniam
1604 2297 1758 2339 reditui

321 2367 399 2394 suo
432 2354 777 2408 percommodam
807 2354 1048 2405 arbitratus,
1083 2355 1286 2397 offensam
1321 2356 1409 2397 eius
1454 2370 1506 2397 ex
1539 2354 1756 2408 Noruagie

322 2412 592 2464 promocione
616 2416 876 2454 contractam
907 2412 1100 2454 beneficii
1124 2412 1466 2467 delini[a]mento
1493 2413 1639 2454 sedare
1663 2426 1759 2454 con-

324 2468 470 2512 stituit.
536 2469 743 2511 Eskillum
784 2470 910 2525 igitur
932 2468 947 2525 ΙΙ
969 2470 1177 2512 mandatis
1223 2485 1472 2525 aggressus,
1513 2471 1606 2526 plus
1645 2485 1757 2512 noue

324 2525 559 2581 dignitatis,
603 2541 728 2584 quam
769 2527 926 2570 ueteris
971 2527 1177 2580 amiserit,
1226 2533 1493 2585 recepturum
1538 2528 1758 2584 promittit,

256 2595 293 2624 ιο
323 2583 546 2640 definiens,
591 2599 635 2628 se
685 2589 830 2643 erepte
879 2584 1098 2642 Noruagie
1146 2585 1300 2630 damna
1350 2586 1508 2629 Suetici
1556 2587 1760 2642 primatus

1811 2478 1884 2514 (264
