1884 3126
274 867 306 894 10

269 1490 306 1517 20

269 2083 306 2110 30

269 2372 305 2399 35

337 209 392 249 30
933 205 1184 247 -I—

476 336 594 377 Rure
624 348 737 388 rues,
769 334 963 390 quaciere
993 333 1110 388 mari,
1141 333 1396 389 dabiturque
1426 335 1600 389 uaganti

474 393 715 448 Perpetuus
747 393 822 434 tibi
851 391 976 434 turbo
1010 405 1166 446 comes,
1197 405 1276 434 nec
1308 392 1477 434 deseret
1506 405 1707 447 umquam

473 451 588 493 Vela
618 451 749 506 rigor3
781 464 859 492 nec
890 453 1004 492 tecta
1034 454 1194 505 tegent,
1226 464 1309 505 que
1342 450 1377 491 si
1407 450 1532 505 petis,
1562 450 1647 491 icta

475 508 752 564 Tempestate
782 511 931 562 ruent;
962 507 1053 549 diro
1085 520 1214 562 pecus
1247 507 1410 549 occidet
1440 507 1551 562 algu.

475 566 630 608 Omnia
659 567 869 622 presentis
901 569 1055 607 sortem
1087 565 1243 607 uiciata
1273 565 1492 608 dolebunt.

428 638 435 643 ·
475 624 535 666 Vt
567 625 729 667 scabies
761 624 925 678 fugierc
958 637 1126 675 nocens,
1158 637 1236 665 nec
1267 623 1414 666 tetrior
1445 623 1533 664 ulla

474 683 612 724 Pestis
646 683 737 724 erit.
796 682 978 723 Tantum
1011 695 1121 736 pene
1152 682 1218 723 uis
1251 680 1379 723 celica
1410 684 1573 736 pensat.

475 740 642 795 Quippe
675 754 805 782 unum
838 754 859 782 e
892 740 1055 794 superis
1087 740 1225 781 alieno
1259 752 1436 794 corpore
1468 742 1629 781 tectum

473 798 691 853 Sacrilege
723 811 904 840 necuere
937 811 1109 839 manus:
1141 798 1200 838 sic
1230 798 1414 839 numinis
1446 797 1547 838 almi

473 855 732 899 Interfector
765 855 888 897 ades!
924 855 1007 897 Sed
1039 869 1134 896 cum
1165 859 1209 897 te
1242 856 1458 910 exceperit
1490 869 1635 910 equor,

474 913 666 956 Carceris
694 913 830 955 Eolici
861 914 983 954 laxos
1014 913 1182 967 paciere
1213 912 1392 955 furores.

473 971 535 1012 Te
567 971 784 1027 Zephyrus
806 971 1053 1025 Boreasque
1084 984 1222 1022 ruens,
1253 974 1296 1012 te
1327 974 1519 1026 proteret
1539 970 1714 1023 Auster,

472 1028 528 1071 Et
562 1031 802 1071 coniuratos
835 1029 1061 1071 certabunt
1094 1027 1221 1070 edere
1252 1029 1399 1083 flatus3

473 1087 623 1129 Donec
655 1088 847 1128 diuinum
878 1090 981 1127 uoto
1014 1086 1191 1127 meliore
1221 1086 1405 1140 rigorem

473 1145 661 1187 Solueris
694 1149 735 1186 et
766 1145 959 1185 meritam
989 1144 1135 1185 tuleris
1168 1144 1403 1199 placamine
1439 1158 1607 1199 penam.

472 1248 709 1303 Regressus
741 1248 871 1303 igitur
902 1247 1129 1302 Hadingus
1176 1247 1412 1303 eodemque
1453 1251 1603 1289 cuncta
1634 1252 1782 1289 tenore

334 1319 562 1362 perpessus
603 1306 829 1360 tranquilla
871 1319 1038 1361 queque
1084 1305 1253 1360 proprio
1295 1305 1540 1347 turbidabat
1580 1304 1780 1347 aduentu.

335 1363 552 1419 Siquidem
593 1365 821 1418 nauigante
864 1377 913 1405 eo
956 1364 1107 1405 oborta
1148 1363 1278 1404 nimbi
1313 1364 1379 1404 uis
1409 1364 1572 1418 ingenti
1604 1364 1781 1405 classem

336 1426 593 1477 tempestate
656 1422 927 1476 consumpsit.
1009 1420 1275 1475 Naufragum
1328 1421 1516 1476 hospicia
1565 1425 1779 1476 petentem

336 1481 475 1521 subita
505 1480 730 1534 penacium
761 1484 924 1534 strages
946 1479 1127 1534 excepit.
1180 1477 1221 1519 N
1225 1493 1272 1520 ec
1293 1483 1390 1520 ante
1413 1480 1524 1521 malo
1546 1479 1780 1523 remedium

336 1537 429 1590 fuit,
452 1552 579 1593 quam
600 1538 761 1579 scelere
783 1537 998 1579 sacrificiis
1022 1538 1209 1592 expiato,
1233 1550 1328 1577 cum
1349 1538 1511 1593 superis
1533 1537 1574 1578 in
1592 1537 1777 1592 graciam

335 1596 470 1637 redire
522 1596 745 1651 potuisset.
834 1595 1050 1650 Siquidem
1086 1595 1090 1649 Ι
1130 1594 1502 1649 propiciandorum
1561 1595 1778 1636 numinum
1831 1598 1864 1623 ·⁵

334 1655 492 1709 gracia,
533 1654 614 1696 Fre
647 1653 724 1695 deo
758 1667 848 1695 rem
890 1653 1076 1694 diuinam
1118 1653 1250 1693 furuis
1283 1653 1430 1695 hostiis
1466 1653 1579 1695 fecit.
1643 1652 1779 1700 Quem

335 1712 542 1753 litacionis
563 1726 724 1753 morem
748 1725 888 1753 annuo
912 1711 1113 1752 feriarum
1137 1710 1311 1752 circuitu
1334 1712 1572 1767 repetitum,
1599 1711 1778 1766 posteris

267 1781 283 1808 2
334 1769 582 1812 imitandum
615 1770 797 1825 reliquit.
860 1768 1045 1810 Froblod
1078 1768 1270 1811 Sueones
1303 1773 1470 1811 uocant.

475 1839 668 1895 Cumque
711 1839 820 1880 forte
859 1839 1081 1894 gigantum
1116 1837 1327 1894 quendam
1358 1838 1634 1880 Nitherorum
1668 1839 1779 1893 regis

337 1897 527 1953 Haquini
549 1898 676 1938 filiam
698 1897 955 1951 Regnildam
976 1900 1147 1951 pactum
1169 1896 1541 1946 animaduerteret,
1563 1896 1779 1951 indignam

336 1957 399 1997 rei
431 1955 722 1997 condicionem
756 1969 953 2010 perosus,
997 1967 1071 2008 per
1112 1968 1315 1996 summam
1353 1955 1493 1996 future
1524 1955 1675 2009 copule
1709 1954 1779 1995 de-

336 2015 613 2056 testacionem
645 2014 830 2068 ingenuo
863 2027 970 2054 ausu
997 2013 1173 2067 nupcias
1194 2014 1467 2068 precucurrit,
1499 2011 1779 2067 Noruagiam-

336 2085 416 2126 que
448 2071 682 2127 profectus,
725 2075 823 2121 tam,
852 2070 998 2113 fedum
1030 2071 1145 2125 regie
1175 2070 1350 2125 uirginis
1390 2074 1622 2112 amatorem
1654 2070 1779 2111 armis

337 2130 561 2185 oppressit.
621 2128 743 2171 Adeo
784 2142 965 2185 namque
1010 2128 1210 2169 uirtutem
1243 2129 1332 2170 ocio
1364 2129 1562 2183 pretulit,
1594 2132 1652 2178 ut,
1684 2141 1779 2169 cum

335 2187 462 2242 regiis
503 2187 660 2228 deliciis
702 2187 783 2227 frui
815 2187 980 2237 liceret⁷
1016 2200 1101 2227 non
1133 2186 1270 2227 solum
1300 2200 1424 2240 suas,
1463 2200 1612 2227 uerum
1646 2186 1778 2228 eciam

335 2245 495 2287 alienas
517 2245 688 2286 iniurias
707 2245 954 2300 propulsare
973 2244 1085 2286 omni
1108 2244 1331 2299 uoluptate
1348 2244 1571 2285 iocundius
1590 2242 1777 2285 duceret.

335 2302 566 2344 Auctorem
621 2302 811 2344 beneficii
869 2301 1011 2358 puella
1062 2301 1220 2343 crebris
1272 2301 1468 2343 obtusum
1519 2300 1777 2350 uulneribus,

335 2362 495 2416 ignara,
526 2359 724 2402 medendi
754 2374 855 2401 cura
885 2360 1166 2416 prosequitur.
1222 2359 1353 2401 Cuius
1385 2374 1437 2400 ne
1470 2359 1667 2401 noticiam
1699 2358 1777 2400 sibi

336 2419 540 2474 temporis
571 2418 817 2460 interiectus
849 2418 1044 2473 eriperet,
1076 2431 1170 2459 crus
1202 2418 1292 2459 eius
1324 2418 1480 2459 annulo
1521 2415 1686 2458 uulneri
1717 2416 1778 2457 in-

336 2477 454 2519 cluso
488 2476 756 2530 obsignatum
788 2475 972 2531 reliquit.
1032 2475 1195 2517 Eadem
1238 2479 1336 2530 post
1370 2474 1542 2516 modum
1586 2488 1611 2515 a
1656 2478 1777 2529 patre

338 2534 521 2589 eligendi
543 2534 681 2575 mariti
707 2534 900 2575 libertate
922 2533 1090 2583 donata,
1122 2537 1379 2575 contractam
1402 2533 1598 2574 conuiuio
1630 2532 1776 2573 iuuen-

335 2597 472 2634 tutem
503 2592 733 2634 curiosiore
757 2605 980 2651 corpprum
1002 2591 1303 2633 attrectacione
1330 2590 1549 2643 lustrabat,
1583 2589 1778 2644 deposita
