1884 3126
294 859 330 887 10

294 1145 332 1172 15

290 1432 329 1458 20

292 2007 330 2036 30

292 2295 330 2323 35

292 2583 329 2611 40

365 209 447 250 576
900 222 948 228 ——
1010 197 1147 239 XIIII
1205 223 1259 228 -

363 332 538 379 Grama,
570 342 677 382 equo
708 326 912 377 insidens,
944 339 1050 366 uoce
1081 324 1242 365 eminus
1275 324 1420 375 missa,
1452 324 1643 378 quisnam
1675 322 1796 364 classi

363 391 573 444 preesset,
614 385 803 437 rogabat.
865 383 1000 430 Quam
1041 386 1262 437 postquam
1294 382 1345 422 ab
1380 381 1594 421 Absalone
1635 381 1796 421 ductari

368 445 584 498 cognouit,
628 441 833 482 Granzam
876 454 921 481 se
952 454 1042 481 esse
1075 440 1306 487 confessus,
1338 452 1481 492 regem
1512 438 1795 479 Tetiszlauum

365 516 458 543 cum
492 501 691 541 Iar-imaro
725 498 850 538 fratre
894 501 934 537 et
966 498 1172 538 uniuersis
1203 497 1400 550 Rugiane
1441 495 1671 537 nobilitatis
1703 509 1795 550 pro-

363 560 529 600 ceribus
571 556 794 596 aduenisse
835 554 1068 609 perdocuit.
1144 554 1260 601 Quos
1300 553 1512 603 Absalon,
1552 554 1799 608 interposita

362 616 456 663 fide,
488 628 597 654 naue
631 617 854 667 exceptos,
887 625 935 651 ac
966 625 1041 666 per
1074 612 1213 652 omnia
1243 611 1558 652 Arkonensium
1602 611 1795 665 exemplo

363 672 624 713 dedicionem
672 674 840 725 pactos,
889 669 940 709 ad
987 670 1098 723 regis
1144 669 1375 709 aduentum
1420 683 1555 723 usque
1603 668 1796 709 detinuit.

364 730 457 777 Quo
491 742 566 783 per
597 728 735 769 omnia
765 726 1039 781 paccionibus
1071 726 1356 779 assenciente,
1390 726 1477 767 solo
1509 726 1711 768 Iarimaro
1743 740 1795 767 ex

360 787 648 840 Rugianorum
702 784 972 839 optimatibus
1025 789 1268 837 assumpto,
1322 798 1406 825 una
1456 797 1549 825 cum
1603 783 1798 825 Suenone

361 843 580 885 Arusiensi
611 842 858 883 Kar-entiam
899 842 1059 896 pergit3
1101 842 1309 897 reliquos,
1351 855 1432 897 quo
1472 841 1609 882 tucius
1649 841 1799 882 urbem
1835 851 1837 853 '

364 905 552 956 peteret,
593 914 669 954 per
708 899 945 940 Esbcrnum
986 899 1155 940 fratrem
1199 900 1333 953 epulis
1372 900 1546 940 allectos
1585 912 1670 939 non
1701 902 1799 939 ante

364 958 541 1000 reditum
563 972 685 998 suum
704 956 974 997 dimittendos
993 953 1179 1011 curaluit.
1212 957 1402 1011 Triginta
1420 957 1531 998 solos
1548 956 1797 998 domesticos

364 1016 515 1057 milites
548 1029 689 1056 secum
724 1014 918 1065 babebat,
952 1028 1129 1069 quorum
1155 1015 1354 1056 maiorem
1377 1019 1551 1070 partem,
1583 1013 1798 1055 orantibus

363 1073 621 1124 Karentinis,
653 1071 806 1126 nequid
840 1073 930 1112 rixe
963 1086 1037 1126 per
1070 1072 1158 1113 eius
1191 1073 1363 1113 comites
1394 1072 1434 1113 in
1465 1072 1569 1113 urbe
1616 1072 1799 1112 concita-

362 1136 502 1179 retur,
546 1130 725 1181 remisit,
773 1129 1007 1184 fiduciaque
1049 1143 1172 1184 quam
1218 1129 1375 1170 familia
1415 1129 1702 1171 abundancior
1746 1129 1798 1170 ad

364 1188 512 1229 urbem
546 1187 772 1228 contendit.
836 1187 948 1236 Hec,
979 1188 1168 1241 undique
1202 1201 1322 1229 secus
1356 1187 1627 1242 uoraginibus
1661 1201 1708 1227 ac
1739 1187 1798 1228 la-

362 1246 477 1287 cunis
531 1245 714 1296 uallata,
765 1245 932 1285 unicum
979 1245 1155 1298 palustri
1195 1259 1242 1285 ac
1285 1244 1442 1286 difficili
1487 1244 1598 1286 uado
1640 1245 1799 1286 aditum

364 1303 512 1350 habet,
557 1316 637 1357 quo
681 1303 808 1356 siquis
853 1302 1032 1343 incautis
1075 1303 1142 1344 uie
1177 1303 1419 1344 excessibus
1451 1302 1726 1356 aberrauerit,
1757 1303 1796 1342 in

361 1360 621 1415 profundum
671 1360 836 1414 paludis
887 1360 1066 1412 incidat,
1118 1374 1291 1402 necesse
1345 1366 1419 1403 est.
1495 1360 1591 1401 Hoc
1640 1360 1798 1401 uadum

363 1419 544 1459 emensis
576 1422 795 1471 pletentus
828 1417 921 1458 urbi
944 1417 1056 1458 callis
1090 1419 1294 1470 occurrit,
1327 1417 1392 1459 bic
1413 1418 1465 1459 ad
1487 1421 1647 1473 portam
1672 1417 1798 1469 ducit,

364 1475 611 1529 mediusque
644 1475 800 1515 uallum
834 1488 882 1515 ac
915 1475 1111 1529 paludem
1149 1475 1382 1517 interiacet.
1447 1475 1599 1530 ltaque.
1635 1475 1798 1516 Karen-

361 1533 460 1579 tini,
502 1546 583 1587 quo
627 1532 886 1573 dedicionem
933 1547 1051 1573 suam
1093 1533 1403 1574 concinniorem
1445 1533 1682 1585 efficerent,
1723 1546 1797 1573 sex

361 1590 519 1630 milium
553 1604 771 1631 numerum
807 1590 1049 1644 explentes,
1081 1592 1231 1631 armati
1263 1604 1355 1632 sese
1397 1592 1530 1646 portis
1561 1590 1798 1644 effundunt,

360 1649 558 1702 uiamque
590 1654 832 1689 nostrorum
866 1649 1105 1702 progressui
1139 1652 1442 1703 opportunam,
1476 1648 1636 1690 suffixis
1673 1649 1797 1689 humo

314 1721 325 1735 r
361 1705 618 1760 cuspidibus,
642 1705 809 1746 diuersa
831 1706 919 1746 acie
938 1706 1199 1746 *circunstare
1223 1711 1438 1760 ceperunt.
1496 1706 1590 1754 Quo
1625 1710 1798 1761 aspectu

362 1767 598 1817 stupentem
644 1763 882 1804 Suenonem
916 1769 1232 1818 rogantemque,
1272 1764 1468 1818 quidnam
1507 1764 1583 1805 sibi
1616 1764 1797 1805 bostium

361 1821 491 1861 uellet
538 1835 765 1869 excursus,
814 1821 1002 1862 Absalon
1052 1826 1166 1861 metu
1212 1834 1355 1862 carere
1401 1823 1609 1877 precepit,
1653 1835 1798 1862 eorum

362 1879 646 1933 egressionem
684 1879 735 1918 ab
770 1878 1031 1933 obsequendi
1058 1879 1196 1919 studio
1219 1879 1444 1933 profectam
1477 1880 1693 1932 docendo,
1727 1879 1797 1933 qui

362 1937 396 1977 si
429 1936 607 1976 nocendi
638 1937 821 1976 animum
868 1942 1085 1989 gererent,
1120 1937 1283 1977 facilius
1323 1938 1431 1977 intra
1462 1938 1606 1978 urbem
1637 1937 1798 1978 facinus

361 1995 534 2048 exsequi
566 1995 819 2048 potuissent.
884 1994 1051 2040 Quanta
1083 2007 1207 2048 porro
1243 1995 1356 2035 illum
1394 1995 1547 2036 fiducia
1588 1994 1797 2050 preditum

363 2052 620 2102 estimemus,
653 2052 721 2106 qui
755 2051 902 2105 capitis
934 2051 997 2092 sui
1020 2056 1272 2106 potestatem
1295 2053 1443 2093 armati
1467 2053 1597 2093 hostis
1628 2052 1798 2107 ancipiti

361 2109 533 2150 arbitrio
566 2114 649 2149 tam
685 2109 806 2149 facile
835 2110 838 2158 !
868 2109 1038 2149 credere
1071 2124 1154 2149 non
1178 2109 1417 2151 dubitauit?
1464 2110 1545 2151 Sed
1571 2115 1611 2150 et
1633 2110 1797 2159 milites,

362 2167 450 2208 eius
484 2167 680 2220 exemplo
704 2167 870 2217 firmati,
903 2180 980 2207 nec
1015 2167 1131 2207 uultu
1164 2181 1242 2209 nec
1276 2167 1420 2208 ordine
1453 2172 1630 2219 mutato,
1652 2181 1795 2222 parem

361 2224 614 2278 procedendi
661 2226 946 2264 constanciam
988 2230 1286 2265 seruauerunt.
1331 2225 1425 2280 plus
1465 2226 1554 2280 spei
1594 2226 1634 2265 in
1677 2225 1798 2265 unius

360 2282 587 2322 Absalonis
632 2282 816 2336 presidio
864 2295 989 2336 quam
1033 2287 1170 2322 metus
1214 2282 1254 2322 in
1302 2281 1485 2323 hostium
1530 2282 1797 2324 multitudine

363 2343 629 2393 reponentes
691 2339 994 2392 Transgressos
1018 2339 1174 2379 uadum
1198 2340 1392 2395 uiamque
1414 2340 1528 2380 uallo
1562 2340 1795 2381 citeriorem

362 2410 586 2451 aggressos
621 2395 853 2448 Kar-entini,
887 2397 958 2451 qui
989 2411 1033 2437 se
1059 2397 1154 2437 hinc
1184 2397 1280 2438 inde
1302 2398 1659 2450 centuriauerant,
1682 2397 1793 2438 humi

359 2454 593 2508 pro{[stratis
625 2454 889 2507 corporibus,
921 2455 1094 2509 perinde
1127 2468 1174 2494 ac
1207 2469 1381 2509 superos
1413 2454 1615 2496 adorandi
1658 2454 1794 2495 officio

361 2512 549 2552 uenerati
595 2517 714 2563 sunt,
763 2516 1125 2566 exsurgentesquc
1177 2525 1318 2552 eorum
1366 2513 1547 2566 uestigia
1597 2512 1794 2564 beniuolo

359 2569 496 2610 studio
529 2570 758 2611 consectari
791 2574 1005 2624 ceperunt.
1069 2569 1281 2611 locundus
1312 2570 1538 2611 Absalonis
1586 2570 1798 2624 ingressus

1853 968 1879 992 p.

1849 2461 1882 2496 (3

1861 3017 1874 3072 &vs--
