1884 3126
743 210 1014 254 —II—
1547 215 1598 255 41

154 340 407 398 prohibente
439 341 600 383 tardius
630 341 853 397 potiretur,
886 341 1129 383 uniuersam
1160 355 1268 397 aque
1299 342 1453 384 molem
1492 357 1604 386 noua

153 400 344 443 riuorum
377 399 627 442 diuersitate
660 400 857 456 partitus,
889 413 942 441 ex
973 399 1117 454 ignote
1149 400 1448 455 profunditatis
1479 401 1603 444 alueo

154 458 350 500 meabilia
389 458 502 501 uada
542 458 742 514 perfecit3
783 471 861 500 nec
903 462 1002 499 ante
1042 457 1225 511 destitit,
1263 473 1389 514 quam
1420 459 1604 515 rapidior

153 522 309 559 uortex
342 516 515 559 diuiduo
548 517 784 559 minoratus
816 529 998 558 excursu
1029 515 1294 571 languidiore
1325 517 1460 559 undas
1482 517 1602 574 lapsu

107 586 123 614 5
155 579 317 631 ageret,
349 590 398 617 ac
429 589 505 631 per
538 575 674 618 exiles·
701 575 838 617 flexus
871 574 1034 616 uadosa
1065 575 1270 630 paulatim
1296 575 1602 618 constriccione

153 637 399 676 raresceret.
457 632 526 675 Ita
569 647 695 676 amne
741 632 924 687 domito,
973 632 1175 689 oppidum
1222 637 1373 675 nature
1419 634 1601 689 presidio

151 706 336 734 uacuum
371 691 579 734 inoffensa
618 691 800 734 militum
831 691 1073 747 irrupcione
1117 691 1361 747 prosternit.
1422 691 1502 733 His
1532 707 1604 748 ge-

152 751 239 804 stis,
266 750 319 792 ad
342 750 492 792 urbem
512 750 745 793 Paltiscam
767 750 1001 793 exercitum
1023 749 1239 793 contulit*
1281 749 1419 798 Quam
1441 751 1603 793 uiribus
1623 769 1704 798 xm,

150 809 354 851 inuictam
385 812 514 861 ratus,
547 809 707 851 bellum
738 808 908 851 fallacia
939 808 1134 851 mutauit.
1183 808 1420 863 Siquidem,
1456 809 1604 863 paucis

87 877 119 906 10
150 867 204 910 ad
237 867 410 910 modum
443 867 646 921 consciis,
677 868 822 922 ignote
853 866 1074 922 opacitatis
1114 867 1302 909 latebras
1333 867 1498 923 petiuit,
1532 881 1603 909 ex-

150 927 412 982 tinctumque
429 939 488 979 se,
521 940 604 982 quo
635 926 774 969 minus
804 925 919 967 hosti
944 924 1117 968 terroris
1140 925 1324 978 afferret,
1347 926 1477 981 uulgo
1498 940 1603 968 nun-

150 985 251 1026 ciari
280 984 484 1042 precepit.
545 984 705 1027 Addite
735 985 778 1026 in
809 983 934 1026 fidem
969 984 1164 1039 exequie,
1192 983 1465 1039 tumulusque
1506 998 1604 1027 con-

150 1046 348 1086 structus.
391 1042 476 1085 Sed
498 1046 539 1084 et
569 1043 725 1085 milites
757 1042 926 1085 conscio
958 1041 1119 1084 fraudis
1151 1057 1331 1096 merore,
1363 1042 1603 1085 simulatum

150 1101 268 1143 ducis
301 1101 463 1143 obitum
495 1105 829 1157 prosequuntur.
872 1101 968 1150 Qua
1009 1101 1123 1143 fama
1165 1115 1242 1143 rex
1282 1098 1408 1156 urssbis
1443 1100 1605 1157 Vespa·
1632 1107 1705 1141 (22)

86 1170 118 1198 15
148 1160 249 1214 sius,
278 1159 454 1216 perinde
487 1173 536 1202 ac
569 1160 747 1202 uictoria
777 1159 950 1216 potitus,
984 1163 1069 1201 tam
1099 1156 1358 1216 lanlguidam
1380 1173 1429 1202 ac
1463 1160 1604 1202 remis·
1633 1175 1663 1200 p·
1681 1165 1714 1193 67

149 1232 240 1261 sam
285 1217 577 1262 defensionem
609 1219 708 1274 egit,
752 1222 800 1260 ut
842 1218 1039 1261 hostibus
1084 1217 1346 1274 irrumpendi
1392 1222 1603 1274 potestate

148 1277 275 1332 facta,
307 1277 419 1319 inter
450 1277 567 1319 lusus
599 1291 650 1319 ac
680 1277 774 1319 ocia
803 1281 1039 1319 necaretur.

287 1335 408 1378 Vrbe
430 1339 570 1391 capta,
591 1335 773 1389 Frotho,
796 1349 873 1392 spe
893 1335 1079 1378 Orientis
1102 1334 1324 1391 imperium
1342 1334 1605 1390 complexus,

149 1392 437 1449 <H>andwani
469 1394 662 1437 menibus
694 1394 962 1436 admonetur.
1025 1393 1108 1442 Qui
1148 1393 1362 1449 quondam
1403 1407 1606 1436 succense

81 1461 119 1490 20
149 1467 226 1509 per
258 1452 510 1508 Hadingum
542 1452 658 1495 urbis
692 1451 958 1505 admonitus,
994 1455 1167 1495 cunctos
1202 1451 1290 1494 eius
1320 1457 1498 1507 penates
1531 1451 1604 1494 do-

149 1511 338 1553 mesticis
369 1511 519 1554 auibus
550 1510 801 1562 uacuefecit,
834 1525 919 1567 quo
951 1511 1091 1553 minus
1117 1510 1263 1553 similis
1302 1510 1465 1553 iacture
1496 1511 1604 1566 peri-

151 1569 248 1612 culo
293 1568 590 1613 mulctaretur.'
647 1567 739 1611 Nec
784 1583 900 1611 noua
941 1569 1149 1611 Frothoni
1200 1568 1406 1611 calliditas
1453 1568 1602 1612 defuit.

151 1627 322 1683 Quippe
344 1631 586 1683 permutata
607 1641 703 1670 cum
725 1627 934 1670 ancillulis
955 1632 1092 1683 ueste,
1118 1627 1299 1683 peritam
1322 1641 1368 1669 se
1388 1626 1604 1684 pugnandi

149 1685 336 1741 puellam
354 1686 538 1742 simulat,
556 1687 840 1743 depositoque
858 1686 971 1729 uirili
988 1686 1117 1741 cultri,
1136 1686 1365 1728 femineum
1383 1685 1604 1740 emulatus,

83 1754 120 1781 25
148 1744 368 1800 transfugo
408 1745 532 1788 titulo
574 1743 780 1801 oppidum
821 1745 941 1801 petit.
1021 1744 1114 1787 Illic
1158 1744 1353 1786 omnibus
1400 1744 1604 1787 curiosius

150 1803 397 1859 exploratis,
442 1803 645 1859 postridie
673 1804 826 1846 emisso
859 1803 1013 1845 comite
1045 1803 1279 1846 exercitum
1311 1803 1441 1845 muris
1473 1803 1605 1845 affore

149 1860 290 1915 iubet,
328 1865 561 1918 portasque
591 1876 669 1904 sua
699 1860 950 1918 pandendas
984 1875 1113 1918 opera
1145 1861 1382 1917 pollicetur.
1445 1859 1606 1904 Taliter

151 1919 280 1962 elusis
320 1920 521 1975 uigilibus
566 1921 668 1963 urbs
714 1933 863 1963 somno
910 1921 1081 1976 sepulta
1113 1920 1321 1976 diripitur,
1367 1919 1604 1962 securitatis

150 1991 282 2034 penas
314 1978 486 2020 interitu
517 1979 652 2032 luens,
684 1978 931 2035 desidiaque
962 1994 1040 2021 sua
1070 1993 1196 2035 quam
1227 1978 1414 2021 hostium
1445 1978 1604 2021 uirtute

78 2044 116 2073 30
147 2036 352 2079 miserior.
393 2035 511 2079 Nihil
541 2038 653 2080 enim
684 2036 728 2079 in
759 2050 805 2078 re
835 2037 1005 2079 militari
1037 2037 1314 2093 perniciosius
1337 2036 1603 2080 animaduer-

145 2094 270 2147 titur,
311 2108 438 2151 quam
478 2109 556 2151 per
597 2096 735 2138 ocium
765 2099 884 2139 metu
916 2109 1101 2139 uacuum
1132 2096 1281 2138 solutis
1312 2097 1604 2152 neglectisque

145 2152 275 2196 rebus
295 2153 424 2195 nimia
448 2147 603 2197 fi'ducie
633 2153 959 2211 presumpcione
990 2158 1245 2211 torpescere.
1281 2153 1602 2210 <H>andwanus

147 2225 241 2254 cum
266 2212 400 2268 patrie
420 2225 490 2254 res
511 2211 699 2269 perditas
728 2226 987 2269 euersasque
1021 2214 1298 2270 conspiceret,
1329 2213 1467 2266 regias
1499 2227 1602 2269 opes

147 2269 330 2312 nauibus
361 2270 595 2326 impositas,
629 2274 676 2313 ut
698 2270 833 2313 undas
853 2271 1000 2327 pocius
1024 2286 1152 2328 quam
1173 2271 1342 2315 hostem
1364 2271 1529 2325 ditaret,
1559 2271 1601 2313 in

79 2337 116 2365 35
147 2328 282 2370 altum
329 2327 554 2384 demersit3
603 2342 844 2386 quanquam
889 2330 1029 2372 sacius
1075 2330 1216 2372 fuerat
1261 2329 1602 2372 aduersariorum

146 2386 336 2428 fauorem
369 2387 549 2442 pecunie
578 2387 880 2442 largicionibus
907 2402 1128 2444 occupare,
1162 2402 1286 2444 quam
1309 2388 1397 2430 eius
1419 2401 1602 2429 commo-

147 2443 248 2486 dum
271 2445 542 2487 mortalitatis
573 2445 720 2488 usibus
750 2446 955 2489 inuidere.
988 2446 1203 2500 Posthec
1233 2445 1450 2488 Frothone
1472 2445 1602 2487 filiam

147 2502 191 2544 in
233 2503 550 2545 matrimonium
582 2517 659 2560 per
690 2503 855 2559 legatos
887 2509 1116 2560 poscente,
1159 2503 1394 2546 cauendum
1426 2504 1600 2558 respon-

151 2559 225 2615 dit,
255 2575 310 2604 ne
327 2575 469 2604 rerum
504 2561 787 2618 prosperitate
818 2566 1060 2619 corruptus,
1090 2563 1268 2605 uictorie
1299 2575 1541 2604 successum
1560 2561 1604 2603 in

83 2627 121 2656 40
150 2619 391 2675 superbiam
412 2623 579 2675 uertat3
611 2619 687 2663 sed
707 2620 856 2677 pocius
878 2621 1001 2664 uictis
1022 2635 1197 2678 parcere
1220 2625 1261 2664 et
1282 2620 1325 2664 in
1347 2619 1606 2665 deiectorum
