1884 3126
99 897 135 924 lo

105 1172 136 1199 15

101 1476 138 1503 20

166 222 249 265 308
737 248 790 254 -
850 220 917 264 ΙΧ
981 248 1029 254 -

165 363 275 403 nem,
309 350 557 405 assumptis,
591 348 922 408 Hellespontum
957 349 1133 406 eiusque
1164 363 1308 405 regem
1339 349 1451 392 Dian
1481 350 1609 393 uariis

168 410 392 450 contusum
425 407 546 449 bellis
578 407 826 449 lacessendo
867 406 1119 464 perdomuit.
1181 408 1248 449 Ad
1281 408 1475 450 ultimum
1509 422 1610 450 eun-

168 465 266 520 dem
299 465 560 507 creberrimis
592 465 901 508 discriminibus
934 466 1196 520 implicatum
1230 466 1427 509 extinxit.
1480 466 1608 508 Cuius

166 523 239 564 filii
260 522 370 564 Dian
394 527 436 565 et
456 523 623 575 Daxon,
656 523 754 564 olim
787 523 977 565 Rutheni
1009 524 1119 578 regis
1152 523 1259 564 filias
1292 524 1471 565 maritali
1498 529 1611 566 sorte

167 580 402 636 complexi,
444 581 681 636 impetratis
713 595 737 622 a
767 595 914 623 socero
945 581 1089 637 copiis,
1131 581 1428 623 ardentissimo
1460 582 1611 637 spiritu

166 643 343 694 paterne
374 639 562 681 uindicte
596 640 821 694 negocium
859 644 1104 694 rapuerunt.
1167 639 1356 687 Quorum
1389 639 1610 694 Regnerus

168 699 421 738 immensum
453 697 795 739 animaduertens
830 698 1085 751 exercitum,
1124 696 1365 739 diffidencia
1398 698 1612 753 copiarum

168 754 326 807 habita,
359 769 490 810 equos
514 769 643 797 eneos
665 755 892 797 ductilibus
924 755 1071 796 rotulis
1103 755 1393 810 superpositos
1440 770 1488 796 ac
1519 769 1612 797 uer-

168 812 361 855 satilibus
404 813 619 855 curriculis
666 813 962 854 circunductos
1003 813 1046 854 in
1078 812 1408 855 confertissimos
1432 812 1446 867 Η
1471 813 1612 854 hostes

166 871 350 912 maxima
381 872 424 912 ui
456 872 661 925 exagitari
695 871 897 926 precepit,
960 870 1053 918 Quo
1085 885 1153 912 res
1185 875 1351 912 tantum
1383 871 1435 911 ad
1466 871 1613 912 laxan-

167 929 263 970 dam
294 929 634 971 aduersariorum
675 929 807 970 aciem
842 928 996 981 ualuit,
1046 932 1093 969 ut
1126 929 1319 970 uincendi
1353 943 1448 985 spes
1480 929 1612 984 magis

166 987 208 1027 in
250 987 587 1028 machinamento
631 1001 755 1042 quam
797 986 926 1028 milite
969 986 1157 1041 reposita
1204 987 1446 1039 uideretur,
1495 988 1612 1028 cuius

167 1044 444 1086 intolerabilis
477 1046 631 1099 moles,
670 1044 868 1100 quicquid
899 1044 1078 1099 impulit,
1113 1044 1268 1086 obruit.
1330 1045 1476 1086 Altero
1512 1058 1612 1099 ergo

169 1102 323 1143 ducum
362 1102 608 1154 interfecto,
653 1103 784 1144 altero
815 1102 916 1157 fuga
947 1102 1157 1156 sublapso,
1188 1102 1411 1143 uniuersus
1443 1101 1612 1145 Helles-

166 1161 433 1215 ponticorum
477 1161 601 1202 cessit
648 1161 874 1202 exercitus.
948 1159 1089 1201 Scithe
1133 1173 1324 1215 quoque,
1358 1160 1516 1202 Daxon
1549 1175 1613 1201 ar-

169 1218 352 1260 ctissimo
394 1219 575 1259 materni
617 1218 832 1273 sanguinis
876 1217 1046 1259 uinculo
1093 1218 1412 1272 contingentes,
1463 1218 1612 1259 eodem

171 1276 314 1318 obtriti
344 1275 582 1318 discrimine
615 1275 869 1318 referuntur.
919 1275 1110 1323 Quorum
1131 1275 1353 1330 prouincia
1371 1275 1612 1318 Withserco

169 1335 385 1382 attributa,
402 1334 701 1376 Ruthenorum
719 1349 809 1388 rex,
828 1347 977 1388 parum
995 1333 1155 1374 uiribus
1173 1333 1320 1386 fidens,
1342 1333 1613 1380 formidolosa

170 1392 358 1447 Regneri
389 1406 507 1433 arma
537 1391 641 1446 fuga
672 1405 918 1447 precurrere
949 1391 1192 1432 maturauit.

307 1449 365 1491 At
405 1450 653 1505 Regnerus,
703 1449 850 1491 ceteris
901 1453 1098 1504 prompta
1137 1448 1221 1489 sibi
1263 1448 1480 1490 dedicione
1520 1449 1615 1490 sub-

171 1507 338 1561 stratis,
387 1521 481 1549 cum
527 1508 840 1563 quinquennem
886 1521 1020 1562 prope
1067 1506 1238 1547 modum
1282 1507 1499 1562 piraticam
1542 1522 1613 1549 ex-

170 1565 402 1620 pleuisset,
451 1565 641 1606 Biarmos
688 1579 823 1620 nuper
870 1565 1058 1606 deuictos
1104 1563 1293 1605 inualida
1338 1564 1614 1606 subieccionis

119 1657 123 1661 .
171 1622 255 1665 fide
285 1623 426 1679 palam
457 1623 678 1679 imperium
702 1623 989 1666 detrectantes
1013 1623 1185 1665 inuenit.
1230 1622 1430 1670 Quicum
1455 1622 1614 1664 aduen-

102 1751 138 1779 25

105 2054 142 2082 30

106 2342 143 2369 35

107 2619 143 2647 40

170 1685 259 1722 tum
283 1682 372 1723 eius
395 1686 654 1737 compertum
691 1681 907 1734 haberent,
941 1678 1207 1735 carmilnibus
1238 1681 1428 1735 aggressi
1461 1680 1609 1734 celum,

171 1739 417 1781 sollicitatas
448 1740 583 1781 nubes
616 1739 668 1780 ad
701 1753 907 1781 summam
938 1752 1068 1793 usque
1097 1739 1334 1780 nimborum
1357 1738 1610 1780 uiolenciam

171 1797 441 1853 impulerunt.
504 1797 597 1845 Que
628 1812 696 1840 res
729 1798 874 1839 Danos
916 1795 1160 1852 aliquandiu
1203 1797 1482 1850 nauigacione
1515 1810 1612 1848 pro-

173 1855 328 1896 hibitos
374 1855 671 1897 alimentorum
718 1855 921 1896 facultate
972 1853 1138 1896 defecit.
1200 1853 1383 1895 Eosdem
1431 1868 1613 1909 quoque,

172 1913 312 1955 subito
345 1914 518 1954 remissa
550 1917 822 1969 tempestate,
871 1913 1146 1954 estuosissimi
1177 1911 1356 1953 feruoris
1388 1912 1615 1966 flagrancia

174 1971 337 2013 torruit.
385 1970 474 2013 Nec
497 1985 546 2012 ea
569 1971 738 2026 quidem
764 1971 895 2025 pestis
918 1970 1115 2011 concitati
1137 1969 1305 2024 frigoris
1327 1969 1616 2024 magnitudine

172 2028 428 2071 tolerabilior
470 2030 621 2070 extitit.
681 2029 834 2084 Itaque
879 2041 1038 2083 anceps
1080 2028 1246 2080 gemine
1287 2027 1614 2083 intemperaneie

174 2087 332 2127 malum
354 2086 536 2128 uicissim
558 2086 710 2128 affecta
732 2100 912 2142 corpora
933 2086 1217 2127 immoderata
1237 2086 1456 2141 utriusque
1480 2089 1613 2126 status

177 2145 418 2186 accessione
439 2145 638 2200 corrupit.
682 2144 879 2187 Ceterum
911 2144 996 2184 laxi
1028 2143 1185 2184 uentris
1216 2141 1471 2197 profluuium
1504 2157 1615 2184 com-

178 2202 378 2258 plurimos
420 2202 690 2245 exanimauit.
751 2202 819 2244 Ita
849 2201 1066 2242 Danorum
1110 2201 1323 2255 plerique,
1365 2201 1495 2242 dubia
1536 2200 1614 2242 celi

179 2261 382 2316 qualitate
414 2260 611 2312 conclusi,
643 2260 798 2316 passim
832 2260 980 2301 oborta
1011 2272 1236 2313 corporum
1267 2259 1514 2314 pestilencia
1546 2258 1616 2300 de-

175 2322 403 2361 cesserunt.
465 2317 657 2373 Cumque
699 2331 744 2359 se
775 2317 999 2372 Regnerus
1043 2316 1282 2358 adulterina
1324 2317 1458 2371 magis
1490 2329 1614 2371 quam

174 2389 273 2417 uera
307 2377 415 2418 aeris
446 2377 490 2417 ui
521 2375 789 2431 prepeditum
822 2375 1204 2427 animaduerteret,
1247 2379 1463 2429 utcunque
1499 2373 1614 2415 naui-

174 2434 351 2488 gacione
397 2433 625 2489 producta,
671 2433 712 2474 in
759 2433 963 2475 Curorum
1011 2432 1345 2487 Semborumque
1393 2432 1612 2486 regionem

175 2492 372 2544 accessit3
420 2491 491 2547 qui
520 2492 784 2532 maiestatem
818 2492 906 2533 eius
938 2490 1111 2546 perinde
1142 2493 1271 2544 atque
1303 2489 1614 2531 honoratissimi

175 2549 348 2591 uictoris
369 2549 690 2605 amplitudinem
707 2549 949 2604 ⁴*impensius
983 2547 1175 2590 uenerati
1208 2551 1318 2589 sunt.
1363 2547 1456 2596 Quo
1491 2547 1615 2588 bene-

174 2607 267 2648 ficio
299 2621 377 2649 rex
407 2607 542 2663 magis
574 2606 778 2662 aduersus
810 2606 1075 2647 Biarmorum
1105 2604 1380 2647 insolenciam
1403 2604 1612 2656 efferatus,

1668 826 1749 860 (17³)

1665 1699 1692 1724 p.
1719 1689 1770 1715 453
