<?xml version="1.0" encoding="UTF-8"?>
<!DOCTYPE html PUBLIC "-//W3C//DTD XHTML 1.0 Transitional//EN"
    "http://www.w3.org/TR/xhtml1/DTD/xhtml1-transitional.dtd">
<html xmlns="http://www.w3.org/1999/xhtml" xml:lang="en" lang="en">
 <head>
  <title>
</title>
<meta http-equiv="Content-Type" content="text/html;charset=utf-8" />
  <meta name='ocr-system' content='tesseract 3.04.00' />
  <meta name='ocr-capabilities' content='ocr_page ocr_carea ocr_par ocr_line ocrx_word'/>
</head>
<body>
  <div class='ocr_page' id='page_1' title='image "./saxonisgrammatic00saxouoft_0119.png"; bbox 0 0 1884 3126; ppageno 0'>
   <div class='ocr_carea' id='block_1_1' title="bbox 748 193 1595 240">
    <p class='ocr_par' dir='ltr' id='par_1_1' title="bbox 748 193 1595 240">
     <span class='ocr_line' id='line_1_1' title="bbox 748 193 1595 240; baseline 0.005 -4"><span class='ocrx_word' id='word_1_1' title='bbox 748 193 995 236; x_wconf 77' lang='lat'>—1—</span> <span class='ocrx_word' id='word_1_2' title='bbox 1540 199 1595 240; x_wconf 85' lang='lat'>25</span> 
     </span>
    </p>
   </div>
   <div class='ocr_carea' id='block_1_2' title="bbox 149 322 1597 379">
    <p class='ocr_par' dir='ltr' id='par_1_2' title="bbox 149 322 1597 379">
     <span class='ocr_line' id='line_1_2' title="bbox 149 322 1597 379; baseline 0.002 -15"><span class='ocrx_word' id='word_1_3' title='bbox 149 322 323 365; x_wconf 92' lang='lat' dir='ltr'>obuium</span> <span class='ocrx_word' id='word_1_4' title='bbox 362 337 506 379; x_wconf 90' lang='lat' dir='ltr'>pugna</span> <span class='ocrx_word' id='word_1_5' title='bbox 546 322 718 365; x_wconf 81' lang='lat' dir='ltr'>adortus</span> <span class='ocrx_word' id='word_1_6' title='bbox 758 323 1004 379; x_wconf 69' lang='lat' dir='ltr'>oppressit·</span> <span class='ocrx_word' id='word_1_7' title='bbox 1038 322 1189 379; x_wconf 87' lang='lat' dir='ltr'>Sicque</span> <span class='ocrx_word' id='word_1_8' title='bbox 1228 338 1312 366; x_wconf 91' lang='lat' dir='ltr'>non</span> <span class='ocrx_word' id='word_1_9' title='bbox 1351 325 1486 367; x_wconf 90' lang='lat' dir='ltr'>solum</span> <span class='ocrx_word' id='word_1_10' title='bbox 1525 340 1597 368; x_wconf 89' lang='lat' dir='ltr'>ex-</span> 
     </span>
    </p>
   </div>
   <div class='ocr_carea' id='block_1_3' title="bbox 83 381 1595 439">
    <p class='ocr_par' dir='ltr' id='par_1_3' title="bbox 83 381 1595 439">
     <span class='ocr_line' id='line_1_3' title="bbox 83 381 1595 439; baseline 0.003 -17"><span class='ocrx_word' id='word_1_11' title='bbox 83 398 89 399; x_wconf 46' lang='lat'><em>⁷</em></span> <span class='ocrx_word' id='word_1_12' title='bbox 148 385 338 423; x_wconf 89' lang='lat' dir='ltr'>terorum</span> <span class='ocrx_word' id='word_1_13' title='bbox 369 381 602 436; x_wconf 90' lang='lat' dir='ltr'>manubiis,</span> <span class='ocrx_word' id='word_1_14' title='bbox 643 395 794 423; x_wconf 90' lang='lat' dir='ltr'>uerum</span> <span class='ocrx_word' id='word_1_15' title='bbox 833 382 967 423; x_wconf 87' lang='lat' dir='ltr'>eciam</span> <span class='ocrx_word' id='word_1_16' title='bbox 997 385 1175 437; x_wconf 90' lang='lat' dir='ltr'>paterne</span> <span class='ocrx_word' id='word_1_17' title='bbox 1205 381 1474 439; x_wconf 80' lang='lat' dir='ltr'>fraterneque</span> <span class='ocrx_word' id='word_1_18' title='bbox 1506 384 1595 426; x_wconf 90' lang='lat' dir='ltr'>uin-</span> 
     </span>
    </p>
   </div>
   <div class='ocr_carea' id='block_1_4' title="bbox 81 856 114 884">
    <p class='ocr_par' dir='ltr' id='par_1_4' title="bbox 81 856 114 884">
     <span class='ocr_line' id='line_1_4' title="bbox 81 856 114 884; baseline -0.03 0"><span class='ocrx_word' id='word_1_19' title='bbox 81 856 114 884; x_wconf 89' lang='lat'>10</span> 
     </span>
    </p>
   </div>
   <div class='ocr_carea' id='block_1_5' title="bbox 81 1147 112 1175">
    <p class='ocr_par' dir='ltr' id='par_1_5' title="bbox 81 1147 112 1175">
     <span class='ocr_line' id='line_1_5' title="bbox 81 1147 112 1175; baseline -0.032 0"><span class='ocrx_word' id='word_1_20' title='bbox 81 1147 112 1175; x_wconf 86' lang='lat'>15</span> 
     </span>
    </p>
   </div>
   <div class='ocr_carea' id='block_1_6' title="bbox 76 1440 115 1468">
    <p class='ocr_par' dir='ltr' id='par_1_6' title="bbox 76 1440 115 1468">
     <span class='ocr_line' id='line_1_6' title="bbox 76 1440 115 1468; baseline -0.026 0"><span class='ocrx_word' id='word_1_21' title='bbox 76 1440 115 1468; x_wconf 86' lang='lat'>20</span> 
     </span>
    </p>
   </div>
   <div class='ocr_carea' id='block_1_7' title="bbox 77 1732 114 1758">
    <p class='ocr_par' dir='ltr' id='par_1_7' title="bbox 77 1732 114 1758">
     <span class='ocr_line' id='line_1_7' title="bbox 77 1732 114 1758; baseline 0 0"><span class='ocrx_word' id='word_1_22' title='bbox 77 1732 114 1758; x_wconf 81' lang='lat'>25</span> 
     </span>
    </p>
   </div>
   <div class='ocr_carea' id='block_1_8' title="bbox 78 2023 115 2052">
    <p class='ocr_par' dir='ltr' id='par_1_8' title="bbox 78 2023 115 2052">
     <span class='ocr_line' id='line_1_8' title="bbox 78 2023 115 2052; baseline 0.027 -1"><span class='ocrx_word' id='word_1_23' title='bbox 78 2023 115 2052; x_wconf 85' lang='lat'>30</span> 
     </span>
    </p>
   </div>
   <div class='ocr_carea' id='block_1_9' title="bbox 78 2315 114 2342">
    <p class='ocr_par' dir='ltr' id='par_1_9' title="bbox 78 2315 114 2342">
     <span class='ocr_line' id='line_1_9' title="bbox 78 2315 114 2342; baseline 0 0"><span class='ocrx_word' id='word_1_24' title='bbox 78 2315 114 2342; x_wconf 73' lang='lat'>35</span> 
     </span>
    </p>
   </div>
   <div class='ocr_carea' id='block_1_10' title="bbox 144 439 1598 1196">
    <p class='ocr_par' dir='ltr' id='par_1_10' title="bbox 146 439 1596 611">
     <span class='ocr_line' id='line_1_10' title="bbox 147 439 1595 496; baseline 0.002 -15"><span class='ocrx_word' id='word_1_25' title='bbox 147 439 257 481; x_wconf 91' lang='lat' dir='ltr'>dicte</span> <span class='ocrx_word' id='word_1_26' title='bbox 289 439 478 494; x_wconf 88' lang='lat' dir='ltr'>tropheis</span> <span class='ocrx_word' id='word_1_27' title='bbox 514 439 569 492; x_wconf 86' lang='lat' dir='ltr'>ad</span> <span class='ocrx_word' id='word_1_28' title='bbox 600 440 858 482; x_wconf 80' lang='lat' dir='ltr'>eminentem</span> <span class='ocrx_word' id='word_1_29' title='bbox 898 440 1101 482; x_wconf 83' lang='lat' dir='ltr'>claritatis</span> <span class='ocrx_word' id='word_1_30' title='bbox 1142 439 1322 495; x_wconf 85' lang='lat' dir='ltr'>gradum</span> <span class='ocrx_word' id='word_1_31' title='bbox 1358 446 1595 496; x_wconf 88' lang='lat' dir='ltr'>prouectus,</span> 
     </span>
     <span class='ocr_line' id='line_1_11' title="bbox 146 497 1596 555; baseline 0.002 -16"><span class='ocrx_word' id='word_1_32' title='bbox 146 497 274 540; x_wconf 83' lang='lat' dir='ltr'>exilio</span> <span class='ocrx_word' id='word_1_33' title='bbox 305 511 484 553; x_wconf 89' lang='lat' dir='ltr'>regnum</span> <span class='ocrx_word' id='word_1_34' title='bbox 505 497 699 553; x_wconf 89' lang='lat' dir='ltr'>mutauit,</span> <span class='ocrx_word' id='word_1_35' title='bbox 732 498 799 540; x_wconf 91' lang='lat' dir='ltr'>cui</span> <span class='ocrx_word' id='word_1_36' title='bbox 819 498 1002 554; x_wconf 87' lang='lat' dir='ltr'>patriam</span> <span class='ocrx_word' id='word_1_37' title='bbox 1023 512 1110 540; x_wconf 89' lang='lat' dir='ltr'>non</span> <span class='ocrx_word' id='word_1_38' title='bbox 1132 502 1230 540; x_wconf 86' lang='lat' dir='ltr'>ante</span> <span class='ocrx_word' id='word_1_39' title='bbox 1256 503 1448 554; x_wconf 87' lang='lat' dir='ltr'>repetere</span> <span class='ocrx_word' id='word_1_40' title='bbox 1470 513 1596 555; x_wconf 89' lang='lat' dir='ltr'>quam</span> 
     </span>
     <span class='ocr_line' id='line_1_12' title="bbox 147 555 515 611; baseline 0 -13"><span class='ocrx_word' id='word_1_41' title='bbox 147 570 294 611; x_wconf 90' lang='lat' dir='ltr'>regere</span> <span class='ocrx_word' id='word_1_42' title='bbox 326 555 515 611; x_wconf 84' lang='lat' dir='ltr'>contigit.</span> 
     </span>
    </p>

    <p class='ocr_par' dir='ltr' id='par_1_11' title="bbox 144 613 1598 1196">
     <span class='ocr_line' id='line_1_13' title="bbox 284 613 1597 670; baseline 0.002 -14"><span class='ocrx_word' id='word_1_43' title='bbox 284 613 350 656; x_wconf 88' lang='lat' dir='ltr'>Ea</span> <span class='ocrx_word' id='word_1_44' title='bbox 394 617 649 670; x_wconf 83' lang='lat' dir='ltr'>tempestate</span> <span class='ocrx_word' id='word_1_45' title='bbox 696 628 793 656; x_wconf 91' lang='lat' dir='ltr'>cum</span> <span class='ocrx_word' id='word_1_46' title='bbox 839 614 1021 657; x_wconf 85' lang='lat' dir='ltr'>Othinus</span> <span class='ocrx_word' id='word_1_47' title='bbox 1066 614 1238 670; x_wconf 85' lang='lat' dir='ltr'>quidam</span> <span class='ocrx_word' id='word_1_48' title='bbox 1283 613 1459 670; x_wconf 86' lang='lat' dir='ltr'>Europa</span> <span class='ocrx_word' id='word_1_49' title='bbox 1508 620 1597 658; x_wconf 89' lang='lat' dir='ltr'>tota</span> 
     </span>
     <span class='ocr_line' id='line_1_14' title="bbox 147 671 1597 729; baseline 0.002 -16"><span class='ocrx_word' id='word_1_50' title='bbox 147 672 254 714; x_wconf 89' lang='lat' dir='ltr'>falso</span> <span class='ocrx_word' id='word_1_51' title='bbox 295 671 528 714; x_wconf 87' lang='lat' dir='ltr'>diuinitatis</span> <span class='ocrx_word' id='word_1_52' title='bbox 567 672 692 714; x_wconf 88' lang='lat' dir='ltr'>titulo</span> <span class='ocrx_word' id='word_1_53' title='bbox 716 671 731 726; x_wconf 88' lang='grc' dir='ltr'>ΙΙ</span> <span class='ocrx_word' id='word_1_54' title='bbox 754 677 1018 727; x_wconf 89' lang='lat' dir='ltr'>censeretur,</span> <span class='ocrx_word' id='word_1_55' title='bbox 1058 672 1171 729; x_wconf 91' lang='lat' dir='ltr'>apud</span> <span class='ocrx_word' id='word_1_56' title='bbox 1207 671 1414 728; x_wconf 87' lang='lat' dir='ltr'>Vpsalam</span> <span class='ocrx_word' id='word_1_57' title='bbox 1454 678 1597 716; x_wconf 90' lang='lat' dir='ltr'>tamen</span> 
     </span>
     <span class='ocr_line' id='line_1_15' title="bbox 147 730 1598 786; baseline 0.002 -15"><span class='ocrx_word' id='word_1_58' title='bbox 147 730 400 772; x_wconf 85' lang='lat' dir='ltr'>crebriorem</span> <span class='ocrx_word' id='word_1_59' title='bbox 432 730 674 772; x_wconf 89' lang='lat' dir='ltr'>diuersandi</span> <span class='ocrx_word' id='word_1_60' title='bbox 703 745 827 772; x_wconf 92' lang='lat' dir='ltr'>usum</span> <span class='ocrx_word' id='word_1_61' title='bbox 859 730 1070 785; x_wconf 89' lang='lat' dir='ltr'>habebat,</span> <span class='ocrx_word' id='word_1_62' title='bbox 1111 744 1290 786; x_wconf 91' lang='lat' dir='ltr'>eamque</span> <span class='ocrx_word' id='word_1_63' title='bbox 1322 731 1410 773; x_wconf 85' lang='lat' dir='ltr'>siue</span> <span class='ocrx_word' id='word_1_64' title='bbox 1442 731 1495 774; x_wconf 92' lang='lat' dir='ltr'>ob</span> <span class='ocrx_word' id='word_1_65' title='bbox 1537 733 1598 774; x_wconf 91' lang='lat' dir='ltr'>in-</span> 
     </span>
     <span class='ocr_line' id='line_1_16' title="bbox 146 788 1597 845; baseline 0.001 -15"><span class='ocrx_word' id='word_1_66' title='bbox 146 788 334 831; x_wconf 87' lang='lat' dir='ltr'>colarum</span> <span class='ocrx_word' id='word_1_67' title='bbox 350 789 550 831; x_wconf 88' lang='lat' dir='ltr'>inerciam</span> <span class='ocrx_word' id='word_1_68' title='bbox 566 789 655 831; x_wconf 86' lang='lat' dir='ltr'>siue</span> <span class='ocrx_word' id='word_1_69' title='bbox 672 789 862 831; x_wconf 91' lang='lat' dir='ltr'>locorum</span> <span class='ocrx_word' id='word_1_70' title='bbox 884 789 1171 843; x_wconf 87' lang='lat' dir='ltr'>amenitatem,</span> <span class='ocrx_word' id='word_1_71' title='bbox 1189 789 1394 844; x_wconf 84' lang='lat' dir='ltr'>singulari</span> <span class='ocrx_word' id='word_1_72' title='bbox 1415 790 1597 845; x_wconf 90' lang='lat' dir='ltr'>quadam</span> 
     </span>
     <span class='ocr_line' id='line_1_17' title="bbox 144 846 1598 904; baseline 0.002 -16"><span class='ocrx_word' id='word_1_73' title='bbox 144 846 424 889; x_wconf 86' lang='lat' dir='ltr'>habitacionis</span> <span class='ocrx_word' id='word_1_74' title='bbox 455 847 755 890; x_wconf 89' lang='lat' dir='ltr'>consuetudine</span> <span class='ocrx_word' id='word_1_75' title='bbox 777 847 1046 903; x_wconf 88' lang='lat' dir='ltr'>dignabatur.</span> <span class='ocrx_word' id='word_1_76' title='bbox 1087 846 1216 890; x_wconf 84' lang='lat' dir='ltr'>Cuius</span> <span class='ocrx_word' id='word_1_77' title='bbox 1237 862 1393 890; x_wconf 91' lang='lat' dir='ltr'>numen</span> <span class='ocrx_word' id='word_1_78' title='bbox 1421 849 1598 904; x_wconf 77' lang='lat' dir='ltr'>Septen-</span> 
     </span>
     <span class='ocr_line' id='line_1_18' title="bbox 145 905 1598 962; baseline 0.002 -16"><span class='ocrx_word' id='word_1_79' title='bbox 145 905 294 947; x_wconf 86' lang='lat' dir='ltr'>trionis</span> <span class='ocrx_word' id='word_1_80' title='bbox 325 919 448 961; x_wconf 90' lang='lat' dir='ltr'>reges</span> <span class='ocrx_word' id='word_1_81' title='bbox 480 906 753 961; x_wconf 88' lang='lat' dir='ltr'>propensiore</span> <span class='ocrx_word' id='word_1_82' title='bbox 785 907 900 948; x_wconf 89' lang='lat' dir='ltr'>cultu</span> <span class='ocrx_word' id='word_1_83' title='bbox 931 906 1129 962; x_wconf 91' lang='lat' dir='ltr'>prosequi</span> <span class='ocrx_word' id='word_1_84' title='bbox 1150 905 1379 962; x_wconf 56' lang='lat' dir='ltr'>cupiente-«1,</span> <span class='ocrx_word' id='word_1_85' title='bbox 1412 906 1598 962; x_wconf 88' lang='lat' dir='ltr'>effigiem</span> 
     </span>
     <span class='ocr_line' id='line_1_19' title="bbox 145 963 1597 1020; baseline 0.001 -15"><span class='ocrx_word' id='word_1_86' title='bbox 145 963 275 1019; x_wconf 88' lang='lat' dir='ltr'>ipsius</span> <span class='ocrx_word' id='word_1_87' title='bbox 316 977 446 1006; x_wconf 91' lang='lat' dir='ltr'>aureo</span> <span class='ocrx_word' id='word_1_88' title='bbox 487 964 701 1020; x_wconf 83' lang='lat' dir='ltr'>complexi</span> <span class='ocrx_word' id='word_1_89' title='bbox 741 965 977 1018; x_wconf 88' lang='lat' dir='ltr'>simulacro,</span> <span class='ocrx_word' id='word_1_90' title='bbox 1018 968 1202 1006; x_wconf 87' lang='lat' dir='ltr'>statuam</span> <span class='ocrx_word' id='word_1_91' title='bbox 1233 978 1306 1007; x_wconf 90' lang='lat' dir='ltr'>sue</span> <span class='ocrx_word' id='word_1_92' title='bbox 1338 964 1597 1019; x_wconf 90' lang='lat' dir='ltr'>dignacionis</span> 
     </span>
     <span class='ocr_line' id='line_1_20' title="bbox 145 1021 1596 1078; baseline 0.002 -15"><span class='ocrx_word' id='word_1_93' title='bbox 145 1021 328 1064; x_wconf 87' lang='lat' dir='ltr'>indicem</span> <span class='ocrx_word' id='word_1_94' title='bbox 349 1022 538 1065; x_wconf 86' lang='lat' dir='ltr'>maxima</span> <span class='ocrx_word' id='word_1_95' title='bbox 559 1037 654 1064; x_wconf 93' lang='lat' dir='ltr'>cum</span> <span class='ocrx_word' id='word_1_96' title='bbox 675 1023 891 1078; x_wconf 86' lang='lat' dir='ltr'>religionis</span> <span class='ocrx_word' id='word_1_97' title='bbox 912 1023 1183 1065; x_wconf 88' lang='lat' dir='ltr'>simulacione</span> <span class='ocrx_word' id='word_1_98' title='bbox 1201 1022 1442 1065; x_wconf 88' lang='lat' dir='ltr'>Bizantium</span> <span class='ocrx_word' id='word_1_99' title='bbox 1463 1027 1596 1066; x_wconf 85' lang='lat' dir='ltr'>trans-</span> 
     </span>
     <span class='ocr_line' id='line_1_21' title="bbox 147 1081 1595 1136; baseline 0.001 -14"><span class='ocrx_word' id='word_1_100' title='bbox 147 1081 362 1133; x_wconf 90' lang='lat' dir='ltr'>miserunt,</span> <span class='ocrx_word' id='word_1_101' title='bbox 394 1081 511 1123; x_wconf 87' lang='lat' dir='ltr'>cuius</span> <span class='ocrx_word' id='word_1_102' title='bbox 545 1082 679 1123; x_wconf 89' lang='lat' dir='ltr'>eciam</span> <span class='ocrx_word' id='word_1_103' title='bbox 700 1081 968 1124; x_wconf 90' lang='lat' dir='ltr'>brachiorum</span> <span class='ocrx_word' id='word_1_104' title='bbox 994 1081 1253 1123; x_wconf 86' lang='lat' dir='ltr'>lineamenta</span> <span class='ocrx_word' id='word_1_105' title='bbox 1283 1081 1595 1136; x_wconf 87' lang='lat' dir='ltr'>confertissimo</span> 
     </span>
     <span class='ocr_line' id='line_1_22' title="bbox 144 1139 1597 1196; baseline 0.001 -16"><span class='ocrx_word' id='word_1_106' title='bbox 144 1139 408 1181; x_wconf 85' lang='lat' dir='ltr'>armillarum</span> <span class='ocrx_word' id='word_1_107' title='bbox 448 1139 635 1195; x_wconf 90' lang='lat' dir='ltr'>pondere</span> <span class='ocrx_word' id='word_1_108' title='bbox 677 1140 1034 1196; x_wconf 88' lang='lat' dir='ltr'>perstringebant.</span> <span class='ocrx_word' id='word_1_109' title='bbox 1106 1139 1186 1182; x_wconf 92' lang='lat' dir='ltr'>Ille</span> <span class='ocrx_word' id='word_1_110' title='bbox 1228 1143 1347 1181; x_wconf 89' lang='lat' dir='ltr'>tanta</span> <span class='ocrx_word' id='word_1_111' title='bbox 1389 1140 1453 1182; x_wconf 90' lang='lat' dir='ltr'>sui</span> <span class='ocrx_word' id='word_1_112' title='bbox 1492 1140 1597 1182; x_wconf 89' lang='lat' dir='ltr'>cele-</span> 
     </span>
    </p>
   </div>
   <div class='ocr_carea' id='block_1_11' title="bbox 1634 685 1703 719">
    <p class='ocr_par' dir='ltr' id='par_1_12' title="bbox 1634 685 1703 719">
     <span class='ocr_line' id='line_1_23' title="bbox 1634 685 1703 719; baseline 0 0"><span class='ocrx_word' id='word_1_113' title='bbox 1634 685 1703 719; x_wconf 88' lang='grc'>(13)</span> 
     </span>
    </p>
   </div>
   <div class='ocr_carea' id='block_1_12' title="bbox 145 1196 1715 1253">
    <p class='ocr_par' dir='ltr' id='par_1_13' title="bbox 145 1196 1715 1253">
     <span class='ocr_line' id='line_1_24' title="bbox 145 1196 1715 1253; baseline 0.001 -15"><span class='ocrx_word' id='word_1_114' title='bbox 145 1196 301 1239; x_wconf 88' lang='lat' dir='ltr'>britate</span> <span class='ocrx_word' id='word_1_115' title='bbox 332 1198 526 1253; x_wconf 86' lang='lat' dir='ltr'>gauisus,</span> <span class='ocrx_word' id='word_1_116' title='bbox 569 1198 834 1240; x_wconf 89' lang='lat' dir='ltr'>mittencium</span> <span class='ocrx_word' id='word_1_117' title='bbox 865 1199 1086 1240; x_wconf 89' lang='lat' dir='ltr'>caritatem</span> <span class='ocrx_word' id='word_1_118' title='bbox 1115 1196 1290 1253; x_wconf 71' lang='lat' dir='ltr'>*cupide</span> <span class='ocrx_word' id='word_1_119' title='bbox 1331 1198 1596 1249; x_wconf 77' lang='lat' dir='ltr'>exosculatus</span> <span class='ocrx_word' id='word_1_120' title='bbox 1617 1217 1715 1245; x_wconf 60' lang='lat' dir='ltr'>vm,¹</span> 
     </span>
    </p>
   </div>
   <div class='ocr_carea' id='block_1_13' title="bbox 144 1255 1598 1545">
    <p class='ocr_par' dir='ltr' id='par_1_14' title="bbox 144 1255 1598 1545">
     <span class='ocr_line' id='line_1_25' title="bbox 146 1255 1597 1312; baseline 0.001 -15"><span class='ocrx_word' id='word_1_121' title='bbox 146 1259 221 1299; x_wconf 90' lang='lat' dir='ltr'>est.</span> <span class='ocrx_word' id='word_1_122' title='bbox 283 1255 412 1298; x_wconf 84' lang='lat' dir='ltr'>Cuius</span> <span class='ocrx_word' id='word_1_123' title='bbox 455 1256 641 1298; x_wconf 84' lang='lat' dir='ltr'>coniunx</span> <span class='ocrx_word' id='word_1_124' title='bbox 680 1256 866 1312; x_wconf 86' lang='lat' dir='ltr'>Frigga,</span> <span class='ocrx_word' id='word_1_125' title='bbox 909 1271 990 1312; x_wconf 94' lang='lat' dir='ltr'>quo</span> <span class='ocrx_word' id='word_1_126' title='bbox 1022 1256 1176 1298; x_wconf 87' lang='lat' dir='ltr'>culcior</span> <span class='ocrx_word' id='word_1_127' title='bbox 1215 1256 1414 1311; x_wconf 86' lang='lat' dir='ltr'>progredi</span> <span class='ocrx_word' id='word_1_128' title='bbox 1444 1260 1597 1311; x_wconf 86' lang='lat' dir='ltr'>posset,</span> 
     </span>
     <span class='ocr_line' id='line_1_26' title="bbox 145 1313 1597 1368; baseline 0.001 -13"><span class='ocrx_word' id='word_1_129' title='bbox 145 1313 293 1356; x_wconf 88' lang='lat' dir='ltr'>adcitis</span> <span class='ocrx_word' id='word_1_130' title='bbox 323 1314 468 1368; x_wconf 87' lang='lat' dir='ltr'>fabris,</span> <span class='ocrx_word' id='word_1_131' title='bbox 500 1329 652 1357; x_wconf 89' lang='lat' dir='ltr'>aurum</span> <span class='ocrx_word' id='word_1_132' title='bbox 682 1318 820 1357; x_wconf 89' lang='lat' dir='ltr'>statue</span> <span class='ocrx_word' id='word_1_133' title='bbox 852 1314 1163 1357; x_wconf 90' lang='lat' dir='ltr'>detrahendum</span> <span class='ocrx_word' id='word_1_134' title='bbox 1200 1315 1375 1357; x_wconf 89' lang='lat' dir='ltr'>curauit.</span> <span class='ocrx_word' id='word_1_135' title='bbox 1438 1314 1597 1363; x_wconf 82' lang='lat' dir='ltr'>Quibus</span> 
     </span>
     <span class='ocr_line' id='line_1_27' title="bbox 146 1371 1598 1429; baseline 0.001 -16"><span class='ocrx_word' id='word_1_136' title='bbox 146 1371 327 1414; x_wconf 89' lang='lat' dir='ltr'>Othinus</span> <span class='ocrx_word' id='word_1_137' title='bbox 358 1372 583 1429; x_wconf 88' lang='lat' dir='ltr'>suspendio</span> <span class='ocrx_word' id='word_1_138' title='bbox 618 1374 888 1429; x_wconf 89' lang='lat' dir='ltr'>consumptis,</span> <span class='ocrx_word' id='word_1_139' title='bbox 932 1377 1115 1415; x_wconf 89' lang='lat' dir='ltr'>statuam</span> <span class='ocrx_word' id='word_1_140' title='bbox 1146 1373 1189 1414; x_wconf 91' lang='lat' dir='ltr'>in</span> <span class='ocrx_word' id='word_1_141' title='bbox 1227 1372 1441 1427; x_wconf 89' lang='lat' dir='ltr'>crepidine</span> <span class='ocrx_word' id='word_1_142' title='bbox 1472 1373 1598 1415; x_wconf 89' lang='lat' dir='ltr'>collo-</span> 
     </span>
     <span class='ocr_line' id='line_1_28' title="bbox 145 1430 1597 1486; baseline 0 -14"><span class='ocrx_word' id='word_1_143' title='bbox 145 1431 271 1484; x_wconf 91' lang='lat' dir='ltr'>cauit,</span> <span class='ocrx_word' id='word_1_144' title='bbox 303 1445 430 1486; x_wconf 91' lang='lat' dir='ltr'>quam</span> <span class='ocrx_word' id='word_1_145' title='bbox 463 1432 597 1473; x_wconf 87' lang='lat' dir='ltr'>eciam</span> <span class='ocrx_word' id='word_1_146' title='bbox 628 1432 736 1473; x_wconf 87' lang='lat' dir='ltr'>mira</span> <span class='ocrx_word' id='word_1_147' title='bbox 767 1432 868 1474; x_wconf 86' lang='lat' dir='ltr'>artis</span> <span class='ocrx_word' id='word_1_148' title='bbox 899 1431 1106 1473; x_wconf 89' lang='lat' dir='ltr'>industria</span> <span class='ocrx_word' id='word_1_149' title='bbox 1141 1430 1196 1473; x_wconf 89' lang='lat' dir='ltr'>ad</span> <span class='ocrx_word' id='word_1_150' title='bbox 1226 1431 1431 1473; x_wconf 88' lang='lat' dir='ltr'>humanos</span> <span class='ocrx_word' id='word_1_151' title='bbox 1461 1435 1597 1473; x_wconf 90' lang='lat' dir='ltr'>tactus</span> 
     </span>
     <span class='ocr_line' id='line_1_29' title="bbox 144 1488 1598 1545; baseline 0 -15"><span class='ocrx_word' id='word_1_152' title='bbox 144 1489 335 1531; x_wconf 88' lang='lat' dir='ltr'>uocalem</span> <span class='ocrx_word' id='word_1_153' title='bbox 356 1489 554 1532; x_wconf 89' lang='lat' dir='ltr'>reddidit.</span> <span class='ocrx_word' id='word_1_154' title='bbox 597 1488 658 1531; x_wconf 88' lang='lat' dir='ltr'>At</span> <span class='ocrx_word' id='word_1_155' title='bbox 678 1490 950 1532; x_wconf 89' lang='lat' dir='ltr'>nihilominus</span> <span class='ocrx_word' id='word_1_156' title='bbox 970 1489 1144 1545; x_wconf 86' lang='lat' dir='ltr'>Frigga,</span> <span class='ocrx_word' id='word_1_157' title='bbox 1177 1489 1313 1531; x_wconf 90' lang='lat' dir='ltr'>cultus</span> <span class='ocrx_word' id='word_1_158' title='bbox 1334 1489 1397 1530; x_wconf 90' lang='lat' dir='ltr'>sui</span> <span class='ocrx_word' id='word_1_159' title='bbox 1418 1489 1598 1531; x_wconf 86' lang='lat' dir='ltr'>nitorem</span> 
     </span>
    </p>
   </div>
   <div class='ocr_carea' id='block_1_14' title="bbox 145 1546 1706 1604">
    <p class='ocr_par' dir='ltr' id='par_1_15' title="bbox 145 1546 1706 1604">
     <span class='ocr_line' id='line_1_30' title="bbox 145 1546 1706 1604; baseline 0 -16"><span class='ocrx_word' id='word_1_160' title='bbox 145 1546 299 1589; x_wconf 89' lang='lat' dir='ltr'>diuinis</span> <span class='ocrx_word' id='word_1_161' title='bbox 338 1548 480 1594; x_wconf 89' lang='lat' dir='ltr'>mariti</span> <span class='ocrx_word' id='word_1_162' title='bbox 507 1549 511 1599; x_wconf 95' lang='grc' dir='ltr'>Ι</span> <span class='ocrx_word' id='word_1_163' title='bbox 539 1548 768 1592; x_wconf 87' lang='lat' dir='ltr'>honoribus</span> <span class='ocrx_word' id='word_1_164' title='bbox 808 1553 1094 1604; x_wconf 87' lang='lat' dir='ltr'>anteponens,</span> <span class='ocrx_word' id='word_1_165' title='bbox 1136 1548 1209 1589; x_wconf 87' lang='lat' dir='ltr'>uni</span> <span class='ocrx_word' id='word_1_166' title='bbox 1248 1547 1522 1589; x_wconf 88' lang='lat' dir='ltr'>familiarium</span> <span class='ocrx_word' id='word_1_167' title='bbox 1552 1561 1596 1589; x_wconf 89' lang='lat' dir='ltr'>se</span> <span class='ocrx_word' id='word_1_168' title='bbox 1626 1555 1706 1587; x_wconf 74' lang='lat'><strong>1³·43</strong></span> 
     </span>
    </p>
   </div>
   <div class='ocr_carea' id='block_1_15' title="bbox 144 1605 1597 2594">
    <p class='ocr_par' dir='ltr' id='par_1_16' title="bbox 144 1605 1597 2302">
     <span class='ocr_line' id='line_1_31' title="bbox 145 1605 1595 1662; baseline 0 -16"><span class='ocrx_word' id='word_1_169' title='bbox 145 1609 291 1661; x_wconf 89' lang='lat' dir='ltr'>stupro</span> <span class='ocrx_word' id='word_1_170' title='bbox 323 1606 521 1657; x_wconf 84' lang='lat' dir='ltr'>subiecit3</span> <span class='ocrx_word' id='word_1_171' title='bbox 553 1607 670 1649; x_wconf 91' lang='lat' dir='ltr'>cuius</span> <span class='ocrx_word' id='word_1_172' title='bbox 700 1606 870 1662; x_wconf 90' lang='lat' dir='ltr'>ingenio</span> <span class='ocrx_word' id='word_1_173' title='bbox 901 1606 1174 1649; x_wconf 86' lang='lat' dir='ltr'>simulacrum</span> <span class='ocrx_word' id='word_1_174' title='bbox 1202 1605 1415 1659; x_wconf 88' lang='lat' dir='ltr'>demolita,</span> <span class='ocrx_word' id='word_1_175' title='bbox 1447 1620 1595 1647; x_wconf 89' lang='lat' dir='ltr'>aurum</span> 
     </span>
     <span class='ocr_line' id='line_1_32' title="bbox 144 1663 1596 1720; baseline 0 -15"><span class='ocrx_word' id='word_1_176' title='bbox 144 1663 312 1719; x_wconf 88' lang='lat' dir='ltr'>publice</span> <span class='ocrx_word' id='word_1_177' title='bbox 353 1665 645 1719; x_wconf 87' lang='lat' dir='ltr'>supersticioni</span> <span class='ocrx_word' id='word_1_178' title='bbox 683 1668 973 1707; x_wconf 86' lang='lat' dir='ltr'>consecratum</span> <span class='ocrx_word' id='word_1_179' title='bbox 1003 1664 1057 1706; x_wconf 90' lang='lat' dir='ltr'>ad</span> <span class='ocrx_word' id='word_1_180' title='bbox 1088 1664 1244 1720; x_wconf 87' lang='lat' dir='ltr'>priuati</span> <span class='ocrx_word' id='word_1_181' title='bbox 1284 1664 1409 1706; x_wconf 84' lang='lat' dir='ltr'>luxus</span> <span class='ocrx_word' id='word_1_182' title='bbox 1445 1664 1596 1706; x_wconf 90' lang='lat' dir='ltr'>instru-</span> 
     </span>
     <span class='ocr_line' id='line_1_33' title="bbox 145 1722 1596 1779; baseline 0 -16"><span class='ocrx_word' id='word_1_183' title='bbox 145 1726 335 1764; x_wconf 89' lang='lat' dir='ltr'>mentum</span> <span class='ocrx_word' id='word_1_184' title='bbox 366 1723 585 1777; x_wconf 83' lang='lat' dir='ltr'>conuertit.</span> <span class='ocrx_word' id='word_1_185' title='bbox 648 1722 738 1766; x_wconf 88' lang='lat' dir='ltr'>Nec</span> <span class='ocrx_word' id='word_1_186' title='bbox 773 1723 894 1779; x_wconf 90' lang='lat' dir='ltr'>pensi</span> <span class='ocrx_word' id='word_1_187' title='bbox 933 1723 1056 1765; x_wconf 78' lang='lat' dir='ltr'>duxit</span> <span class='ocrx_word' id='word_1_188' title='bbox 1090 1722 1403 1778; x_wconf 87' lang='lat' dir='ltr'>impudiciciam</span> <span class='ocrx_word' id='word_1_189' title='bbox 1434 1722 1596 1772; x_wconf 82' lang='lat' dir='ltr'>sectari,</span> 
     </span>
     <span class='ocr_line' id='line_1_34' title="bbox 147 1780 1596 1836; baseline -0.001 -14"><span class='ocrx_word' id='word_1_190' title='bbox 147 1794 230 1835; x_wconf 90' lang='lat' dir='ltr'>quo</span> <span class='ocrx_word' id='word_1_191' title='bbox 275 1781 518 1836; x_wconf 89' lang='lat' dir='ltr'>prompcius</span> <span class='ocrx_word' id='word_1_192' title='bbox 560 1781 747 1824; x_wconf 90' lang='lat' dir='ltr'>auaricia</span> <span class='ocrx_word' id='word_1_193' title='bbox 783 1781 1017 1835; x_wconf 88' lang='lat' dir='ltr'>frueretur,</span> <span class='ocrx_word' id='word_1_194' title='bbox 1065 1780 1240 1835; x_wconf 88' lang='lat' dir='ltr'>indigna</span> <span class='ocrx_word' id='word_1_195' title='bbox 1286 1780 1464 1834; x_wconf 88' lang='lat' dir='ltr'>femina,</span> <span class='ocrx_word' id='word_1_196' title='bbox 1515 1794 1596 1835; x_wconf 92' lang='lat' dir='ltr'>que</span> 
     </span>
     <span class='ocr_line' id='line_1_35' title="bbox 147 1838 1596 1896; baseline 0 -17"><span class='ocrx_word' id='word_1_197' title='bbox 147 1838 328 1880; x_wconf 90' lang='lat' dir='ltr'>numinis</span> <span class='ocrx_word' id='word_1_198' title='bbox 360 1839 557 1895; x_wconf 88' lang='lat' dir='ltr'>coniugio</span> <span class='ocrx_word' id='word_1_199' title='bbox 587 1840 807 1896; x_wconf 87' lang='lat' dir='ltr'>potiretur.</span> <span class='ocrx_word' id='word_1_200' title='bbox 852 1839 947 1882; x_wconf 88' lang='lat' dir='ltr'>Hoc</span> <span class='ocrx_word' id='word_1_201' title='bbox 976 1840 1057 1882; x_wconf 92' lang='lat' dir='ltr'>loci</span> <span class='ocrx_word' id='word_1_202' title='bbox 1080 1839 1181 1895; x_wconf 91' lang='lat' dir='ltr'>quid</span> <span class='ocrx_word' id='word_1_203' title='bbox 1213 1838 1327 1880; x_wconf 89' lang='lat' dir='ltr'>aliud</span> <span class='ocrx_word' id='word_1_204' title='bbox 1358 1838 1596 1890; x_wconf 88' lang='lat' dir='ltr'>adiecerim,</span> 
     </span>
     <span class='ocr_line' id='line_1_36' title="bbox 146 1896 1596 1953; baseline 0 -15"><span class='ocrx_word' id='word_1_205' title='bbox 146 1911 271 1952; x_wconf 90' lang='lat' dir='ltr'>quam</span> <span class='ocrx_word' id='word_1_206' title='bbox 313 1897 399 1939; x_wconf 89' lang='lat' dir='ltr'>tale</span> <span class='ocrx_word' id='word_1_207' title='bbox 439 1912 596 1940; x_wconf 89' lang='lat' dir='ltr'>numen</span> <span class='ocrx_word' id='word_1_208' title='bbox 635 1898 716 1941; x_wconf 91' lang='lat' dir='ltr'>hac</span> <span class='ocrx_word' id='word_1_209' title='bbox 755 1898 932 1953; x_wconf 88' lang='lat' dir='ltr'>coniuge</span> <span class='ocrx_word' id='word_1_210' title='bbox 964 1898 1141 1953; x_wconf 89' lang='lat' dir='ltr'>dignum</span> <span class='ocrx_word' id='word_1_211' title='bbox 1180 1897 1400 1939; x_wconf 82' lang='lat' dir='ltr'>extitisse?</span> <span class='ocrx_word' id='word_1_212' title='bbox 1461 1896 1596 1938; x_wconf 84' lang='lat' dir='ltr'>Tanto</span> 
     </span>
     <span class='ocr_line' id='line_1_37' title="bbox 146 1955 1597 2010; baseline 0 -14"><span class='ocrx_word' id='word_1_213' title='bbox 146 1955 357 2010; x_wconf 87' lang='lat' dir='ltr'>quondam</span> <span class='ocrx_word' id='word_1_214' title='bbox 389 1970 529 1999; x_wconf 88' lang='lat' dir='ltr'>errore</span> <span class='ocrx_word' id='word_1_215' title='bbox 569 1957 812 1999; x_wconf 90' lang='lat' dir='ltr'>mortalium</span> <span class='ocrx_word' id='word_1_216' title='bbox 852 1956 1179 1999; x_wconf 86' lang='lat' dir='ltr'>ludificabantur</span> <span class='ocrx_word' id='word_1_217' title='bbox 1217 1955 1400 2010; x_wconf 86' lang='lat' dir='ltr'>ingenia.</span> <span class='ocrx_word' id='word_1_218' title='bbox 1460 1955 1597 2010; x_wconf 85' lang='lat' dir='ltr'>Igitur</span> 
     </span>
     <span class='ocr_line' id='line_1_38' title="bbox 145 2013 1597 2068; baseline 0 -14"><span class='ocrx_word' id='word_1_219' title='bbox 145 2013 339 2067; x_wconf 90' lang='lat' dir='ltr'>Othinus,</span> <span class='ocrx_word' id='word_1_220' title='bbox 371 2015 542 2068; x_wconf 87' lang='lat' dir='ltr'>gemina</span> <span class='ocrx_word' id='word_1_221' title='bbox 571 2015 716 2057; x_wconf 84' lang='lat' dir='ltr'>uxoris</span> <span class='ocrx_word' id='word_1_222' title='bbox 746 2015 900 2057; x_wconf 88' lang='lat' dir='ltr'>iniuria</span> <span class='ocrx_word' id='word_1_223' title='bbox 930 2014 1162 2068; x_wconf 89' lang='lat' dir='ltr'>lacessitus,</span> <span class='ocrx_word' id='word_1_224' title='bbox 1194 2013 1298 2055; x_wconf 89' lang='lat' dir='ltr'>haut</span> <span class='ocrx_word' id='word_1_225' title='bbox 1328 2013 1465 2055; x_wconf 91' lang='lat' dir='ltr'>leuius</span> <span class='ocrx_word' id='word_1_226' title='bbox 1495 2014 1597 2054; x_wconf 91' lang='lat' dir='ltr'>ima-</span> 
     </span>
     <span class='ocr_line' id='line_1_39' title="bbox 144 2071 1596 2129; baseline 0.001 -16"><span class='ocrx_word' id='word_1_227' title='bbox 144 2071 255 2126; x_wconf 86' lang='lat' dir='ltr'>ginis</span> <span class='ocrx_word' id='word_1_228' title='bbox 301 2086 375 2114; x_wconf 89' lang='lat' dir='ltr'>sue</span> <span class='ocrx_word' id='word_1_229' title='bbox 422 2087 548 2129; x_wconf 88' lang='lat' dir='ltr'>quam</span> <span class='ocrx_word' id='word_1_230' title='bbox 594 2073 705 2116; x_wconf 88' lang='lat' dir='ltr'>thori</span> <span class='ocrx_word' id='word_1_231' title='bbox 754 2074 916 2116; x_wconf 90' lang='lat' dir='ltr'>lesione</span> <span class='ocrx_word' id='word_1_232' title='bbox 967 2072 1151 2116; x_wconf 85' lang='lat' dir='ltr'>dolebat.</span> <span class='ocrx_word' id='word_1_233' title='bbox 1228 2071 1400 2127; x_wconf 91' lang='lat' dir='ltr'>Duplici</span> <span class='ocrx_word' id='word_1_234' title='bbox 1455 2072 1596 2128; x_wconf 87' lang='lat' dir='ltr'>itaque</span> 
     </span>
     <span class='ocr_line' id='line_1_40' title="bbox 145 2129 1597 2189; baseline 0 -18"><span class='ocrx_word' id='word_1_235' title='bbox 145 2129 312 2172; x_wconf 90' lang='lat' dir='ltr'>ruboris</span> <span class='ocrx_word' id='word_1_236' title='bbox 358 2130 622 2176; x_wconf 73' lang='lat' dir='ltr'>irritamento</span> <span class='ocrx_word' id='word_1_237' title='bbox 670 2132 940 2189; x_wconf 88' lang='lat' dir='ltr'>perstrictus,</span> <span class='ocrx_word' id='word_1_238' title='bbox 987 2132 1159 2188; x_wconf 87' lang='lat' dir='ltr'>plenum</span> <span class='ocrx_word' id='word_1_239' title='bbox 1205 2131 1379 2186; x_wconf 88' lang='lat' dir='ltr'>ingenui</span> <span class='ocrx_word' id='word_1_240' title='bbox 1424 2130 1597 2185; x_wconf 88' lang='lat' dir='ltr'>pudoris</span> 
     </span>
     <span class='ocr_line' id='line_1_41' title="bbox 146 2188 1596 2246; baseline -0.001 -16"><span class='ocrx_word' id='word_1_241' title='bbox 146 2188 321 2230; x_wconf 85' lang='lat' dir='ltr'>exilium</span> <span class='ocrx_word' id='word_1_242' title='bbox 352 2190 530 2246; x_wconf 90' lang='lat' dir='ltr'>carpsit,</span> <span class='ocrx_word' id='word_1_243' title='bbox 572 2204 704 2246; x_wconf 86' lang='lat' dir='ltr'>eoque</span> <span class='ocrx_word' id='word_1_244' title='bbox 735 2205 781 2233; x_wconf 90' lang='lat' dir='ltr'>se</span> <span class='ocrx_word' id='word_1_245' title='bbox 812 2191 1015 2233; x_wconf 87' lang='lat' dir='ltr'>contracti</span> <span class='ocrx_word' id='word_1_246' title='bbox 1046 2188 1262 2232; x_wconf 85' lang='lat' dir='ltr'>dedecoris</span> <span class='ocrx_word' id='word_1_247' title='bbox 1292 2188 1438 2231; x_wconf 88' lang='lat' dir='ltr'>sordes</span> <span class='ocrx_word' id='word_1_248' title='bbox 1468 2188 1596 2230; x_wconf 89' lang='lat' dir='ltr'>aboli-</span> 
     </span>
     <span class='ocr_line' id='line_1_42' title="bbox 146 2248 496 2302; baseline 0.009 -15"><span class='ocrx_word' id='word_1_249' title='bbox 146 2250 285 2288; x_wconf 89' lang='lat' dir='ltr'>turum</span> <span class='ocrx_word' id='word_1_250' title='bbox 317 2248 496 2302; x_wconf 87' lang='lat' dir='ltr'>putauit.</span> 
     </span>
    </p>

    <p class='ocr_par' dir='ltr' id='par_1_17' title="bbox 145 2303 1597 2594">
     <span class='ocr_line' id='line_1_43' title="bbox 281 2303 1594 2363; baseline -0.001 -17"><span class='ocrx_word' id='word_1_251' title='bbox 281 2304 410 2347; x_wconf 85' lang='lat' dir='ltr'>Cuius</span> <span class='ocrx_word' id='word_1_252' title='bbox 459 2320 626 2348; x_wconf 87' lang='lat' dir='ltr'>secessu</span> <span class='ocrx_word' id='word_1_253' title='bbox 674 2306 888 2363; x_wconf 87' lang='lat' dir='ltr'>Mithotyn</span> <span class='ocrx_word' id='word_1_254' title='bbox 938 2306 1109 2362; x_wconf 91' lang='lat' dir='ltr'>quidam</span> <span class='ocrx_word' id='word_1_255' title='bbox 1161 2305 1372 2361; x_wconf 90' lang='lat' dir='ltr'>prestigiis</span> <span class='ocrx_word' id='word_1_256' title='bbox 1415 2303 1594 2353; x_wconf 83' lang='lat' dir='ltr'>celeber,</span> 
     </span>
     <span class='ocr_line' id='line_1_44' title="bbox 146 2362 1596 2421; baseline -0.001 -18"><span class='ocrx_word' id='word_1_257' title='bbox 146 2362 321 2417; x_wconf 90' lang='lat' dir='ltr'>perinde</span> <span class='ocrx_word' id='word_1_258' title='bbox 354 2377 403 2406; x_wconf 89' lang='lat' dir='ltr'>ac</span> <span class='ocrx_word' id='word_1_259' title='bbox 434 2364 579 2407; x_wconf 88' lang='lat' dir='ltr'>celesti</span> <span class='ocrx_word' id='word_1_260' title='bbox 608 2364 812 2408; x_wconf 89' lang='lat' dir='ltr'>beneficio</span> <span class='ocrx_word' id='word_1_261' title='bbox 842 2369 1090 2421; x_wconf 83' lang='lat' dir='ltr'>uegetatus,</span> <span class='ocrx_word' id='word_1_262' title='bbox 1132 2364 1389 2406; x_wconf 87' lang='lat' dir='ltr'>occasionem</span> <span class='ocrx_word' id='word_1_263' title='bbox 1430 2366 1471 2404; x_wconf 90' lang='lat' dir='ltr'>et</span> <span class='ocrx_word' id='word_1_264' title='bbox 1507 2362 1596 2417; x_wconf 92' lang='lat' dir='ltr'>ipse</span> 
     </span>
     <span class='ocr_line' id='line_1_45' title="bbox 145 2420 1595 2478; baseline -0.001 -16"><span class='ocrx_word' id='word_1_265' title='bbox 145 2420 343 2475; x_wconf 86' lang='lat' dir='ltr'>fingende</span> <span class='ocrx_word' id='word_1_266' title='bbox 374 2421 607 2464; x_wconf 89' lang='lat' dir='ltr'>diuinitatis</span> <span class='ocrx_word' id='word_1_267' title='bbox 637 2423 836 2478; x_wconf 87' lang='lat' dir='ltr'>arripuit,</span> <span class='ocrx_word' id='word_1_268' title='bbox 876 2423 1162 2478; x_wconf 89' lang='lat' dir='ltr'>barbarasque</span> <span class='ocrx_word' id='word_1_269' title='bbox 1192 2425 1353 2464; x_wconf 83' lang='lat' dir='ltr'>mentes</span> <span class='ocrx_word' id='word_1_270' title='bbox 1383 2420 1502 2462; x_wconf 88' lang='lat' dir='ltr'>nouis</span> <span class='ocrx_word' id='word_1_271' title='bbox 1532 2433 1595 2461; x_wconf 89' lang='lat' dir='ltr'>er-</span> 
     </span>
     <span class='ocr_line' id='line_1_46' title="bbox 145 2478 1597 2537; baseline 0 -18"><span class='ocrx_word' id='word_1_272' title='bbox 145 2479 250 2520; x_wconf 88' lang='lat' dir='ltr'>roris</span> <span class='ocrx_word' id='word_1_273' title='bbox 280 2480 465 2522; x_wconf 90' lang='lat' dir='ltr'>tenebris</span> <span class='ocrx_word' id='word_1_274' title='bbox 494 2480 765 2535; x_wconf 86' lang='lat' dir='ltr'>circunfusas,</span> <span class='ocrx_word' id='word_1_275' title='bbox 795 2481 1094 2537; x_wconf 86' lang='lat' dir='ltr'>prestigiarum</span> <span class='ocrx_word' id='word_1_276' title='bbox 1114 2480 1238 2522; x_wconf 80' lang='lat' dir='ltr'>fama</span> <span class='ocrx_word' id='word_1_277' title='bbox 1267 2479 1320 2521; x_wconf 90' lang='lat' dir='ltr'>ad</span> <span class='ocrx_word' id='word_1_278' title='bbox 1351 2478 1597 2521; x_wconf 89' lang='lat' dir='ltr'>cerimonias</span> 
     </span>
     <span class='ocr_line' id='line_1_47' title="bbox 147 2537 1597 2594; baseline -0.001 -16"><span class='ocrx_word' id='word_1_279' title='bbox 147 2550 222 2579; x_wconf 91' lang='lat' dir='ltr'>suo</span> <span class='ocrx_word' id='word_1_280' title='bbox 265 2538 423 2580; x_wconf 88' lang='lat' dir='ltr'>nomini</span> <span class='ocrx_word' id='word_1_281' title='bbox 462 2538 763 2594; x_wconf 88' lang='lat' dir='ltr'>persoluendas</span> <span class='ocrx_word' id='word_1_282' title='bbox 801 2539 994 2582; x_wconf 81' lang='lat' dir='ltr'>adduxit.</span> <span class='ocrx_word' id='word_1_283' title='bbox 1055 2538 1141 2581; x_wconf 92' lang='lat' dir='ltr'>Hic</span> <span class='ocrx_word' id='word_1_284' title='bbox 1181 2539 1353 2581; x_wconf 90' lang='lat' dir='ltr'>deorum</span> <span class='ocrx_word' id='word_1_285' title='bbox 1387 2537 1491 2578; x_wconf 91' lang='lat' dir='ltr'>iram</span> <span class='ocrx_word' id='word_1_286' title='bbox 1524 2539 1597 2578; x_wconf 87' lang='lat' dir='ltr'>aut</span> 
     </span>
    </p>
   </div>
   <div class='ocr_carea' id='block_1_16' title="bbox 81 2595 1598 2660">
    <p class='ocr_par' dir='ltr' id='par_1_18' title="bbox 81 2595 1598 2660">
     <span class='ocr_line' id='line_1_48' title="bbox 81 2595 1598 2660; baseline -0.001 -23"><span class='ocrx_word' id='word_1_287' title='bbox 81 2604 119 2637; x_wconf 76' lang='lat'>40</span> <span class='ocrx_word' id='word_1_288' title='bbox 147 2595 368 2643; x_wconf 86' lang='lat' dir='ltr'>numinum</span> <span class='ocrx_word' id='word_1_289' title='bbox 408 2597 685 2645; x_wconf 85' lang='lat' dir='ltr'>uiolacionem</span> <span class='ocrx_word' id='word_1_290' title='bbox 725 2598 907 2643; x_wconf 87' lang='lat' dir='ltr'>confusis</span> <span class='ocrx_word' id='word_1_291' title='bbox 937 2598 1240 2660; x_wconf 78' lang='lat' dir='ltr'>permixtisque</span> <span class='ocrx_word' id='word_1_292' title='bbox 1279 2595 1491 2642; x_wconf 82' lang='lat' dir='ltr'>sacrifieiis</span> <span class='ocrx_word' id='word_1_293' title='bbox 1526 2609 1598 2638; x_wconf 79' lang='lat' dir='ltr'>ex-</span> 
     </span>
    </p>
   </div>
  </div>
 </body>
</html>
