<?xml version="1.0" encoding="UTF-8"?>
<!DOCTYPE html PUBLIC "-//W3C//DTD XHTML 1.0 Transitional//EN"
    "http://www.w3.org/TR/xhtml1/DTD/xhtml1-transitional.dtd">
<html xmlns="http://www.w3.org/1999/xhtml" xml:lang="en" lang="en">
 <head>
  <title>
</title>
<meta http-equiv="Content-Type" content="text/html;charset=utf-8" />
  <meta name='ocr-system' content='tesseract 3.04.00' />
  <meta name='ocr-capabilities' content='ocr_page ocr_carea ocr_par ocr_line ocrx_word'/>
</head>
<body>
  <div class='ocr_page' id='page_1' title='image "./saxonisgrammatic00saxouoft_0675.png"; bbox 0 0 1884 3126; ppageno 0'>
   <div class='ocr_carea' id='block_1_1' title="bbox 25 909 62 937">
    <p class='ocr_par' dir='ltr' id='par_1_1' title="bbox 25 909 62 937">
     <span class='ocr_line' id='line_1_1' title="bbox 25 909 62 937; baseline 0 0"><span class='ocrx_word' id='word_1_1' title='bbox 25 909 62 937; x_wconf 91' lang='lat'>10</span> 
     </span>
    </p>
   </div>
   <div class='ocr_carea' id='block_1_2' title="bbox 24 1201 61 1228">
    <p class='ocr_par' dir='ltr' id='par_1_2' title="bbox 24 1201 61 1228">
     <span class='ocr_line' id='line_1_2' title="bbox 24 1201 61 1228; baseline -0.027 0"><span class='ocrx_word' id='word_1_2' title='bbox 24 1201 61 1228; x_wconf 88' lang='grc'>15</span> 
     </span>
    </p>
   </div>
   <div class='ocr_carea' id='block_1_3' title="bbox 44 2650 62 2677">
    <p class='ocr_par' dir='ltr' id='par_1_3' title="bbox 44 2650 62 2677">
     <span class='ocr_line' id='line_1_3' title="bbox 44 2650 62 2677; baseline 0 0"><span class='ocrx_word' id='word_1_3' title='bbox 44 2650 62 2677; x_wconf 93' lang='lat'>0</span> 
     </span>
    </p>
   </div>
   <div class='ocr_carea' id='block_1_4' title="bbox 636 247 1547 293">
    <p class='ocr_par' dir='ltr' id='par_1_4' title="bbox 636 247 1547 293">
     <span class='ocr_line' id='line_1_4' title="bbox 636 247 1547 293; baseline 0.005 -5"><span class='ocrx_word' id='word_1_4' title='bbox 636 270 690 276; x_wconf 89' lang='lat'>—</span> <span class='ocrx_word' id='word_1_5' title='bbox 752 247 890 290; x_wconf 90' lang='lat' dir='ltr'><strong>XIIII</strong></span> <span class='ocrx_word' id='word_1_6' title='bbox 950 273 1002 279; x_wconf 88' lang='lat'>—-</span> <span class='ocrx_word' id='word_1_7' title='bbox 1462 251 1547 293; x_wconf 89' lang='lat'>581</span> 
     </span>
    </p>
   </div>
   <div class='ocr_carea' id='block_1_5' title="bbox 92 374 1550 2345">
    <p class='ocr_par' dir='ltr' id='par_1_5' title="bbox 92 374 1550 2345">
     <span class='ocr_line' id='line_1_5' title="bbox 97 374 1542 433; baseline 0.003 -17"><span class='ocrx_word' id='word_1_8' title='bbox 97 374 236 416; x_wconf 92' lang='lat' dir='ltr'>studio</span> <span class='ocrx_word' id='word_1_9' title='bbox 270 374 428 430; x_wconf 88' lang='lat' dir='ltr'>passim</span> <span class='ocrx_word' id='word_1_10' title='bbox 460 374 674 416; x_wconf 78' lang='lat' dir='ltr'>littoribus</span> <span class='ocrx_word' id='word_1_11' title='bbox 706 376 916 431; x_wconf 87' lang='lat' dir='ltr'>applicata</span> <span class='ocrx_word' id='word_1_12' title='bbox 949 378 1270 433; x_wconf 82' lang='lat' dir='ltr'>conspexerint,</span> <span class='ocrx_word' id='word_1_13' title='bbox 1313 378 1542 433; x_wconf 86' lang='lat' dir='ltr'>improuiso</span> 
     </span>
     <span class='ocr_line' id='line_1_6' title="bbox 97 432 1549 492; baseline 0.003 -18"><span class='ocrx_word' id='word_1_14' title='bbox 97 446 269 474; x_wconf 88' lang='lat' dir='ltr'>recursu</span> <span class='ocrx_word' id='word_1_15' title='bbox 302 432 476 474; x_wconf 86' lang='lat' dir='ltr'>latebris</span> <span class='ocrx_word' id='word_1_16' title='bbox 508 439 804 488; x_wconf 82' lang='lat' dir='ltr'>erumpentes,</span> <span class='ocrx_word' id='word_1_17' title='bbox 840 435 988 477; x_wconf 88' lang='lat' dir='ltr'>eadem</span> <span class='ocrx_word' id='word_1_18' title='bbox 1022 435 1201 477; x_wconf 87' lang='lat' dir='ltr'>brachiis</span> <span class='ocrx_word' id='word_1_19' title='bbox 1233 450 1309 492; x_wconf 90' lang='lat' dir='ltr'>per</span> <span class='ocrx_word' id='word_1_20' title='bbox 1340 436 1457 478; x_wconf 86' lang='lat' dir='ltr'>foros</span> <span class='ocrx_word' id='word_1_21' title='bbox 1487 437 1549 478; x_wconf 91' lang='lat' dir='ltr'>in-</span> 
     </span>
     <span class='ocr_line' id='line_1_7' title="bbox 96 491 1548 549; baseline 0.003 -17"><span class='ocrx_word' id='word_1_22' title='bbox 96 491 214 533; x_wconf 85' lang='lat' dir='ltr'>iectis</span> <span class='ocrx_word' id='word_1_23' title='bbox 256 491 524 545; x_wconf 86' lang='lat' dir='ltr'>apprehensa</span> <span class='ocrx_word' id='word_1_24' title='bbox 566 491 836 544; x_wconf 78' lang='lat' dir='ltr'>subducant,</span> <span class='ocrx_word' id='word_1_25' title='bbox 868 492 1190 549; x_wconf 89' lang='lat' dir='ltr'>subductaque,</span> <span class='ocrx_word' id='word_1_26' title='bbox 1223 495 1363 536; x_wconf 91' lang='lat' dir='ltr'>nautis</span> <span class='ocrx_word' id='word_1_27' title='bbox 1396 495 1548 549; x_wconf 87' lang='lat' dir='ltr'>partim</span> 
     </span>
     <span class='ocr_line' id='line_1_8' title="bbox 98 548 1550 607; baseline 0.003 -17"><span class='ocrx_word' id='word_1_28' title='bbox 98 548 300 605; x_wconf 90' lang='lat' dir='ltr'>lapidum,</span> <span class='ocrx_word' id='word_1_29' title='bbox 335 549 486 602; x_wconf 88' lang='lat' dir='ltr'>partim</span> <span class='ocrx_word' id='word_1_30' title='bbox 521 549 703 590; x_wconf 85' lang='lat' dir='ltr'>telorum</span> <span class='ocrx_word' id='word_1_31' title='bbox 739 551 895 605; x_wconf 88' lang='lat' dir='ltr'>nymbo</span> <span class='ocrx_word' id='word_1_32' title='bbox 939 551 1122 601; x_wconf 86' lang='lat' dir='ltr'>obrutis,</span> <span class='ocrx_word' id='word_1_33' title='bbox 1165 552 1276 593; x_wconf 89' lang='lat' dir='ltr'>ferro</span> <span class='ocrx_word' id='word_1_34' title='bbox 1309 553 1550 607; x_wconf 83' lang='lat' dir='ltr'>perfodiant</span> 
     </span>
     <span class='ocr_line' id='line_1_9' title="bbox 95 606 1547 665; baseline 0.003 -17"><span class='ocrx_word' id='word_1_35' title='bbox 95 621 144 649; x_wconf 89' lang='lat' dir='ltr'>ac</span> <span class='ocrx_word' id='word_1_36' title='bbox 187 606 343 648; x_wconf 82' lang='lat' dir='ltr'>crebris</span> <span class='ocrx_word' id='word_1_37' title='bbox 390 606 668 648; x_wconf 83' lang='lat' dir='ltr'>foraminibus</span> <span class='ocrx_word' id='word_1_38' title='bbox 716 607 954 650; x_wconf 77' lang='lat' dir='ltr'>absumant.</span> <span class='ocrx_word' id='word_1_39' title='bbox 1007 608 1122 660; x_wconf 63' lang='lat' dir='ltr'>⁴Hos</span> <span class='ocrx_word' id='word_1_40' title='bbox 1167 610 1337 665; x_wconf 87' lang='lat' dir='ltr'>itaque,</span> <span class='ocrx_word' id='word_1_41' title='bbox 1380 611 1547 653; x_wconf 89' lang='lat' dir='ltr'>tametsi</span> 
     </span>
     <span class='ocr_line' id='line_1_10' title="bbox 95 664 1547 723; baseline 0.003 -17"><span class='ocrx_word' id='word_1_42' title='bbox 95 665 244 719; x_wconf 88' lang='lat' dir='ltr'>fugere</span> <span class='ocrx_word' id='word_1_43' title='bbox 285 664 535 719; x_wconf 89' lang='lat' dir='ltr'>uideantur,</span> <span class='ocrx_word' id='word_1_44' title='bbox 568 664 737 706; x_wconf 88' lang='lat' dir='ltr'>auidius</span> <span class='ocrx_word' id='word_1_45' title='bbox 769 666 1059 722; x_wconf 86' lang='lat' dir='ltr'>insequendos</span> <span class='ocrx_word' id='word_1_46' title='bbox 1091 681 1177 708; x_wconf 91' lang='lat' dir='ltr'>non</span> <span class='ocrx_word' id='word_1_47' title='bbox 1219 682 1332 718; x_wconf 81' lang='lat' dir='ltr'>esse,</span> <span class='ocrx_word' id='word_1_48' title='bbox 1365 682 1547 723; x_wconf 87' lang='lat' dir='ltr'>quorum</span> 
     </span>
     <span class='ocr_line' id='line_1_11' title="bbox 94 722 1548 781; baseline 0.003 -18"><span class='ocrx_word' id='word_1_49' title='bbox 94 737 180 764; x_wconf 89' lang='lat' dir='ltr'>non</span> <span class='ocrx_word' id='word_1_50' title='bbox 212 723 350 764; x_wconf 89' lang='lat' dir='ltr'>minus</span> <span class='ocrx_word' id='word_1_51' title='bbox 382 722 485 777; x_wconf 85' lang='lat' dir='ltr'>fuga</span> <span class='ocrx_word' id='word_1_52' title='bbox 518 737 644 778; x_wconf 89' lang='lat' dir='ltr'>quam</span> <span class='ocrx_word' id='word_1_53' title='bbox 678 723 862 779; x_wconf 87' lang='lat' dir='ltr'>impetus</span> <span class='ocrx_word' id='word_1_54' title='bbox 884 725 1014 765; x_wconf 87' lang='lat' dir='ltr'>metui</span> <span class='ocrx_word' id='word_1_55' title='bbox 1047 725 1224 779; x_wconf 89' lang='lat' dir='ltr'>debeat;</span> <span class='ocrx_word' id='word_1_56' title='bbox 1258 739 1397 780; x_wconf 89' lang='lat' dir='ltr'>neque</span> <span class='ocrx_word' id='word_1_57' title='bbox 1428 731 1548 781; x_wconf 85' lang='lat' dir='ltr'>terga</span> 
     </span>
     <span class='ocr_line' id='line_1_12' title="bbox 94 779 1546 838; baseline 0.003 -16"><span class='ocrx_word' id='word_1_58' title='bbox 94 780 370 836; x_wconf 76' lang='lat' dir='ltr'>prebentibus</span> <span class='ocrx_word' id='word_1_59' title='bbox 413 795 677 836; x_wconf 89' lang='lat' dir='ltr'>prepropere</span> <span class='ocrx_word' id='word_1_60' title='bbox 719 781 1010 837; x_wconf 86' lang='lat' dir='ltr'>innitendum,</span> <span class='ocrx_word' id='word_1_61' title='bbox 1051 783 1123 824; x_wconf 91' lang='lat' dir='ltr'>sed</span> <span class='ocrx_word' id='word_1_62' title='bbox 1166 784 1314 838; x_wconf 83' lang='lat' dir='ltr'>pocius</span> <span class='ocrx_word' id='word_1_63' title='bbox 1356 789 1397 825; x_wconf 91' lang='lat' dir='ltr'>et</span> <span class='ocrx_word' id='word_1_64' title='bbox 1427 779 1546 827; x_wconf 87' lang='lat' dir='ltr'>littus</span> 
     </span>
     <span class='ocr_line' id='line_1_13' title="bbox 94 839 1547 895; baseline 0.002 -15"><span class='ocrx_word' id='word_1_65' title='bbox 94 839 332 894; x_wconf 89' lang='lat' dir='ltr'>composito</span> <span class='ocrx_word' id='word_1_66' title='bbox 365 839 655 894; x_wconf 86' lang='lat' dir='ltr'>nauigacionis</span> <span class='ocrx_word' id='word_1_67' title='bbox 688 853 844 894; x_wconf 83' lang='lat' dir='ltr'>genere</span> <span class='ocrx_word' id='word_1_68' title='bbox 876 840 1109 895; x_wconf 88' lang='lat' dir='ltr'>petendum</span> <span class='ocrx_word' id='word_1_69' title='bbox 1142 847 1183 882; x_wconf 86' lang='lat' dir='ltr'>et</span> <span class='ocrx_word' id='word_1_70' title='bbox 1215 842 1256 883; x_wconf 92' lang='lat' dir='ltr'>in</span> <span class='ocrx_word' id='word_1_71' title='bbox 1290 842 1423 883; x_wconf 89' lang='lat' dir='ltr'>aciem</span> <span class='ocrx_word' id='word_1_72' title='bbox 1454 843 1547 883; x_wconf 90' lang='lat' dir='ltr'>iun-</span> 
     </span>
     <span class='ocr_line' id='line_1_14' title="bbox 94 897 1547 954; baseline 0.002 -16"><span class='ocrx_word' id='word_1_73' title='bbox 94 898 171 939; x_wconf 90' lang='lat' dir='ltr'>ctis</span> <span class='ocrx_word' id='word_1_74' title='bbox 216 897 432 952; x_wconf 86' lang='lat' dir='ltr'>pacienter</span> <span class='ocrx_word' id='word_1_75' title='bbox 475 897 693 939; x_wconf 85' lang='lat' dir='ltr'>ordinibus</span> <span class='ocrx_word' id='word_1_76' title='bbox 737 897 1095 940; x_wconf 86' lang='lat' dir='ltr'>descendendum.</span> <span class='ocrx_word' id='word_1_77' title='bbox 1180 899 1274 941; x_wconf 84' lang='lat' dir='ltr'>Hec</span> <span class='ocrx_word' id='word_1_78' title='bbox 1323 901 1547 954; x_wconf 82' lang='lat' dir='ltr'>agentibus</span> 
     </span>
     <span class='ocr_line' id='line_1_15' title="bbox 95 954 1547 1013; baseline 0.003 -18"><span class='ocrx_word' id='word_1_79' title='bbox 95 956 135 996; x_wconf 90' lang='lat' dir='ltr'>in</span> <span class='ocrx_word' id='word_1_80' title='bbox 185 954 389 1010; x_wconf 83' lang='lat' dir='ltr'>expedito</span> <span class='ocrx_word' id='word_1_81' title='bbox 438 956 658 998; x_wconf 87' lang='lat' dir='ltr'>uictoriam</span> <span class='ocrx_word' id='word_1_82' title='bbox 705 955 818 1007; x_wconf 86' lang='lat' dir='ltr'>fore,</span> <span class='ocrx_word' id='word_1_83' title='bbox 866 956 978 1010; x_wconf 91' lang='lat' dir='ltr'>quod</span> <span class='ocrx_word' id='word_1_84' title='bbox 1020 957 1199 1011; x_wconf 84' lang='lat' dir='ltr'>inermes</span> <span class='ocrx_word' id='word_1_85' title='bbox 1239 958 1297 998; x_wconf 88' lang='lat' dir='ltr'>illi</span> <span class='ocrx_word' id='word_1_86' title='bbox 1338 958 1547 1013; x_wconf 87' lang='lat' dir='ltr'>nudisque</span> 
     </span>
     <span class='ocr_line' id='line_1_16' title="bbox 94 1013 1545 1071; baseline 0.001 -16"><span class='ocrx_word' id='word_1_87' title='bbox 94 1027 205 1068; x_wconf 90' lang='lat' dir='ltr'>pene</span> <span class='ocrx_word' id='word_1_88' title='bbox 236 1013 485 1068; x_wconf 89' lang='lat' dir='ltr'>corporibus</span> <span class='ocrx_word' id='word_1_89' title='bbox 518 1014 765 1055; x_wconf 87' lang='lat' dir='ltr'>dimicantes</span> <span class='ocrx_word' id='word_1_90' title='bbox 809 1014 906 1068; x_wconf 91' lang='lat' dir='ltr'>plus</span> <span class='ocrx_word' id='word_1_91' title='bbox 939 1018 1031 1055; x_wconf 87' lang='lat' dir='ltr'>astu</span> <span class='ocrx_word' id='word_1_92' title='bbox 1066 1029 1193 1070; x_wconf 82' lang='lat' dir='ltr'>quam</span> <span class='ocrx_word' id='word_1_93' title='bbox 1226 1021 1438 1071; x_wconf 86' lang='lat' dir='ltr'>apparatu</span> <span class='ocrx_word' id='word_1_94' title='bbox 1471 1017 1545 1057; x_wconf 89' lang='lat' dir='ltr'>niti</span> 
     </span>
     <span class='ocr_line' id='line_1_17' title="bbox 95 1071 1545 1128; baseline 0.001 -15"><span class='ocrx_word' id='word_1_95' title='bbox 95 1072 276 1114; x_wconf 85' lang='lat' dir='ltr'>soleant.</span> <span class='ocrx_word' id='word_1_96' title='bbox 339 1071 419 1112; x_wconf 89' lang='lat' dir='ltr'>His</span> <span class='ocrx_word' id='word_1_97' title='bbox 452 1072 622 1113; x_wconf 89' lang='lat' dir='ltr'>monitis</span> <span class='ocrx_word' id='word_1_98' title='bbox 654 1072 960 1114; x_wconf 85' lang='lat' dir='ltr'>incalescentes</span> <span class='ocrx_word' id='word_1_99' title='bbox 1007 1087 1051 1113; x_wconf 90' lang='lat' dir='ltr'>se</span> <span class='ocrx_word' id='word_1_100' title='bbox 1084 1073 1123 1113; x_wconf 92' lang='lat' dir='ltr'>in</span> <span class='ocrx_word' id='word_1_101' title='bbox 1159 1073 1381 1115; x_wconf 87' lang='lat' dir='ltr'>Olandiam</span> <span class='ocrx_word' id='word_1_102' title='bbox 1414 1088 1545 1128; x_wconf 90' lang='lat' dir='ltr'>appu-</span> 
     </span>
     <span class='ocr_line' id='line_1_18' title="bbox 94 1129 1547 1186; baseline 0.002 -17"><span class='ocrx_word' id='word_1_103' title='bbox 94 1129 250 1171; x_wconf 91' lang='lat' dir='ltr'>lerunt.</span> <span class='ocrx_word' id='word_1_104' title='bbox 324 1129 484 1171; x_wconf 89' lang='lat' dir='ltr'>Verum</span> <span class='ocrx_word' id='word_1_105' title='bbox 530 1143 774 1186; x_wconf 89' lang='lat' dir='ltr'>quanquam</span> <span class='ocrx_word' id='word_1_106' title='bbox 815 1130 1004 1172; x_wconf 82' lang='lat' dir='ltr'>Sueones</span> <span class='ocrx_word' id='word_1_107' title='bbox 1052 1146 1100 1172; x_wconf 89' lang='lat' dir='ltr'>ac</span> <span class='ocrx_word' id='word_1_108' title='bbox 1146 1131 1259 1172; x_wconf 83' lang='lat' dir='ltr'>Dani</span> <span class='ocrx_word' id='word_1_109' title='bbox 1304 1131 1547 1173; x_wconf 86' lang='lat' dir='ltr'>inimicicias</span> 
     </span>
     <span class='ocr_line' id='line_1_19' title="bbox 92 1187 1548 1243; baseline 0 -14"><span class='ocrx_word' id='word_1_110' title='bbox 92 1191 318 1242; x_wconf 82' lang='lat' dir='ltr'>gererent,</span> <span class='ocrx_word' id='word_1_111' title='bbox 363 1203 417 1229; x_wconf 91' lang='lat' dir='ltr'>ne</span> <span class='ocrx_word' id='word_1_112' title='bbox 462 1187 718 1229; x_wconf 85' lang='lat' dir='ltr'>destinatam</span> <span class='ocrx_word' id='word_1_113' title='bbox 749 1189 927 1243; x_wconf 84' lang='lat' dir='ltr'>paganis</span> <span class='ocrx_word' id='word_1_114' title='bbox 961 1188 1123 1229; x_wconf 77' lang='lat' dir='ltr'>cladem</span> <span class='ocrx_word' id='word_1_115' title='bbox 1157 1189 1404 1231; x_wconf 80' lang='lat' dir='ltr'>Christianis</span> <span class='ocrx_word' id='word_1_116' title='bbox 1441 1190 1548 1231; x_wconf 88' lang='lat' dir='ltr'>infli-</span> 
     </span>
     <span class='ocr_line' id='line_1_20' title="bbox 94 1246 1543 1301; baseline 0.002 -14"><span class='ocrx_word' id='word_1_117' title='bbox 94 1250 258 1300; x_wconf 86' lang='lat' dir='ltr'>gerent,</span> <span class='ocrx_word' id='word_1_118' title='bbox 290 1246 427 1288; x_wconf 90' lang='lat' dir='ltr'>insule</span> <span class='ocrx_word' id='word_1_119' title='bbox 459 1246 719 1301; x_wconf 90' lang='lat' dir='ltr'>parcendum</span> <span class='ocrx_word' id='word_1_120' title='bbox 752 1246 988 1297; x_wconf 89' lang='lat' dir='ltr'>duxerunt,</span> <span class='ocrx_word' id='word_1_121' title='bbox 1028 1247 1244 1301; x_wconf 83' lang='lat' dir='ltr'>religionis</span> <span class='ocrx_word' id='word_1_122' title='bbox 1278 1247 1543 1290; x_wconf 88' lang='lat' dir='ltr'>concordiam</span> 
     </span>
     <span class='ocr_line' id='line_1_21' title="bbox 93 1303 1546 1361; baseline 0.002 -17"><span class='ocrx_word' id='word_1_123' title='bbox 93 1317 322 1358; x_wconf 86' lang='lat' dir='ltr'>regnorum</span> <span class='ocrx_word' id='word_1_124' title='bbox 356 1304 461 1345; x_wconf 91' lang='lat' dir='ltr'>odiis</span> <span class='ocrx_word' id='word_1_125' title='bbox 493 1304 770 1360; x_wconf 85' lang='lat' dir='ltr'>preferentes.</span> <span class='ocrx_word' id='word_1_126' title='bbox 833 1303 917 1345; x_wconf 89' lang='lat' dir='ltr'>Hic</span> <span class='ocrx_word' id='word_1_127' title='bbox 959 1304 1012 1345; x_wconf 89' lang='lat' dir='ltr'>ab</span> <span class='ocrx_word' id='word_1_128' title='bbox 1045 1305 1271 1360; x_wconf 90' lang='lat' dir='ltr'>indigenis,</span> <span class='ocrx_word' id='word_1_129' title='bbox 1316 1306 1546 1361; x_wconf 79' lang='lat' dir='ltr'>permixtos</span> 
     </span>
     <span class='ocr_line' id='line_1_22' title="bbox 94 1361 1546 1419; baseline 0.001 -16"><span class='ocrx_word' id='word_1_130' title='bbox 94 1361 324 1404; x_wconf 88' lang='lat' dir='ltr'>Estonibus</span> <span class='ocrx_word' id='word_1_131' title='bbox 367 1362 502 1404; x_wconf 83' lang='lat' dir='ltr'>Curos</span> <span class='ocrx_word' id='word_1_132' title='bbox 544 1363 783 1418; x_wconf 85' lang='lat' dir='ltr'>propinquo</span> <span class='ocrx_word' id='word_1_133' title='bbox 816 1362 858 1403; x_wconf 89' lang='lat' dir='ltr'>in</span> <span class='ocrx_word' id='word_1_134' title='bbox 899 1367 1026 1418; x_wconf 90' lang='lat' dir='ltr'>portu</span> <span class='ocrx_word' id='word_1_135' title='bbox 1057 1365 1291 1419; x_wconf 88' lang='lat' dir='ltr'>pyraticam</span> <span class='ocrx_word' id='word_1_136' title='bbox 1335 1377 1546 1415; x_wconf 84' lang='lat' dir='ltr'>exercere,</span> 
     </span>
     <span class='ocr_line' id='line_1_23' title="bbox 93 1419 1545 1477; baseline 0.001 -17"><span class='ocrx_word' id='word_1_137' title='bbox 93 1419 307 1474; x_wconf 89' lang='lat' dir='ltr'>perdocti,</span> <span class='ocrx_word' id='word_1_138' title='bbox 354 1420 587 1461; x_wconf 89' lang='lat' dir='ltr'>indicatum</span> <span class='ocrx_word' id='word_1_139' title='bbox 634 1421 711 1462; x_wconf 89' lang='lat' dir='ltr'>sibi</span> <span class='ocrx_word' id='word_1_140' title='bbox 758 1421 916 1474; x_wconf 90' lang='lat' dir='ltr'>locum,</span> <span class='ocrx_word' id='word_1_141' title='bbox 964 1425 1030 1470; x_wconf 42' lang='lat' dir='ltr'>ut,</span> <span class='ocrx_word' id='word_1_142' title='bbox 1058 1422 1209 1477; x_wconf 87' lang='lat' dir='ltr'>cuique</span> <span class='ocrx_word' id='word_1_143' title='bbox 1255 1422 1545 1475; x_wconf 87' lang='lat' dir='ltr'>nauigacionis</span> 
     </span>
     <span class='ocr_line' id='line_1_24' title="bbox 93 1478 1545 1535; baseline 0.002 -17"><span class='ocrx_word' id='word_1_144' title='bbox 93 1478 285 1520; x_wconf 87' lang='lat' dir='ltr'>celeritas</span> <span class='ocrx_word' id='word_1_145' title='bbox 317 1479 593 1534; x_wconf 83' lang='lat' dir='ltr'>suppetebat,</span> <span class='ocrx_word' id='word_1_146' title='bbox 626 1493 717 1520; x_wconf 88' lang='lat' dir='ltr'>cum</span> <span class='ocrx_word' id='word_1_147' title='bbox 745 1484 991 1535; x_wconf 86' lang='lat' dir='ltr'>contemptu</span> <span class='ocrx_word' id='word_1_148' title='bbox 1013 1479 1211 1532; x_wconf 89' lang='lat' dir='ltr'>hostium,</span> <span class='ocrx_word' id='word_1_149' title='bbox 1233 1480 1340 1533; x_wconf 87' lang='lat' dir='ltr'>regii</span> <span class='ocrx_word' id='word_1_150' title='bbox 1362 1479 1545 1521; x_wconf 87' lang='lat' dir='ltr'>monitus</span> 
     </span>
     <span class='ocr_line' id='line_1_25' title="bbox 93 1537 1545 1592; baseline 0.001 -16"><span class='ocrx_word' id='word_1_151' title='bbox 93 1537 384 1590; x_wconf 87' lang='lat' dir='ltr'>immemores,</span> <span class='ocrx_word' id='word_1_152' title='bbox 426 1537 616 1579; x_wconf 84' lang='lat' dir='ltr'>certatim</span> <span class='ocrx_word' id='word_1_153' title='bbox 661 1537 913 1578; x_wconf 86' lang='lat' dir='ltr'>subintrant.</span> <span class='ocrx_word' id='word_1_154' title='bbox 986 1537 1081 1585; x_wconf 80' lang='lat' dir='ltr'>Quo</span> <span class='ocrx_word' id='word_1_155' title='bbox 1130 1538 1245 1587; x_wconf 89' lang='lat' dir='ltr'>uiso,</span> <span class='ocrx_word' id='word_1_156' title='bbox 1287 1538 1545 1592; x_wconf 84' lang='lat' dir='ltr'>speculatrix</span> 
     </span>
     <span class='ocr_line' id='line_1_26' title="bbox 94 1593 1543 1651; baseline 0.001 -16"><span class='ocrx_word' id='word_1_157' title='bbox 94 1593 303 1635; x_wconf 80' lang='lat' dir='ltr'>Estonum</span> <span class='ocrx_word' id='word_1_158' title='bbox 336 1595 437 1636; x_wconf 88' lang='lat' dir='ltr'>ratis</span> <span class='ocrx_word' id='word_1_159' title='bbox 479 1595 655 1649; x_wconf 89' lang='lat' dir='ltr'>remigio</span> <span class='ocrx_word' id='word_1_160' title='bbox 699 1597 740 1636; x_wconf 87' lang='lat' dir='ltr'>in</span> <span class='ocrx_word' id='word_1_161' title='bbox 775 1595 907 1636; x_wconf 83' lang='lat' dir='ltr'>altum</span> <span class='ocrx_word' id='word_1_162' title='bbox 940 1596 1149 1648; x_wconf 81' lang='lat' dir='ltr'>excessit,</span> <span class='ocrx_word' id='word_1_163' title='bbox 1183 1596 1395 1651; x_wconf 89' lang='lat' dir='ltr'>obuiaque</span> <span class='ocrx_word' id='word_1_164' title='bbox 1427 1595 1543 1636; x_wconf 85' lang='lat' dir='ltr'>naui-</span> 
     </span>
     <span class='ocr_line' id='line_1_27' title="bbox 93 1652 1542 1707; baseline 0.001 -15"><span class='ocrx_word' id='word_1_165' title='bbox 93 1653 269 1706; x_wconf 82' lang='lat' dir='ltr'>gacione</span> <span class='ocrx_word' id='word_1_166' title='bbox 302 1652 516 1707; x_wconf 81' lang='lat' dir='ltr'>diffugere</span> <span class='ocrx_word' id='word_1_167' title='bbox 548 1659 672 1707; x_wconf 80' lang='lat' dir='ltr'>quam</span> <span class='ocrx_word' id='word_1_168' title='bbox 705 1653 818 1695; x_wconf 88' lang='lat' dir='ltr'>socie</span> <span class='ocrx_word' id='word_1_169' title='bbox 850 1653 973 1694; x_wconf 90' lang='lat' dir='ltr'>classi</span> <span class='ocrx_word' id='word_1_170' title='bbox 998 1653 1186 1695; x_wconf 89' lang='lat' dir='ltr'>uisorum</span> <span class='ocrx_word' id='word_1_171' title='bbox 1218 1654 1419 1694; x_wconf 91' lang='lat' dir='ltr'>nuncium</span> <span class='ocrx_word' id='word_1_172' title='bbox 1446 1653 1451 1703; x_wconf 91' lang='grc'>1</span> <span class='ocrx_word' id='word_1_173' title='bbox 1480 1653 1542 1694; x_wconf 92' lang='lat' dir='ltr'>af-</span> 
     </span>
     <span class='ocr_line' id='line_1_28' title="bbox 94 1710 1542 1767; baseline 0.001 -16"><span class='ocrx_word' id='word_1_174' title='bbox 94 1710 206 1751; x_wconf 84' lang='lat' dir='ltr'>ferre</span> <span class='ocrx_word' id='word_1_175' title='bbox 238 1711 398 1752; x_wconf 90' lang='lat' dir='ltr'>maluit.</span> <span class='ocrx_word' id='word_1_176' title='bbox 442 1711 567 1759; x_wconf 84' lang='lat' dir='ltr'>Quod</span> <span class='ocrx_word' id='word_1_177' title='bbox 602 1711 754 1767; x_wconf 89' lang='lat' dir='ltr'>reliqui</span> <span class='ocrx_word' id='word_1_178' title='bbox 786 1716 1028 1765; x_wconf 86' lang='lat' dir='ltr'>pyratarum</span> <span class='ocrx_word' id='word_1_179' title='bbox 1053 1712 1232 1767; x_wconf 83' lang='lat' dir='ltr'>experti,</span> <span class='ocrx_word' id='word_1_180' title='bbox 1265 1710 1481 1752; x_wconf 88' lang='lat' dir='ltr'>subductis</span> <span class='ocrx_word' id='word_1_181' title='bbox 1502 1712 1542 1752; x_wconf 91' lang='lat' dir='ltr'>in</span> 
     </span>
     <span class='ocr_line' id='line_1_29' title="bbox 94 1768 1542 1825; baseline 0.001 -16"><span class='ocrx_word' id='word_1_182' title='bbox 94 1769 380 1811; x_wconf 88' lang='lat' dir='ltr'>continentem</span> <span class='ocrx_word' id='word_1_183' title='bbox 415 1769 611 1824; x_wconf 85' lang='lat' dir='ltr'>nauigiis,</span> <span class='ocrx_word' id='word_1_184' title='bbox 646 1769 698 1811; x_wconf 93' lang='lat' dir='ltr'>de</span> <span class='ocrx_word' id='word_1_185' title='bbox 728 1769 938 1811; x_wconf 87' lang='lat' dir='ltr'>industria</span> <span class='ocrx_word' id='word_1_186' title='bbox 969 1784 1016 1811; x_wconf 91' lang='lat' dir='ltr'>se</span> <span class='ocrx_word' id='word_1_187' title='bbox 1047 1770 1285 1825; x_wconf 87' lang='lat' dir='ltr'>propinque</span> <span class='ocrx_word' id='word_1_188' title='bbox 1317 1769 1424 1811; x_wconf 88' lang='lat' dir='ltr'>silue</span> <span class='ocrx_word' id='word_1_189' title='bbox 1455 1768 1542 1810; x_wconf 87' lang='lat' dir='ltr'>fru-</span> 
     </span>
     <span class='ocr_line' id='line_1_30' title="bbox 94 1826 1548 1882; baseline 0.001 -15"><span class='ocrx_word' id='word_1_190' title='bbox 94 1826 244 1868; x_wconf 89' lang='lat' dir='ltr'>ticibus</span> <span class='ocrx_word' id='word_1_191' title='bbox 289 1827 505 1869; x_wconf 88' lang='lat' dir='ltr'>occultare</span> <span class='ocrx_word' id='word_1_192' title='bbox 551 1831 768 1882; x_wconf 90' lang='lat' dir='ltr'>ceperunt.</span> <span class='ocrx_word' id='word_1_193' title='bbox 833 1827 1023 1874; x_wconf 81' lang='lat' dir='ltr'>Quorum</span> <span class='ocrx_word' id='word_1_194' title='bbox 1066 1831 1349 1868; x_wconf 89' lang='lat' dir='ltr'>commentum</span> <span class='ocrx_word' id='word_1_195' title='bbox 1401 1827 1548 1868; x_wconf 81' lang='lat' dir='ltr'>Sueno.</span> 
     </span>
     <span class='ocr_line' id='line_1_31' title="bbox 93 1884 1541 1940; baseline 0 -15"><span class='ocrx_word' id='word_1_196' title='bbox 93 1884 313 1940; x_wconf 67' lang='lat' dir='ltr'>Scolingus</span> <span class='ocrx_word' id='word_1_197' title='bbox 346 1890 387 1927; x_wconf 92' lang='lat' dir='ltr'>et</span> <span class='ocrx_word' id='word_1_198' title='bbox 418 1885 622 1927; x_wconf 83' lang='lat' dir='ltr'>Nicolaus</span> <span class='ocrx_word' id='word_1_199' title='bbox 646 1885 932 1927; x_wconf 59' lang='lat' dir='ltr'>WVendilensis</span> <span class='ocrx_word' id='word_1_200' title='bbox 955 1884 1069 1927; x_wconf 87' lang='lat' dir='ltr'>haud</span> <span class='ocrx_word' id='word_1_201' title='bbox 1102 1885 1253 1926; x_wconf 88' lang='lat' dir='ltr'>callide</span> <span class='ocrx_word' id='word_1_202' title='bbox 1287 1885 1541 1937; x_wconf 85' lang='lat' dir='ltr'>estimantes,</span> 
     </span>
     <span class='ocr_line' id='line_1_32' title="bbox 94 1942 1543 1998; baseline 0 -15"><span class='ocrx_word' id='word_1_203' title='bbox 94 1942 336 1984; x_wconf 89' lang='lat' dir='ltr'>uehementi</span> <span class='ocrx_word' id='word_1_204' title='bbox 368 1957 579 1985; x_wconf 90' lang='lat' dir='ltr'>remorum</span> <span class='ocrx_word' id='word_1_205' title='bbox 613 1944 796 1998; x_wconf 89' lang='lat' dir='ltr'>impulsu</span> <span class='ocrx_word' id='word_1_206' title='bbox 830 1943 1049 1985; x_wconf 91' lang='lat' dir='ltr'>concitatis</span> <span class='ocrx_word' id='word_1_207' title='bbox 1082 1943 1285 1996; x_wconf 86' lang='lat' dir='ltr'>nauigiis,</span> <span class='ocrx_word' id='word_1_208' title='bbox 1328 1957 1422 1984; x_wconf 90' lang='lat' dir='ltr'>cum</span> <span class='ocrx_word' id='word_1_209' title='bbox 1455 1942 1543 1983; x_wconf 91' lang='lat' dir='ltr'>uni-</span> 
     </span>
     <span class='ocr_line' id='line_1_33' title="bbox 94 2000 1543 2056; baseline 0 -15"><span class='ocrx_word' id='word_1_210' title='bbox 94 2001 229 2042; x_wconf 89' lang='lat' dir='ltr'>uersis</span> <span class='ocrx_word' id='word_1_211' title='bbox 261 2001 494 2056; x_wconf 86' lang='lat' dir='ltr'>remigibus</span> <span class='ocrx_word' id='word_1_212' title='bbox 526 2002 644 2042; x_wconf 87' lang='lat' dir='ltr'>littus</span> <span class='ocrx_word' id='word_1_213' title='bbox 686 2001 898 2052; x_wconf 80' lang='lat' dir='ltr'>insiliunt,</span> <span class='ocrx_word' id='word_1_214' title='bbox 944 2002 1015 2043; x_wconf 87' lang='lat' dir='ltr'>ubi</span> <span class='ocrx_word' id='word_1_215' title='bbox 1047 2001 1241 2056; x_wconf 89' lang='lat' dir='ltr'>protinus</span> <span class='ocrx_word' id='word_1_216' title='bbox 1282 2000 1419 2042; x_wconf 87' lang='lat' dir='ltr'>fallaci</span> <span class='ocrx_word' id='word_1_217' title='bbox 1451 2000 1543 2041; x_wconf 89' lang='lat' dir='ltr'>bar-</span> 
     </span>
     <span class='ocr_line' id='line_1_34' title="bbox 93 2058 1542 2115; baseline 0.001 -16"><span class='ocrx_word' id='word_1_218' title='bbox 93 2058 290 2100; x_wconf 92' lang='lat' dir='ltr'>barorum</span> <span class='ocrx_word' id='word_1_219' title='bbox 338 2073 513 2101; x_wconf 89' lang='lat' dir='ltr'>recursu</span> <span class='ocrx_word' id='word_1_220' title='bbox 559 2060 754 2115; x_wconf 87' lang='lat' dir='ltr'>excepti,</span> <span class='ocrx_word' id='word_1_221' title='bbox 797 2059 956 2114; x_wconf 91' lang='lat' dir='ltr'>diuque</span> <span class='ocrx_word' id='word_1_222' title='bbox 1003 2073 1098 2100; x_wconf 90' lang='lat' dir='ltr'>cum</span> <span class='ocrx_word' id='word_1_223' title='bbox 1149 2058 1296 2100; x_wconf 89' lang='lat' dir='ltr'>iisdem</span> <span class='ocrx_word' id='word_1_224' title='bbox 1343 2063 1542 2100; x_wconf 87' lang='lat' dir='ltr'>strennue</span> 
     </span>
     <span class='ocr_line' id='line_1_35' title="bbox 93 2116 1540 2173; baseline 0.001 -16"><span class='ocrx_word' id='word_1_225' title='bbox 93 2116 272 2171; x_wconf 85' lang='lat' dir='ltr'>preliati,</span> <span class='ocrx_word' id='word_1_226' title='bbox 306 2117 488 2171; x_wconf 87' lang='lat' dir='ltr'>neglecti</span> <span class='ocrx_word' id='word_1_227' title='bbox 519 2117 675 2172; x_wconf 87' lang='lat' dir='ltr'>regalis</span> <span class='ocrx_word' id='word_1_228' title='bbox 708 2117 869 2159; x_wconf 87' lang='lat' dir='ltr'>consilii</span> <span class='ocrx_word' id='word_1_229' title='bbox 903 2131 1035 2173; x_wconf 90' lang='lat' dir='ltr'>penas</span> <span class='ocrx_word' id='word_1_230' title='bbox 1070 2117 1205 2158; x_wconf 86' lang='lat' dir='ltr'>exicio</span> <span class='ocrx_word' id='word_1_231' title='bbox 1232 2116 1540 2172; x_wconf 86' lang='lat' dir='ltr'>pependerunt.</span> 
     </span>
     <span class='ocr_line' id='line_1_36' title="bbox 94 2173 1542 2230; baseline 0 -15"><span class='ocrx_word' id='word_1_232' title='bbox 94 2174 258 2222; x_wconf 81' lang='lat' dir='ltr'>Quibus</span> <span class='ocrx_word' id='word_1_233' title='bbox 290 2175 390 2216; x_wconf 89' lang='lat' dir='ltr'>dum</span> <span class='ocrx_word' id='word_1_234' title='bbox 422 2175 544 2218; x_wconf 86' lang='lat' dir='ltr'>Touo</span> <span class='ocrx_word' id='word_1_235' title='bbox 579 2176 751 2229; x_wconf 87' lang='lat' dir='ltr'>Longus</span> <span class='ocrx_word' id='word_1_236' title='bbox 785 2181 827 2217; x_wconf 91' lang='lat' dir='ltr'>et</span> <span class='ocrx_word' id='word_1_237' title='bbox 858 2175 1062 2230; x_wconf 85' lang='lat' dir='ltr'>Esgerus,</span> <span class='ocrx_word' id='word_1_238' title='bbox 1093 2175 1282 2226; x_wconf 83' lang='lat' dir='ltr'>insignes</span> <span class='ocrx_word' id='word_1_239' title='bbox 1313 2173 1542 2216; x_wconf 89' lang='lat' dir='ltr'>Absalonis</span> 
     </span>
     <span class='ocr_line' id='line_1_37' title="bbox 93 2232 1542 2288; baseline -0.001 -14"><span class='ocrx_word' id='word_1_240' title='bbox 93 2232 271 2287; x_wconf 88' lang='lat' dir='ltr'>equites,</span> <span class='ocrx_word' id='word_1_241' title='bbox 303 2233 462 2275; x_wconf 82' lang='lat' dir='ltr'>auxilio</span> <span class='ocrx_word' id='word_1_242' title='bbox 505 2233 593 2276; x_wconf 78' lang='lat' dir='ltr'>fore</span> <span class='ocrx_word' id='word_1_243' title='bbox 626 2234 840 2288; x_wconf 87' lang='lat' dir='ltr'>gestiunt,</span> <span class='ocrx_word' id='word_1_244' title='bbox 873 2247 1053 2288; x_wconf 89' lang='lat' dir='ltr'>quorum</span> <span class='ocrx_word' id='word_1_245' title='bbox 1095 2232 1284 2287; x_wconf 86' lang='lat' dir='ltr'>spiritum</span> <span class='ocrx_word' id='word_1_246' title='bbox 1317 2235 1542 2287; x_wconf 86' lang='lat' dir='ltr'>protegere</span> 
     </span>
     <span class='ocr_line' id='line_1_38' title="bbox 95 2289 1541 2345; baseline -0.001 -14"><span class='ocrx_word' id='word_1_247' title='bbox 95 2290 293 2345; x_wconf 87' lang='lat' dir='ltr'>student,</span> <span class='ocrx_word' id='word_1_248' title='bbox 333 2291 546 2333; x_wconf 90' lang='lat' dir='ltr'>sociantur</span> <span class='ocrx_word' id='word_1_249' title='bbox 587 2291 819 2333; x_wconf 88' lang='lat' dir='ltr'>funeribus.</span> <span class='ocrx_word' id='word_1_250' title='bbox 882 2290 1055 2332; x_wconf 85' lang='lat' dir='ltr'>Talibus</span> <span class='ocrx_word' id='word_1_251' title='bbox 1097 2291 1310 2332; x_wconf 87' lang='lat' dir='ltr'>sociorum</span> <span class='ocrx_word' id='word_1_252' title='bbox 1340 2289 1541 2344; x_wconf 90' lang='lat' dir='ltr'>periculis</span> 
     </span>
    </p>
   </div>
   <div class='ocr_carea' id='block_1_6' title="bbox 47 2347 1541 2404">
    <p class='ocr_par' dir='ltr' id='par_1_6' title="bbox 47 2347 1541 2404">
     <span class='ocr_line' id='line_1_39' title="bbox 47 2347 1541 2404; baseline 0 -16"><span class='ocrx_word' id='word_1_253' title='bbox 47 2362 58 2370; x_wconf 83' lang='lat'><em>·</em></span> <span class='ocrx_word' id='word_1_254' title='bbox 95 2347 277 2402; x_wconf 89' lang='lat' dir='ltr'>Magnus</span> <span class='ocrx_word' id='word_1_255' title='bbox 309 2348 549 2391; x_wconf 84' lang='lat' dir='ltr'>Scaniensis</span> <span class='ocrx_word' id='word_1_256' title='bbox 580 2349 768 2391; x_wconf 88' lang='lat' dir='ltr'>irritatus</span> <span class='ocrx_word' id='word_1_257' title='bbox 800 2349 934 2403; x_wconf 89' lang='lat' dir='ltr'>magis</span> <span class='ocrx_word' id='word_1_258' title='bbox 975 2362 1101 2404; x_wconf 90' lang='lat' dir='ltr'>quam</span> <span class='ocrx_word' id='word_1_259' title='bbox 1134 2347 1329 2397; x_wconf 86' lang='lat' dir='ltr'>territus,</span> <span class='ocrx_word' id='word_1_260' title='bbox 1371 2347 1541 2388; x_wconf 90' lang='lat' dir='ltr'>diuerso</span> 
     </span>
    </p>
   </div>
   <div class='ocr_carea' id='block_1_7' title="bbox 93 2404 1542 2693">
    <p class='ocr_par' dir='ltr' id='par_1_7' title="bbox 93 2404 1542 2693">
     <span class='ocr_line' id='line_1_40' title="bbox 93 2404 1540 2462; baseline 0 -17"><span class='ocrx_word' id='word_1_261' title='bbox 93 2405 245 2453; x_wconf 79' lang='lat' dir='ltr'>littoris</span> <span class='ocrx_word' id='word_1_262' title='bbox 297 2406 414 2448; x_wconf 84' lang='lat' dir='ltr'>aditu</span> <span class='ocrx_word' id='word_1_263' title='bbox 466 2408 644 2449; x_wconf 87' lang='lat' dir='ltr'>similem</span> <span class='ocrx_word' id='word_1_264' title='bbox 694 2421 838 2462; x_wconf 88' lang='lat' dir='ltr'>pugne</span> <span class='ocrx_word' id='word_1_265' title='bbox 887 2411 1089 2448; x_wconf 88' lang='lat' dir='ltr'>euentum</span> <span class='ocrx_word' id='word_1_266' title='bbox 1133 2405 1293 2446; x_wconf 89' lang='lat' dir='ltr'>habuit.</span> <span class='ocrx_word' id='word_1_267' title='bbox 1374 2404 1540 2445; x_wconf 91' lang='lat' dir='ltr'>Horum</span> 
     </span>
     <span class='ocr_line' id='line_1_41' title="bbox 96 2463 1542 2519; baseline -0.001 -16"><span class='ocrx_word' id='word_1_268' title='bbox 96 2465 280 2505; x_wconf 87' lang='lat' dir='ltr'>omnium</span> <span class='ocrx_word' id='word_1_269' title='bbox 323 2465 495 2519; x_wconf 82' lang='lat' dir='ltr'>nauigia</span> <span class='ocrx_word' id='word_1_270' title='bbox 540 2465 707 2506; x_wconf 86' lang='lat' dir='ltr'>barbari</span> <span class='ocrx_word' id='word_1_271' title='bbox 755 2466 872 2519; x_wconf 91' lang='lat' dir='ltr'>prius</span> <span class='ocrx_word' id='word_1_272' title='bbox 918 2464 1146 2518; x_wconf 88' lang='lat' dir='ltr'>remigibus</span> <span class='ocrx_word' id='word_1_273' title='bbox 1194 2463 1395 2515; x_wconf 89' lang='lat' dir='ltr'>uiduata,</span> <span class='ocrx_word' id='word_1_274' title='bbox 1439 2475 1542 2503; x_wconf 84' lang='lat' dir='ltr'>mox</span> 
     </span>
     <span class='ocr_line' id='line_1_42' title="bbox 94 2520 1541 2578; baseline -0.001 -16"><span class='ocrx_word' id='word_1_275' title='bbox 94 2522 315 2563; x_wconf 88' lang='lat' dir='ltr'>securibus</span> <span class='ocrx_word' id='word_1_276' title='bbox 346 2523 538 2578; x_wconf 88' lang='lat' dir='ltr'>perfossa</span> <span class='ocrx_word' id='word_1_277' title='bbox 561 2521 770 2578; x_wconf 83' lang='lat' dir='ltr'>profundo</span> <span class='ocrx_word' id='word_1_278' title='bbox 795 2527 1047 2564; x_wconf 89' lang='lat' dir='ltr'>merserunt.</span> <span class='ocrx_word' id='word_1_279' title='bbox 1099 2521 1190 2562; x_wconf 87' lang='lat' dir='ltr'>Has</span> <span class='ocrx_word' id='word_1_280' title='bbox 1223 2520 1402 2561; x_wconf 89' lang='lat' dir='ltr'>militum</span> <span class='ocrx_word' id='word_1_281' title='bbox 1435 2525 1541 2561; x_wconf 90' lang='lat' dir='ltr'>stra-</span> 
     </span>
     <span class='ocr_line' id='line_1_43' title="bbox 94 2577 1540 2635; baseline -0.001 -15"><span class='ocrx_word' id='word_1_282' title='bbox 94 2593 170 2632; x_wconf 88' lang='lat' dir='ltr'>ges</span> <span class='ocrx_word' id='word_1_283' title='bbox 211 2579 498 2623; x_wconf 85' lang='lat' dir='ltr'>Christoforus</span> <span class='ocrx_word' id='word_1_284' title='bbox 542 2581 879 2635; x_wconf 80' lang='lat' dir='ltr'>contemplatus,</span> <span class='ocrx_word' id='word_1_285' title='bbox 920 2578 1156 2634; x_wconf 84' lang='lat' dir='ltr'>temperato</span> <span class='ocrx_word' id='word_1_286' title='bbox 1198 2577 1359 2630; x_wconf 85' lang='lat' dir='ltr'>remigii</span> <span class='ocrx_word' id='word_1_287' title='bbox 1403 2592 1540 2624; x_wconf 79' lang='lat' dir='ltr'>cursu,</span> 
     </span>
     <span class='ocr_line' id='line_1_44' title="bbox 94 2635 1541 2693; baseline -0.001 -14"><span class='ocrx_word' id='word_1_288' title='bbox 94 2638 217 2680; x_wconf 87' lang='lat' dir='ltr'>terris</span> <span class='ocrx_word' id='word_1_289' title='bbox 249 2652 407 2681; x_wconf 88' lang='lat' dir='ltr'>nauem</span> <span class='ocrx_word' id='word_1_290' title='bbox 436 2639 654 2681; x_wconf 50' lang='lat' dir='ltr'>abstinuit,</span> <span class='ocrx_word' id='word_1_291' title='bbox 710 2638 803 2687; x_wconf 81' lang='lat' dir='ltr'>Que</span> <span class='ocrx_word' id='word_1_292' title='bbox 836 2651 946 2692; x_wconf 88' lang='lat' dir='ltr'>cum,</span> <span class='ocrx_word' id='word_1_293' title='bbox 979 2637 1210 2679; x_wconf 86' lang='lat' dir='ltr'>fluctuante</span> <span class='ocrx_word' id='word_1_294' title='bbox 1240 2649 1378 2693; x_wconf 89' lang='lat' dir='ltr'>prora,</span> <span class='ocrx_word' id='word_1_295' title='bbox 1408 2635 1541 2679; x_wconf 86' lang='lat' dir='ltr'>littori</span> 
     </span>
    </p>
   </div>
   <div class='ocr_carea' id='block_1_8' title="bbox 1598 1659 1696 1692">
    <p class='ocr_par' dir='ltr' id='par_1_8' title="bbox 1598 1659 1696 1692">
     <span class='ocr_line' id='line_1_45' title="bbox 1598 1659 1696 1692; baseline 0 -7"><span class='ocrx_word' id='word_1_296' title='bbox 1598 1667 1624 1692; x_wconf 87' lang='lat' dir='ltr'>p.</span> <span class='ocrx_word' id='word_1_297' title='bbox 1643 1659 1696 1685; x_wconf 79' lang='lat'>849</span> 
     </span>
    </p>
   </div>
  </div>
 </body>
</html>
