1884 3126
139 940 173 967 10

142 1233 172 1259 15

135 1523 172 1550 20

135 1813 172 1840 ‘25

137 2104 174 2132 30

137 2393 172 2420 35

136 2686 172 2714 40

765 296 820 302 --
879 272 972 314 XII
1032 296 1084 302 -—
1576 273 1660 315 405

207 403 330 455 cium,
362 416 510 444 necem
540 402 719 458 peregit.
782 402 849 444 Ad
882 404 1077 445 ultimum
1108 403 1395 459 puluinarium
1426 402 1547 454 mole,
1579 415 1660 458 que

206 462 392 517 undique
424 475 447 502 a
478 461 734 503 satellitibus
766 462 1118 516 congerebantur,
1152 462 1343 515 obrutus,
1375 475 1531 515 magno
1564 475 1658 502 cum

206 521 390 562 omnium
431 519 621 586 periculo
663 520 1051 574 comprehenditur.
1114 519 1198 561 Vbi
1237 533 1341 561 uero
1386 524 1529 562 mente
1562 532 1660 561 con-

206 579 325 628 stitit,
357 578 443 620 lese
474 579 655 633 piimum
687 578 838 620 milicie
871 579 980 620 iusta
1012 579 1233 635 persoluit.
1276 577 1336 620 Vt
1366 583 1510 620 autem
1531 577 1661 619 acrio-

206 636 319 678 ribus
368 636 629 691 expiacionis
675 636 812 678 modis
858 637 1142 703 penitenciam
1191 636 1362 689 ederet,
1413 635 1659 678 redimende

206 708 319 736 noxe
342 694 484 749 gracia
506 694 707 749 religiose
728 695 1088 750 peregrinacionis
1107 695 1369 750 propositum
1388 695 1660 751 amplexatus

208 757 283 798 est
315 752 603 807 Iudeamque,
646 752 789 794 diuine
823 753 1082 795 uisitacionis
1116 753 1322 795 memoria
1353 752 1658 805 uenerabilem,

205 811 321 853 adire
353 811 586 853 constituit.
649 810 781 852 Cuius
813 811 940 854 studii
973 811 1239 853 sanctitatem
1273 825 1367 852 cum
1400 810 1474 852 diu
1505 811 1659 852 tacitus

205 871 346 911 animo
370 869 638 922 reuoluisset,
668 869 842 912 tandem
865 870 914 912 iis
937 870 1137 923 maxime,
1170 883 1275 926 quos
1300 869 1354 910 ob
1377 869 1659 911 excellentem

205 929 392 984 corporis
447 927 637 969 habitum
689 927 971 984 profeccionis
1014 943 1089 970 sue
1131 932 1350 970 consortes
1402 927 1655 976 destinabat,

202 987 402 1029 insinuat.
467 986 629 1034 Quibus
661 1000 749 1027 rem
782 986 974 1028 dolenter
1005 986 1266 1039 ferentibus,
1298 985 1341 1027 id
1371 986 1511 1041 ipsum
1542 984 1656 1041 apud

206 1044 478 1086 celeberrima
531 1044 662 1100 patrie
716 1045 892 1087 concilia
939 1045 1188 1101 publicauit.
1251 1044 1377 1093 Quod
1419 1044 1425 1098 Ι
1469 1058 1563 1085 cum
1613 1043 1655 1084 in

205 1103 449 1157 Wibergica
482 1117 653 1158 quoque
686 1104 887 1145 concione
920 1103 1158 1158 uulgasset‚
1203 1103 1385 1144 attonita
1415 1101 1656 1152 multitudo,

204 1160 381 1217 perinde
422 1175 471 1202 ac
511 1167 677 1216 patrem
717 1162 923 1210 amissura
962 1162 1094 1214 foret,
1135 1158 1374 1216 inllgemuit,
1416 1159 1656 1202 absenciam

205 1221 293 1262 eius
316 1219 596 1274 perniciosam
618 1219 755 1286 patrie
775 1219 961 1263 futuram
993 1219 1247 1269 uocis-crans,
1279 1221 1407 1275 inque
1440 1233 1489 1261 ec
1520 1232 1657 1260 remo-

203 1277 335 1319 rando
378 1282 467 1319 tota
510 1278 631 1333 plebs
671 1278 795 1320 unius
836 1278 1089 1334 plorabundi
1132 1278 1256 1319 amici
1299 1277 1462 1319 uultum
1494 1276 1655 1319 habuit.

202 1335 272 1377 Ad
304 1336 495 1377 ultimum
538 1335 764 1392 lachrymis
805 1336 968 1378 suffusa
1010 1336 1244 1402 supplicem
1276 1350 1321 1377 se
1355 1335 1445 1378 eius
1478 1334 1656 1390 genibus

203 1394 407 1445 aduoluit,
439 1407 700 1450 magnopere
732 1394 977 1450 deprecans,
1009 1409 1061 1447 ne
1083 1395 1217 1450 magis
1239 1393 1393 1450 priuati
1416 1394 1506 1435 uoti
1530 1406 1656 1448 quam

203 1452 358 1508 publici
409 1452 620 1494 commodi
666 1452 854 1494 debitum
900 1454 1159 1503 intueretur,
1208 1467 1390 1508 eumque
1432 1448 1528 1507 plus
1575 1450 1654 1492 deo

203 1524 380 1567 syncera
430 1511 552 1565 regni
603 1511 989 1554 amministracione
1041 1525 1167 1577 quarn
1219 1511 1347 1552 exilio
1399 1510 1655 1575 placiturum

204 1569 433 1611 affirmans.
475 1568 552 1610 Ille
584 1570 782 1624 precibus
815 1570 1030 1611 concionis
1062 1570 1154 1611 uoti
1184 1569 1435 1623 religionem
1458 1567 1658 1624 opposuit

205 1628 380 1682 eiusque
412 1627 535 1668 titulo
569 1627 775 1684 propositi
805 1628 1079 1694 pertinaciam
1112 1629 1323 1670 tuebatur.
1375 1625 1466 1668 Nec
1496 1626 1655 1682 populo

204 1685 256 1726 ad
302 1685 578 1728 refellendam
629 1686 919 1728 excusacionis
970 1687 1184 1728 racionem
1235 1686 1398 1727 consilii
1449 1684 1656 1739 sagacitas

206 1744 352 1786 defuit.
414 1744 666 1785 Redimendi
718 1758 899 1800 namque
950 1746 1040 1785 uoti
1092 1744 1261 1799 gracia
1283 1744 1456 1785 terciam
1505 1757 1551 1784 se
1596 1741 1658 1783 rei

203 1802 420 1844 familiaris
453 1807 616 1857 partem
647 1803 874 1868 egentibus
908 1807 1179 1857 erogaturam
1221 1801 1426 1857 promisit.
1488 1799 1572 1842 Sed
1603 1814 1656 1840 ne

203 1861 262 1901 sic
304 1860 472 1915 quidem
521 1860 830 1902 tenacissimam
877 1861 1111 1902 sanctita-tis
1157 1861 1245 1902 eius
1287 1858 1656 1915 perseueranciam

203 1918 416 1960 labefecit.
479 1917 673 1974 Negabat
723 1919 833 1961 enim
883 1932 979 1972 reX,
1027 1919 1297 1960 honestatem
1345 1918 1468 1973 culpa
1508 1915 1657 1957 redimi

204 1990 329 2031 posse
351 1989 480 2031 seque
512 1977 637 2017 alieni
671 1978 751 2018 eris
783 1978 1028 2018 interuentu
1061 1981 1162 2018 uoto
1194 1977 1375 2018 liberum
1406 1977 1510 2027 fore,
1543 1973 1657 2016 futu-

204 2049 299 2075 rum
331 2048 549 2087 asserens,
588 2035 624 2076 si
655 2035 906 2077 condicione
936 2039 1155 2089 uteretur,
1186 2038 1234 2076 ut
1264 2038 1306 2076 et
1338 2045 1382 2076 se
1415 2032 1584 2089 periurii
1616 2038 1657 2074 et

203 2093 385 2148 patriam
415 2093 679 2148 paupertatis
711 2092 909 2149 periculis
957 2093 1203 2148 implicaret.
1266 2092 1394 2134 Malle
1426 2105 1527 2133 uero
1560 2104 1657 2147 pro-

204 2151 295 2206 prio
329 2156 501 2206 sumptu
533 2151 846 2206 profeccionem
886 2151 1096 2193 instruere
1138 2165 1266 2207 quam
1297 2150 1468 2192 aliunde
1499 2150 1658 2205 impen-

204 2223 347 2250 sarum
369 2209 609 2251 necessaria
631 2209 828 2253 mutuari.
861 2224 914 2250 ne
942 2210 1080 2252 alieno
1103 2209 1350 2264 grauamine
1373 2208 1426 2250 ad
1450 2221 1658 2261 peragen-

206 2267 305 2307 dum
351 2266 595 2309 deuocionis
642 2268 908 2323 propositum
953 2273 1158 2310 uteretur.
1249 2267 1404 2322 Itaque
1456 2265 1657 2307 seductos

205 2326 387 2366 maiores
411 2324 462 2365 de
485 2325 778 2367 substituendo
801 2326 970 2371 interim
990 2332 1269 2382 procuratore
1292 2325 1511 2367 consulere
1534 2323 1656 2379 cepit,

203 2397 288 2439 non
322 2383 419 2438 quia
459 2384 691 2438 prudencia
720 2383 969 2436 fallebatur,
1010 2384 1085 2426 sed
1118 2398 1192 2436 ne,
1235 2382 1445 2438 preteritis
1477 2382 1656 2423 aliorum

205 2441 408 2493 consiliis,
455 2456 529 2484 suo
575 2441 800 2484 indulsisse
848 2441 1088 2494 uideretur,
1140 2442 1350 2497 priuatam
1398 2440 1658 2482 sentenciam

204 2499 375 2565 publice
398 2499 669 2554 preferendo
714 2499 810 2548 Quo
843 2499 1006 2553 audito,
1037 2500 1248 2557 principes
1270 2498 1307 2540 id
1335 2512 1380 2541 se
1402 2498 1657 2539 consultoris

207 2556 372 2623 opcioni
406 2557 652 2611 permittere
684 2557 1008 2612 responderunt,
1037 2569 1042 2609 ι
1071 2571 1148 2599 nec
1171 2558 1250 2598 hac
1272 2555 1473 2611 quidem
1463 2570 1506 2597 1n
1536 2568 1582 2596 re
1604 2555 1656 2596 de

207 2616 296 2655 eius
326 2614 534 2656 industria
568 2615 846 2663 dubitaturos,
878 2616 996 2657 cuius
1027 2629 1233 2657 summam
1256 2615 1298 2655 in
1321 2614 1412 2654 aliis
1433 2612 1658 2655 solerciam

205 2672 462 2716 didicissent.
525 2672 645 2716 Tunc
675 2688 752 2717 rex
786 2672 1024 2716 Haraldum
1054 2673 1199 2727 filium,
1237 2686 1362 2728 quem
1392 2671 1658 2729 prestancior

1712 1059 1739 1083 p.
1761 1050 1813 1077 608

1719 1164 1812 1201 (227)
