1884 3126
130 907 160 933 10

125 1197 159 1225 15

775 265 815 276 --
888 241 954 284 XI
1019 266 1069 271 -ψ
1570 243 1648 285 371

194 367 331 421 nicus,
377 368 475 410 inde
519 368 636 410 Eous
682 370 855 423 sanguis
904 370 946 410 in
992 369 1223 411 salutarem
1273 369 1406 411 nostri
1453 369 1652 425 principis

195 432 332 468 ortum
367 427 598 478 confluens,
631 441 893 469 communem
926 427 1099 482 stirpem
1133 427 1309 468 duarum
1356 428 1549 482 gencium
1585 443 1647 470 01·-

195 489 441 526 namentum
474 485 624 526 effecit.

332 543 532 585 Extincto
567 543 779 595 Har-aldo,
825 543 891 585 cui
933 544 1097 586 scelera
1131 543 1228 585 Mali
1264 557 1500 597 cognomen
1533 545 1647 587 adie-

190 606 347 654 cerant,
376 605 380 652 Ι
409 602 619 644 Suenonis
649 616 841 657 regnum.
876 601 988 657 quod
1021 607 1122 643 ante
1154 601 1205 643 ad
1230 602 1402 643 modum
1435 602 1644 644 claudica-

192 664 323 712 uerat,
354 659 529 715 perinde
563 668 691 716 atque
726 660 931 701 acerrimo
965 660 1088 701 hoste
1122 675 1327 710 uacuum,
1370 662 1648 716 prosperioris

192 718 362 760 fortune
394 718 595 773 gradibus
628 719 861 761 incedebat.
896 733 1233 773 oppressumque
1270 718 1406 760 I):inie
1438 720 1648 774 guberna-

193 777 332 818 culum
364 777 491 831 plena
522 778 816 832 prosperitatis
861 777 958 818 uela
998 777 1239 818 soluebant.
1305 776 1386 817 Hic
1418 792 1511 818 oum
1546 778 1647 820 libe-

192 836 359 876 ralitate
373 835 560 886 illustris,
587 836 870 877 beneficencizi
894 835 1068 882 celeber,
1091 836 1337 890 cunctisque
1374 835 1646 878 humanitatis

191 894 381 947 partibus
424 893 755 949 perfectissimus
798 894 1038 944 haberetur,
1072 894 1203 934 eciam
1246 908 1461 935 sacrarum
1505 895 1648 936 edium

193 951 508 993 condendarum
561 951 930 1007 ornandarumque
977 965 1120 992 curam
1171 952 1450 993 intentissime
1503 953 1646 1005 edidit,

193 1010 427 1066 rudemque
457 1010 595 1051 adhuc
627 1024 846 1052 sacrorum
877 1011 1058 1065 patriam
1091 1010 1143 1050 ad
1168 1010 1397 1050 culciorem
1432 1012 1647 1065 religionis

193 1083 317 1109 usum
349 1068 561 1123 perduxit.
626 1069 784 1110 Verum
819 1069 928 1109 liunc
967 1083 1134 1109 morum
1166 1069 1392 1110 candorem
1435 1069 1525 1110 sola
1557 1069 1644 1110 libi-

194 1126 299 1168 dinis
332 1127 664 1182 intemperaneia
695 1127 950 1168 maculabat.
1014 1125 1305 1181 Complurium
1339 1141 1522 1182 namque
1555 1128 1647 1168 illu-

190 1186 338 1226 strium
381 1186 620 1240 puellarum
665 1186 856 1226 castitate
889 1185 1095 1233 delibata,
1143 1191 1186 1225 ut
1220 1185 1382 1225 nullum
1416 1200 1466 1227 ex
1503 1186 1642 1226 matri-

192 1244 349 1294 moni0‚
379 1245 438 1284 ita
472 1244 710 1299 complures
733 1258 784 1285 ex
810 1243 1033 1298 pellicibus
1059 1243 1164 1284 filios
1187 1243 1377 1292 sustulit„
1396 1243 1409 1296 [l
1436 1243 1469 1283 E
1492 1245 1645 1299 quibus

192 1301 310 1342 fuere
352 1315 445 1342 cum
491 1301 703 1344 Gormone
747 1300 988 1351 Haraldus,
1031 1315 1123 1341 cum
1158 1301 1357 1342 Suenone
1402 1300 1644 1344 O-mundus.

147 1371 150 1373 ·
193 1359 273 1400 His
315 1374 535 1401 accessere
575 1358 700 1401 Vbbo
745 1366 787 1400 et
828 1359 1017 1412 Olauus‚
1060 1359 1279 1407 Nicolaus,
1322 1359 1479 1400 Biorno
1520 1369 1644 1415 atqua

123 1489 161 1514 ‘30

124 2066 160 2093 30

123 2355 161 2383 35

126 2650 162 2678 40

197 1417 472 1471 Benedictus,
522 1424 701 1473 paterno
754 1432 876 1473 quam
928 1418 1133 1468 maxime,
1186 1423 1375 1458 materno
1425 1419 1646 1459 minimum

193 1476 391 1528 sanguini
422 1475 742 1527 respondentes.
806 1475 1043 1517 Consimilis
1086 1477 1240 1530 copule
1283 1476 1518 1517 obscuritas
1563 1476 1647 1517 Ka-

193 1538 344 1574 nutum
386 1539 426 1574 et
468 1534 661 1586 Erieum,
701 1534 886 1575 maxima
924 1535 1059 1589 patrie
1091 1540 1362 1585 ornamenta,
1404 1535 1644 1589 progenuit.

193 1591 275 1633 Sed
310 1599 353 1633 et
386 1592 470 1633 filia
503 1592 680 1649 Siritlia,
710 1607 792 1648 que
823 1598 917 1647 post
953 1592 1124 1633 modum
1160 1592 1417 1633 Gutliscalco
1451 1593 1644 1634 Selauico

193 1650 379 1692 coniunx
412 1649 601 1703 accessit,
633 1652 675 1692 in
707 1651 985 1707 sequentibus
1018 1650 1270 1703 ref.=renda,
1303 1651 1454 1705 pellice¹
1487 1652 1644 1705 pariter

193 1712 285 1749 orta
324 1707 531 1763 proditur.
601 1708 790 1751 Tandem
836 1723 909 1749 rex
954 1710 1138 1750 animum
1184 1724 1305 1749 suum
1348 1710 1401 1750 ab
1434 1709 1643 1750 illecebris

145 1781 156 1793 Γ
190 1766 358 1807 luxurie
407 1772 448 1807 et
493 1767 770 1809 immoderato
824 1766 1004 1809 Veneris
1058 1782 1136 1808 usu
1189 1771 1419 1808 retractum
1467 1768 1644 1820 genialis

192 1824 302 1864 thori
353 1826 549 1866 castitate
596 1826 796 1867 cohibere
847 1826 1080 1868 constituit.
1159 1825 1218 1866 Vt
1269 1840 1369 1879 ergo
1417 1826 1640 1867 multorum

191 1883 464 1937 pellicatuum
497 1883 807 1938 experieneiam
850 1884 985 1925 licenti
1030 1884 1278 1938 nupciarum
1323 1898 1401 1924 usu
1434 1885 1642 1939 uniusque

192 1941 441 1982 matrimonii
482 1942 575 1997 lege
616 1943 864 1992 redimeret,
907 1956 982 1983 nec
1024 1942 1180 1999 talibus
1221 1943 1398 1983 ulterius
1439 1943 1640 1983 cubiculis

190 1999 427 2040 maiestatis
460 2014 536 2041 sue
569 2000 760 2055 uigorem
794 2000 1046 2049 absumeret,
1079 2000 1290 2052 Gutham‚
1338 2000 1508 2042 Suetico
1543 2014 1642 2055 rege

190 2058 391 2111 genitam,
424 2058 629 2112 sanguine
661 2059 928 2100 coniunctam
966 2059 970 2109 Ι
1007 2059 1105 2109 sibi,
1148 2059 1334 2112 legitime
1368 2060 1492 2112 prolis
1526 2059 1641 2113 cupi-

192 2115 322 2156 ditate
346 2116 604 2170 complexus‚
634 2117 827 2158 simulata
860 2117 1041 2171 coniugii
1077 2117 1280 2171 religione
1315 2117 1498 2171 collegit,
1531 2118 1639 2157 eius-

192 2187 274 2228 que
322 2174 597 2231 coitum-pro
643 2175 910 2216 matrimonio
960 2174 1117 2215 habuit.
1197 2175 1262 2216 Ita
1311 2174 1393 2228 [ut]
1443 2174 1541 2215 dum
1588 2174 1640 2214 ad

193 2231 432 2285 coniugalia
464 2245 584 2273 sacra
606 2233 859 2275 celebranda
882 2234 1069 2273 animum
1090 2232 1270 2283 induxit,
1300 2247 1448 2273 eorum
1474 2233 1641 2273 nomine

193 2289 400 2342 flagicium
433 2291 652 2343 colorauit,
686 2291 869 2346 dumque
901 2292 952 2332 ab
986 2304 1071 2331 uno
1105 2306 1150 2332 se
1178 2291 1347 2331 crimine
1380 2292 1566 2342 retrahit,
1600 2291 1639 2331 in

192 2347 307 2387 aliud
353 2352 533 2402 repente
589 2349 819 2403 prouoluit.
897 2349 979 2390 Sed
1029 2349 1321 2399 tolerabilius,
1358 2349 1468 2402 quod
1514 2349 1640 2390 alieni

193 2405 432 2459 sanguinis,
484 2420 612 2461 quam
653 2406 762 2462 quod
804 2422 879 2448 sue
921 2408 1244 2462 propinquitatis
1288 2407 1480 2462 copulam
1522 2420 1641 2448 usur-

194 2463 334 2516 pauit3
366 2477 606 2518 quanquam
629 2469 805 2520 uterque
835 2465 1006 2507 huiusce
1030 2466 1208 2507 Veneris
1240 2480 1342 2506 usus
1376 2464 1640 2520 impudicicie

195 2520 358 2562 crimini
388 2521 442 2561 sit
474 2522 699 2564 obnoxius.

332 2578 469 2627 Quam
507 2593 594 2620 rem
627 2579 788 2629 Eginus
820 2585 861 2622 et
895 2579 1150 2624 Wilhelmus
1192 2582 1393 2623 intactam
1437 2581 1640 2636 preterire

192 2636 306 2691 passi
348 2651 431 2679 non
473 2642 584 2679 sunt.
658 2637 826 2694 Quippe
874 2652 1015 2694 regem
1057 2654 1081 2681 a
1128 2647 1214 2681 tam
1259 2639 1404 2681 illicito
1450 2639 1637 2680 thalamo

1435 2707 1500 2742 24*

1707 624 1734 650 p.
1754 616 1804 643 557

1700 1255 1794 1289 (208)

1697 2077 1722 2101 p.
1745 2070 1796 2096 555
