1884 3126
217 896 247 923 10

212 1186 243 1212 15

206 1475 242 1502 20

203 1765 239 1792 25

201 2056 238 2082 30

198 2344 233 2370 35

195 2637 232 2664 40

284 231 337 274 62

862 230 1136 273 ,Π-

397 359 457 401 At
487 373 577 411 nos,
609 359 679 414 qui
711 372 853 414 regem
887 364 988 401 uoto
1021 359 1199 402 meliore
1238 374 1450 413 ueremur,

397 418 630 471 Iungamus
663 431 820 459 cuneos
852 418 1040 470 stabiles,
1071 418 1256 472 tutisque
1289 418 1544 473 phalangem

397 475 626 517 Ordinibus
657 476 801 526 mensi,
834 489 915 530 qua
946 478 1022 517 rex
1053 476 1255 530 precepit,
1295 491 1460 517 eamus:

397 533 478 580 Qui
510 538 654 574 natum
686 532 795 574 Beki
828 533 1026 575 Roricum
1058 535 1209 575 strauit
1240 535 1370 586 auari,

396 590 688 646 Implicuitque
722 592 858 632 uirum
891 592 978 633 leto
1016 592 1173 633 uirtute
1206 596 1430 635 carentem.
1462 597 1464 599 ’

394 649 472 689 Ille
504 648 672 703 quidem
704 652 896 704 prestans
928 650 1091 704 opibuS,
1125 649 1357 705 habituque
1390 650 1558 692 fruendi

393 707 564 762 Pauper
597 710 699 756 erat,
731 706 943 762 probitate
976 708 1110 748 minus
1143 722 1269 763 quam
1300 707 1447 749 fenore
1477 709 1661 763 pollens3

393 766 558 806 Aurum
590 765 745 806 milicia
775 766 920 819 pocius
952 770 1080 818 ratus,
1115 766 1254 806 omnia
1283 766 1400 807 lucro

393 823 658 875 l’ostliabuit,
690 823 910 878 laudisque
943 837 1091 866 carens
1126 824 1339 878 congessit
1370 838 1545 866 aceruos

392 880 500 934 Eris,
535 885 576 922 et
606 881 799 935 ingenuis
832 881 892 922 uti
925 882 1178 937 contempsit
1209 882 1363 923 amicis.

394 938 585 994 Cumque
617 939 837 980 lacessitus
869 939 1075 981 Roluonis
1108 941 1240 982 classe
1272 940 1434 993 fuisset,

391 996 596 1051 Egestum
631 997 743 1039 cistis
775 1011 927 1038 aurum
959 997 1122 1039 deferre
1153 998 1366 1039 ministros

391 1056 544 1110 Iussit,¹
565 1059 605 1096 et
635 1055 676 1096 in
707 1056 862 1111 primas
894 1055 1008 1096 urbis
1041 1056 1276 1097 diffundere
1310 1060 1466 1111 portas,

390 1113 517 1154 Dona
548 1114 681 1168 magis
716 1127 841 1169 quam
875 1113 985 1155 bella
1016 1127 1183 1168 parans,
1218 1115 1316 1169 quia
1347 1115 1489 1155 militis
1523 1128 1674 1169 expers

392 1172 578 1225 Munere,
610 1185 694 1212 non
727 1172 851 1212 armis
882 1171 1131 1213 tentandum
1164 1171 1340 1213 eredidit
1372 1171 1551 1226 hostem,

388 1229 607 1284 Tanquam
641 1229 791 1284 opibus
823 1229 922 1271 solis
954 1225 1108 1271 bellum
1141 1234 1351 1285 gesturuS,
1386 1234 1427 1271 et
1459 1244 1537 1271 usu
1575 1258 1577 1262 -

387 1288 560 1340 Rerum,
593 1302 677 1329 non
710 1287 925 1328 hominum
959 1287 1138 1330 Martem
1171 1288 1402 1343 producere
1433 1292 1593 1344 posset.

387 1346 502 1399 Ergo
534 1359 686 1399 graues
716 1345 878 1386 loculos
911 1350 951 1386 et
983 1346 1091 1387 dicia
1123 1346 1302 1386 claustra
1333 1347 1523 1399 resoluit,

389 1403 583 1444 Armillas
616 1407 772 1445 teretes
806 1407 846 1445 et
879 1409 1050 1445 onustas
1081 1403 1258 1459 protulit
1289 1417 1421 1456 arcas,

387 1461 524 1503 Exicii
554 1461 742 1502 fomenta
774 1462 850 1505 sui,
883 1461 1112 1503 ditissimus
1149 1462 1242 1514 eris,

386 1520 611 1561 Bellatoris
643 1520 778 1574 inops,
810 1519 1004 1574 hostique
1035 1518 1257 1561 adimenda
1289 1518 1529 1574 relinquens

386 1578 584 1631 Pignora,
617 1591 696 1633 que
729 1578 875 1633 patriis
907 1578 1082 1632 prebere
1113 1578 1304 1632 pepercit
1334 1578 1493 1620 amicis.
1728 1589 1825 1618 Κικι-

389 1636 590 1677 Annellos
621 1636 733 1677 ultro
767 1639 960 1677 metuens
989 1636 1102 1688 dare,
1135 1636 1319 1676 maxima
1349 1635 1498 1677 nolens

386 1693 584 1735 I’ondera
615 1693 725 1735 fudit
756 1708 895 1749 opum,
927 1695 1083 1735 ueteris
1115 1693 1340 1749 populator
1371 1694 1526 1736 acerui.

384 1752 478 1793 Rex
511 1755 653 1793 tamen
684 1752 796 1793 hunc
827 1751 1036 1807 prudens,
1075 1752 1299 1806 oblataque
1329 1765 1505 1792 munera
1537 1752 1709 1807 spreuit,

385 1810 492 1850 Rem
523 1811 682 1864 pariter
714 1811 934 1865 uitamque
966 1810 1178 1863 adimens3
1209 1823 1287 1850 nec
1317 1809 1477 1864 profuit
1507 1810 1618 1851 hosti
1747 1822 1816 1855 (35)

386 1867 544 1909 Census
576 1870 700 1922 iners,
734 1882 859 1923 quem
891 1868 1018 1922 longo
1052 1868 1201 1909 auidus
1235 1867 1523 1909 cumulauerat
1556 1882 1651 1920 euo,

385 1924 512 1967 Hunc
546 1927 637 1982 pius
669 1927 824 1967 inuasit
855 1926 1010 1980 Romo,
1042 1939 1310 1981 summasque
1340 1927 1548 1981 perempti

385 1983 507 2038 Cepit
539 1998 654 2039 opes,
685 1985 794 2026 inter
826 1984 974 2038 dignos
1007 1984 1185 2039 partitus
1218 1985 1387 2035 amicos,

385 2041 594 2096 Quicquid
627 2057 757 2084 auara
788 2056 938 2084 manus
969 2043 1099 2083 tantis
1131 2045 1400 2097 congesserat
1431 2042 1577 2094 annis3

384 2100 713 2155 Irrumpensque
747 2100 948 2152 opulenta
975 2100 1121 2155 magis,
1154 2114 1278 2155 quam
1311 2099 1438 2141 fortia
1470 2106 1620 2151 castra,

383 2157 561 2199 Prebuit
592 2159 790 2199 eximiam
822 2158 945 2199 sociis
977 2158 1067 2199 sine
1099 2158 1303 2213 sanguine
1333 2158 1519 2212 predam.

383 2215 462 2257 Cui
491 2216 548 2256 nil
580 2221 663 2256 tam
697 2217 889 2270 pulcrum
922 2215 1014 2268 fuit,
1049 2214 1160 2270 [a]ut
1191 2229 1275 2257 non
1305 2215 1503 2258 funderet
1533 2214 1648 2267 illud,

382 2275 471 2315 Aut
502 2287 656 2326 earum,
688 2274 800 2329 quod
830 2288 912 2316 non
944 2274 1068 2315 sociis
1101 2273 1235 2328 daret,
1269 2287 1340 2315 era
1370 2273 1523 2315 fauillis

379 2331 644 2375 Assimilans.
678 2331 877 2387 famaque
911 2345 1056 2383 annos,
1088 2346 1173 2373 non
1204 2331 1351 2373 fenore
1381 2345 1565 2373 mensus,

380 2390 505 2431 Vnde
536 2390 684 2443 liquet,
715 2404 859 2444 regem
892 2390 1003 2431 claro
1035 2391 1117 2431 iam
1150 2390 1298 2431 funere
1328 2389 1519 2430 functum

379 2447 603 2490 Preclaros
636 2448 772 2502 egisse
804 2447 906 2500 dies,
938 2448 1216 2503 speciosaque
1246 2448 1323 2489 fati

382 2504 608 2560 Tempora,
639 2506 864 2560 preteritos
896 2505 1118 2547 decorasse
1152 2506 1330 2547 uiriliter
1362 2519 1507 2547 annos.

379 2562 488 2605 Nam
520 2564 678 2604 uirtute
708 2563 873 2616 ardens,
906 2562 1004 2604 dum
1037 2565 1214 2614 uiueret,
1248 2564 1387 2604 omnia
1418 2564 1532 2616 uicit,

378 2620 564 2677 Egregie
598 2621 745 2676 dignas
776 2622 949 2663 sortitus
983 2635 1160 2677 corpore
1192 2621 1318 2664 uires.
