1884 3126
201 879 235 907 10

198 1171 232 1199 15

198 1460 235 1487 20

197 1749 234 1777 ‘25

199 2040 236 2067 30

200 2329 236 2356 35

198 2617 236 2647 40

265 215 318 257 32
866 214 1110 257 -1-

266 346 401 390 Quem
431 346 690 399 excepturus
722 342 972 398 Hadingus,
1014 343 1115 385 dum
1147 342 1283 385 classe
1313 340 1573 396 Noruagiam
1614 354 1708 396 pre-

263 400 421 454 teriret,
453 400 754 443 animaduertit
783 401 824 442 in
856 402 999 443 littore
1033 415 1174 444 senem
1209 400 1354 441 crebro
1387 399 1555 441 amiculi
1590 402 1708 440 motu

265 458 499 514 appellendi
521 459 679 514 nauigii
696 460 882 501 monitus
904 459 1165 501 afferentem.
1202 458 1354 511 Quem,
1376 456 1708 512 repugnantibus

267 517 403 570 sociis,
422 517 758 573 damnosumque
775 517 1052 573 profeccionis
1074 516 1369 558 diuerticulum
1386 513 1708 568 affirmantibus,

266 589 377 617 naue
408 579 651 631 susceptum
683 574 947 617 centuriandi
980 575 1191 616 exercitus
1222 579 1440 615 auctorem
1471 572 1629 622 habuit,
1666 572 1708 613 in

266 633 502 674 ordinanda
533 634 749 688 agminum
778 633 949 675 racione
971 633 1177 675 curiosius
1198 632 1420 684 attendere
1451 630 1635 683 solitum,
1662 635 1709 671 ut

264 691 399 746 prima
429 705 505 747 per
536 690 719 747 dyadem
751 692 950 746 phalanx,
981 704 1031 733 ac
1061 704 1137 746 per
1167 690 1375 732 tetradem
1405 688 1592 731 secunda
1612 702 1709 730 con-

265 754 409 803 staret,
437 749 567 791 tercia
590 763 690 791 uero
715 749 903 790 octoadis
933 749 1175 791 adieccione
1196 751 1495 800 succresceret,
1527 760 1710 802 semper-

265 821 346 863 que
378 807 559 863 priorem
591 806 817 863 insequens
839 807 1095 863 duplicitatis
1117 810 1348 861 augmento
1379 804 1708 847 transcenderet.

264 865 384 908 Idem
428 878 596 920 quoque
640 865 903 907 funditorum
945 865 1033 906 alas
1075 864 1118 906 in
1161 868 1398 906 extremam
1440 863 1572 904 aciem
1614 876 1710 904 con-

268 924 418 967 cedere
459 923 603 976 iussit,
647 923 788 978 eisque
831 923 1146 978 sagittariorum
1192 921 1360 964 ordines
1391 921 1580 963 sociauit.
1640 920 1710 963 Ita

265 981 438 1038 digestis
476 982 518 1022 in
556 994 733 1023 cuneum
778 981 982 1034 cateruis,
1024 981 1114 1036 ipse
1155 983 1253 1036 post
1293 979 1545 1021 bellatorum
1587 983 1708 1034 terga

265 1040 522 1090 consistens,
566 1052 615 1080 ac
649 1038 862 1090 folliculo,
894 1052 1018 1094 quem
1058 1038 1211 1080 ceruici
1244 1038 1477 1093 impensum
1509 1037 1709 1090 habebat,

266 1098 478 1140 ballistam
512 1095 762 1147 extrahens,
802 1110 883 1151 que
914 1097 1096 1152 primum
1128 1096 1250 1136 exilis
1282 1096 1396 1149 uisa,
1440 1109 1539 1136 mox
1574 1108 1707 1136 cornu

262 1156 448 1199 tensiore
471 1154 716 1211 prominuit,
748 1154 878 1196 denos
900 1168 1032 1195 neruo
1050 1154 1242 1208 ,calamos
1264 1152 1505 1208 adaptauit;
1538 1153 1609 1208 qui
1636 1167 1707 1194 ue-

263 1215 434 1269 geciore
475 1216 586 1254 iactu
625 1212 782 1267 pariter
813 1212 854 1252 in
886 1212 1053 1253 hostem
1096 1212 1263 1264 detorti,
1291 1214 1296 1263 Ι
1323 1210 1500 1252 totidem
1531 1223 1706 1252 numero
1759 1249 1766 1257 ,

263 1272 444 1314 uulnera
474 1271 753 1312 confixerunt.
815 1269 934 1311 Tunc
956 1270 1252 1325 Byarmenses,
1286 1283 1402 1310 arma
1434 1269 1594 1310 artibus
1615 1282 1707 1324 per-

262 1334 498 1382 mutantes,
542 1328 793 1370 carminibus
836 1328 876 1369 in
911 1328 1076 1369 nimbos
1123 1327 1290 1369 soluere
1328 1327 1463 1368 celum
1494 1327 1708 1381 letamque

263 1388 371 1430 aeris
401 1387 551 1429 faciem
583 1386 692 1427 tristi
722 1385 917 1427 imbrium
950 1386 1171 1441 aspergine
1194 1384 1489 1427 confuderunt.
1531 1384 1586 1426 Et
1608 1397 1705 1425 con-

264 1446 393 1488 trario
427 1459 558 1487 senex
591 1444 786 1486 obortam
823 1441 1062 1498 imb<r>ium
1093 1443 1246 1485 molem
1280 1443 1407 1484 obuia
1438 1442 1551 1484 nube
1581 1442 1708 1498 pelle-

263 1504 359 1557 bat,
398 1503 697 1558 madoremque
736 1502 881 1557 pluuie
922 1501 1066 1543 nubilo
1107 1501 1341 1556 castigabat
1381 1501 1561 1542 obiectu.
1630 1498 1707 1540 Vi-

266 1567 424 1604 ctorem
447 1560 693 1615 Hadingum
717 1559 910 1601 dimissus
924 1573 1076 1617 senex,
1107 1573 1193 1600 non
1214 1558 1256 1600 ui
1276 1559 1433 1611 hostili,
1453 1558 1526 1599 sed
1555 1557 1706 1599 uolun-

264 1621 370 1662 tario
402 1619 549 1662 mortis
581 1632 738 1673 genere
769 1617 1101 1660 consumendum
1122 1616 1317 1672 predixit,
1352 1616 1558 1672 clarisque
1588 1614 1708 1656 bellis

266 1678 446 1720 obscura
478 1691 526 1719 ac
558 1676 798 1731 longinquis
831 1676 1006 1717 finitima
1036 1689 1273 1731 preponere
1305 1675 1452 1717 uetuit.

404 1735 499 1784 Quo
531 1734 692 1787 relicto,
725 1733 950 1788 Hadingus
981 1733 1034 1775 ab
1059 1732 1214 1774 Vffone
1246 1746 1320 1789 per
1351 1732 1552 1787 colloquii
1583 1731 1707 1772 simu-

264 1794 474 1837 lacionem
495 1794 537 1835 in
567 1792 774 1848 Vpsalam
799 1793 1040 1844 accersitus,
1074 1791 1236 1833 amissis
1266 1804 1340 1846 per
1369 1790 1541 1832 insidias
1571 1789 1706 1841 sociis,

265 1852 401 1894 noctis
431 1851 579 1894 habitu
600 1854 818 1905 protectus
849 1849 1031 1905 aufugit.
1083 1848 1194 1890 Nam
1216 1848 1351 1890 Danis
1372 1847 1475 1902 edis,
1506 1848 1548 1888 in
1579 1860 1706 1902 quam

267 1909 451 1953 conuiuii
495 1911 666 1951 nomine
711 1907 919 1950 contracti
963 1907 1152 1962 fuerant,
1198 1920 1421 1949 excessum
1464 1905 1707 1961 petentibus

266 1972 409 2024 presto
444 1972 548 2019 erat,
581 1966 663 2021 qui,
695 1966 898 2022 cuiusque
930 1969 1124 2007 exertum
1153 1964 1314 2007 foribus
1346 1968 1474 2020 caput
1502 1963 1615 2005 ferro
1637 1962 1708 2004 de-

265 2029 458 2068 meteret.
532 2024 660 2067 Cuius
700 2024 800 2066 facti
842 2023 1039 2065 iniuriam
1080 2022 1211 2077 prelio
1253 2022 1468 2064 insecutus
1505 2020 1707 2063 Vffonem

270 2083 498 2140 oppressit,
539 2083 712 2137 eiusque
743 2095 910 2137 corpus,
943 2080 1134 2136 deposito
1166 2079 1284 2133 odio,
1323 2079 1537 2135 conspicui
1570 2078 1706 2134 operis

268 2142 487 2184 mausoleo
529 2140 765 2193 mandauit,
805 2139 1127 2194 amplitudinem
1168 2138 1301 2180 hostis
1343 2139 1562 2181 elaborato
1595 2136 1707 2178 busti

269 2199 496 2256 splendore
527 2197 758 2240 confessus.
818 2197 908 2249 Ita,
950 2211 1074 2252 quem
1115 2196 1260 2237 uiuum
1293 2196 1435 2238 hostili
1474 2195 1614 2237 studio
1646 2194 1707 2235 in-

269 2257 422 2300 sectari
465 2256 652 2307 solebat,
708 2256 940 2298 extinctum
986 2253 1157 2296 honoris
1203 2253 1418 2310 impendio
1465 2252 1705 2294 decorabat.

267 2316 324 2359 Et
353 2319 401 2357 ut
421 2315 501 2357 sibi
523 2314 688 2356 deuicte
710 2313 848 2369 gentis
871 2312 1033 2355 animos
1055 2311 1310 2366 conciliaret,
1344 2311 1519 2354 fratrem
1538 2310 1705 2351 Vffonis

266 2373 544 2428 Hundingum
575 2385 705 2428 regno
738 2371 925 2428 prefecit,
956 2383 1009 2412 ne
1038 2369 1260 2424 imperium
1280 2370 1427 2426 pocius
1458 2370 1500 2410 in
1534 2372 1705 2411 exteros

266 2430 544 2482 transfusum,
585 2443 712 2486 quam
751 2429 794 2470 in
824 2427 1035 2471 Asmundi
1074 2427 1234 2469 familia
1266 2428 1557 2469 continuatum
1587 2425 1704 2467 uide-

266 2494 397 2533 retur.
1545 2483 1547 2485 ’

406 2546 615 2602 Cumque,
648 2544 815 2587 sublato
846 2544 931 2586 iam
961 2543 1124 2596 emulo,
1169 2543 1407 2599 complures
1453 2556 1586 2585 annos
1628 2555 1705 2597 per

266 2618 473 2648 summam
503 2617 716 2645 armorum
748 2601 1071 2645 desuetudinem
1101 2615 1241 2643 rerum
1273 2600 1508 2656 agitacione
1543 2613 1705 2641 uacuus
