1884 3126
49 898 82 925 10

46 1189 80 1216 15

40 1477 78 1505 20

43 1768 79 1796 25

43 2059 79 2087 ³0

44 2347 80 2375 35

48 2625 84 2652 40

654 260 709 268 —-
769 235 908 278 XIIII
968 262 1020 266 —
1480 239 1563 281 567

116 364 251 413 Quam
284 365 393 406 inter
424 368 587 406 ceteros
619 364 751 405 eciam
775 380 850 405 rex
875 365 1101 407 Danorum
1124 366 1266 407 Sueno
1289 363 1561 421 proliuciandi

114 423 254 478 gracia
295 422 494 476 exquisiti
541 422 680 463 cultus
728 424 881 476 poculo
922 428 1151 465 ueneratus
1195 429 1280 477 est,
1327 426 1564 480 alienigene

115 481 330 536 religionis
363 480 545 521 studium
571 479 805 521 domestice
828 481 1098 536 preferendo,
1131 483 1247 524 cuius
1271 488 1368 538 post
1391 483 1563 524 modum

115 539 323 593 sacrilegii
354 538 507 579 infelici
538 551 639 578 nece
671 551 802 592 penas
835 539 1053 594 per-soluit.
1115 540 1211 581 Alia
1255 554 1424 596 quoque
1465 540 1564 582 fana

115 597 404 651 compluribus
437 597 477 637 in
510 596 612 637 locis
645 596 722 637 hoc
754 610 912 637 numen
935 597 1134 649 habebat,
1167 611 1248 652 que
1271 612 1346 653 per
1368 600 1563 654 supparis

114 654 331 709 dignitatis
354 669 403 695 ac
425 653 595 695 minoris
617 653 812 708 potencie
836 655 1027 696 flamines
1050 657 1321 709 regebantur.
1360 656 1564 698 Preterea

113 713 372 767 peculiarem
404 711 485 752 albi
520 712 670 753 coloris
703 725 856 767 equum
885 713 1007 754 titulo
1031 713 1291 767 possidebat,
1325 715 1442 755 cuius
1465 714 1563 755 iube

114 776 186 812 aut
218 770 350 811 caude
385 770 490 824 pilos
524 769 766 810 conuellere
796 770 1006 811 nefarium
1028 770 1278 814 ducebatur.
1333 772 1462 813 Hunc
1483 773 1562 814 soli

113 827 321 869 sacerdoti
353 827 558 884 pascendi
589 827 884 883 insidendique
914 830 979 869 ius
1008 835 1111 879 erat,
1143 843 1195 870 ne
1219 829 1349 870 diuini
1373 830 1563 872 animalis

112 900 227 938 usus,
260 900 343 940 quo
375 885 657 941 frequencior,
691 885 770 926 hoc
804 886 928 927 uilior
960 886 1202 928 haberetur.
1264 887 1314 928 In
1346 889 1425 928 hoc
1453 902 1562 944 equo

1620 384 1646 409 ῃ.
1665 375 1718 402 826

114 944 311 999 opinione
341 943 481 997 Rugie
514 944 793 986 Suantouitus
827 944 888 993 (id
923 944 1144 986 simulacro
1173 946 1427 987 uocabulum
1450 946 1562 996 erat)
1609 995 1612 999 ἢ

113 1002 341 1043 aduersum
373 1015 589 1043 sacrorum
622 1015 794 1042 suorum
826 1002 968 1044 hostes
993 1002 1104 1044 bella
1126 1017 1275 1057 gerere
1298 1003 1563 1045 credebatur.

114 1060 245 1101 Cuius
266 1060 324 1100 rei
348 1060 594 1114 precipuum
614 1064 907 1114 argumentum
929 1061 1138 1110 exstabat,
1160 1060 1271 1115 quod
1291 1062 1339 1113 is,
1358 1066 1563 1103 nocturno

113 1123 304 1173 tempore
337 1118 501 1159 stabulo
535 1117 747 1168 insistens,
781 1117 890 1160 adeo
924 1118 1158 1173 plerunque
1192 1133 1315 1160 mane
1338 1119 1492 1160 sudore
1516 1133 1564 1160 ac

114 1177 201 1217 luto
225 1190 442 1231 respersus
466 1175 704 1225 uidebatur,
730 1183 932 1230 tanquam
953 1176 1005 1217 ab
1024 1176 1331 1218 exercitacione
1352 1177 1564 1218 ueniendo

111 1248 361 1288 magnorum
394 1234 594 1274 itinerum
625 1234 764 1287 spacia
797 1235 1086 1288 percurrisset.
1150 1235 1351 1289 Auspicia
1395 1249 1565 1291 quoque

111 1307 187 1347 per
217 1292 398 1333 eundem
430 1305 585 1347 equum
609 1290 731 1333 huius
759 1292 871 1333 modi
894 1293 1183 1334 sumebantur.
1237 1292 1339 1334 Cum
1373 1294 1378 1341 Ι
1405 1293 1562 1334 bellum

112 1350 340 1391 aduersum
364 1350 547 1404 aliquam
571 1350 832 1403 prouinciam
856 1350 1011 1404 suscipi
1034 1350 1275 1405 placuisset,
1299 1357 1397 1391 ante
1417 1351 1562 1392 fanum

112 1409 266 1464 triplex
298 1408 514 1449 hastarum
551 1407 654 1448 ordo
689 1409 973 1449 ministrorum
1008 1422 1139 1463 opera
1181 1409 1347 1464 disponi
1386 1409 1564 1459 solebat,

110 1467 151 1506 in
188 1481 367 1520 quorum
401 1464 591 1521 quolibet
624 1465 721 1506 bine
754 1479 776 1506 e
808 1473 1050 1507 transuerso
1084 1467 1238 1518 iuncte,
1273 1468 1491 1508 conuersis
1523 1467 1566 1508 in

111 1528 264 1565 terram
287 1524 546 1580 cuspidibus,
568 1524 821 1576 figebantur,
845 1526 982 1579 equali
1006 1525 1248 1579 spaciorum
1272 1525 1565 1578 magnitudine

112 1583 279 1623 ordines
313 1582 565 1637 disparante.
620 1582 684 1622 Ad
719 1596 823 1637 quos
859 1596 992 1637 equus
1027 1583 1237 1623 ‹luctande
1270 1582 1564 1637 expedicionis

110 1646 317 1695 tempore,
349 1641 512 1687 solenni
544 1641 791 1695 precacione
825 1640 1042 1694 premissa,
1077 1654 1100 1680 a
1132 1640 1355 1681 sacerdote
1390 1655 1412 1682 e
1435 1641 1566 1681 uesti-

111 1699 211 1739 bulo
245 1713 340 1739 cum
372 1699 617 1739 loramentis
649 1698 897 1752 productus,
931 1699 962 1738 si
995 1698 1235 1753 propositos
1270 1698 1438 1739 ordines
1463 1703 1564 1740 ante

110 1756 262 1797 dextro
305 1770 429 1811 quam
472 1758 569 1797 leuo
614 1755 724 1809 pede
768 1756 1108 1809 transcenderet,
1156 1757 1343 1798 faustum
1389 1756 1563 1810 gerendi

114 1815 208 1855 belli
263 1828 385 1855 omen
439 1814 746 1867 accipiebatur:
798 1816 858 1855 sin
914 1815 1057 1856 leuum
1112 1814 1177 1855 uel
1230 1814 1360 1855 semel
1414 1814 1564 1855 dextro

112 1873 370 1927 pretulisset,
404 1872 586 1927 petende
622 1873 838 1924 prouincie
872 1873 1139 1927 propositum
1174 1872 1431 1913 mutabatur.
1477 1870 1566 1912 Nec

111 1931 226 1985 prius
272 1934 384 1971 certa.
428 1930 651 1985 nauigacio
701 1930 1014 1985 prefigebatur.
1064 1945 1189 1985 quam
1237 1931 1317 1971 tria
1363 1930 1565 1970 continue

113 1988 289 2043 pocior-is
331 1988 518 2030 incessus
563 1989 744 2040 uestigia
778 1995 1066 2029 cernerentur.
1129 1988 1197 2028 Ad
1235 1987 1352 2029 uaria
1396 2001 1566 2042 quoque

112 2046 287 2100 negocia
332 2046 562 2100 profecturi
612 2062 664 2087 ex
716 2047 850 2100 primo
899 2047 1092 2087 animalis
1142 2061 1321 2087 occursu
1370 2050 1568 2087 uotorum

112 2105 299 2159 auspicia
333 2104 570 2158 capiebant.
636 2104 730 2151 Quo
765 2105 798 2145 si
830 2104 913 2144 leta
956 2103 1154 2154 fuissent,
1197 2109 1366 2158 ceptum
1406 2104 1567 2143 alacres

111 2163 190 2203 iter
222 2162 474 2217 carpebant3
509 2162 570 2203 sin
594 2162 742 2213 tristia,
774 2163 935 2203 reflexo
961 2177 1085 2203 cursu
1111 2163 1282 2217 propria
1305 2160 1566 2216 repetebant.

112 2220 201 2261 Nec
234 2220 418 2261 sorcium
451 2221 508 2266 eis
544 2235 643 2261 usus
675 2220 848 2274 ignotus
880 2221 1040 2273 extitit3
1074 2220 1279 2275 siquidem
1308 2220 1442 2259 tribus
1465 2218 1568 2272 ligni

113 2278 352 2333 particulis,
392 2283 511 2332 parte
554 2279 690 2319 altera
733 2277 862 2323 albis,
907 2279 1040 2319 altera
1085 2278 1235 2332 nigris,
1279 2278 1317 2317 in
1362 2276 1568 2331 gremium

111 2337 297 2377 sorcium
327 2336 422 2377 loco
456 2336 674 2389 coniectis,
708 2336 899 2376 candidis
932 2334 1178 2391 p1·ospera,²¹³
1219 2334 1351 2376 furuis
1388 2334 1568 2374 aduersa

113 2394 351 2447 signabant.
434 2393 516 2435 Sed
579 2408 632 2434 ne
694 2394 850 2434 femine
913 2394 1083 2448 quidem
1145 2393 1199 2433 ab
1259 2393 1339 2433 hoc
1391 2392 1567 2432 sciencie

113 2466 269 2506 genere
313 2453 517 2493 immunes
564 2451 696 2493 fuere.
773 2451 941 2505 Quippe
988 2451 1082 2491 foco
1131 2450 1365 2491 assidentes
1409 2449 1568 2504 absque

114 2510 426 2564 supputacione
493 2509 691 2550 fortuitas
753 2510 793 2549 in
856 2509 996 2550 cinere
1065 2509 1197 2549 lineas
1259 2507 1568 2548 describebant.

114 2568 228 2616 Quas
260 2568 293 2608 si
326 2581 448 2622 pares
480 2572 786 2618 numerassent,
820 2580 1020 2621 prospere
1052 2567 1113 2607 rei
1134 2566 1327 2620 vprescias
1354 2567 1360 2614 l
1387 2565 1564 2606 arbitra-

115 2625 291 2679 bantur;
323 2626 357 2666 si
387 2626 583 2681 impares,
616 2625 774 2667 sinistri
806 2625 1058 2680 prenuncias
1090 2623 1382 2666 autumabant.
1427 2622 1566 2665 Huius

1619 1311 1645 1336 p.
1665 1302 1714 1328 {³¹27

1589 2345 1776 2374 chvffl·

1620 2581 1648 2605 p.
1670 2572 1720 2598 828
