1884 3126
29 889 64 915 10

34 1176 65 1203 15

24 1469 62 1496 20

25 1757 60 1784 25

24 2049 61 2076 30

23 2337 59 2364 35

25 2626 60 2653 40

644 245 698 251 —
757 221 895 264 XIIII
955 245 1007 252 -—-
1372 218 1374 220 ’
1463 225 1587 266 559’

101 351 436 394 munificenciam
466 351 631 406 ingrato
663 350 862 393 estimans
893 351 1050 393 animo.
1112 350 1250 393 Tanta
1280 355 1422 394 autem
1444 366 1545 394 cura

100 410 315 453 monitoris
347 414 495 475 partes
535 408 709 464 exsequi
749 409 839 451 uoti
878 407 1294 464 nuncupat-[floribus
1337 410 1439 464 fuit,
1481 415 1542 464 ut,

100 482 194 510 cum
226 483 335 509 unus
366 482 420 509 ex
450 468 522 520 eis,
553 467 700 508 ultime
723 467 858 518 etatis,
889 467 943 508 ad
965 467 1225 522 inspicienda
1247 467 1362 509 ducis
1390 482 1543 510 arcana

98 527 208 568 inter
239 526 417 567 arbitros
449 525 677 581 admissus,
719 525 913 567 sedulum
952 525 1155 566 stertendi
1195 540 1317 567 usum
1354 525 1542 579 haberet,

98 584 405 650 excitatusque
438 583 538 639 quid
569 577 621 624 de
652 597 697 639 re
728 583 914 638 presenti
934 583 1131 637 sentiret,
1174 597 1199 624 a
1229 583 1543 626 considentibus

97 642 350 708 interrogari
390 642 564 693 soleret,
611 641 811 682 maiorem
852 641 1043 695 preteriti
1074 641 1161 682 uoti
1193 655 1320 696 quam
1351 642 1543 684 instantis

97 701 261 755 negocii
293 696 550 755 melmoriam
590 699 797 752 retinens,
840 699 1097 740 ductandum
1136 699 1180 740 in
1211 700 1385 741 80101103
1422 715 1542 742 exer-

98 759 228 800 citum
268 758 552 812 responderet.
615 756 651 798 O
688 757 937 799 immensam
969 756 1270 808 constanciam,
1304 772 1394 813 que
1417 773 1469 800 ne
1499 759 1541 801 in

97 816 187 872 ipso
220 816 390 872 quidem
422 816 545 857 etatis
577 829 727 857 occasu
768 815 963 870 promissi
1003 815 1222 856 immemor
1260 830 1348 857 esse
1381 816 1539 870 potuit!

97 874 196 923 Quis
239 878 380 915 autem
421 874 571 915 mentis
614 887 781 928 compos
822 873 929 914 hanc
968 873 1154 927 religiosi
1192 874 1355 915 consilii
1394 889 1541 916 uocem

96 932 237 974 senilis
268 932 397 974 animi
419 932 743 973 deliramentum
765 931 892 972 fuisse
916 931 1168 972 crediderit?
1201 931 1364 973 Vereor
1384 938 1539 986 autem,

96 990 355 1031 carissimum
399 990 524 1031 michi
564 990 728 1042 uirum,
769 989 1001 1030 amicorum
1042 989 1245 1043 religione
1286 994 1539 1046 contempta,

96 1062 150 1089 ex
181 1062 344 1090 summo
377 1047 543 1090 fortune
574 1047 743 1101 fastigio
774 1048 818 1088 in
852 1047 1054 1088 humilem
1084 1047 1347 1101 priuatorum
1386 1054 1541 1091 sortem

96 1111 287 1148 extrema
329 1107 448 1147 ruine
489 1105 759 1147 deformitate
791 1120 997 1147 casurum.
1059 1105 1152 1160 Ego
1184 1119 1306 1158 uero,
1347 1107 1540 1161 promissi

96 1164 255 1206 dudum
287 1164 388 1206 belli
420 1164 598 1206 militem
620 1163 803 1217 agendo,
835 1169 975 1205 ternas
1000 1163 1176 1205 aduerso
1199 1178 1370 1218 corpore
1392 1165 1540 1220 plagas

97 1224 252 1278 accepi.
303 1222 465 1270 Quibus
497 1222 531 1263 si
562 1222 681 1263 binas
712 1222 787 1263 sub
810 1222 958 1263 eodem
982 1222 1132 1263 milicie
1155 1222 1278 1262 titulo
1301 1223 1538 1275 sociassem,

96 1280 280 1334 supremi
311 1280 454 1321 iudicii
486 1285 675 1335 tempore
708 1280 852 1321 diuina
884 1280 1060 1320 uulnera
1092 1280 1196 1321 meis
1227 1278 1380 1334 equata
1413 1281 1540 1322 auda-

95 1339 211 1380 cibus
244 1339 374 1380 oculis
405 1338 680 1393 iuspectanda
711 1352 1011 1393 presumerem.
1076 1338 1167 1385 Quo
1210 1338 1319 1379 dicto
1363 1343 1404 1379 et
1436 1343 1539 1380 tem·

94 1411 323 1462 poraneam
369 1396 544 1437 Henrici
590 1397 754 1437 ruinam
805 1401 847 1438 et
896 1396 1196 1450 sempiternum
1248 1396 1414 1438 uirtutis
1465 1412 1537 1439 sue

92 1455 299 1510 premium
331 1459 563 1509 auguratus
594 1459 669 1496 est.

1597 722 1625 747 p.
1644 714 1696 741 812

228 1513 291 1554 Eo
308 1518 496 1567 tempore
514 1527 579 1554 res
596 1512 770 1563 Danica,
789 1512 1096 1568 circunquaque
1115 1512 1372 1554 difficillimis
1389 1513 1535 1555 obfusa
1555 1518 1697 1548 (11va
1701 1527 1725 1548 11

96 1571 305 1626 periculis,
337 1571 492 1612 crebris
523 1570 794 1611 finitimorum
825 1570 984 1612 insidiis
1017 1571 1274 1624 tentabatur,
1309 1570 1403 1612 hinc
1428 1570 1534 1612 Nor-

94 1629 386 1683 uagiensibus,
437 1628 533 1669 inde
585 1628 746 1670 80101113
797 1628 1118 1683 Saxonibusque
1169 1629 1247 1669 sibi
1307 1629 1535 1682 perniciem

95 1686 445 1728 machinantibus
508 1686 597 1734 Quo
630 1686 786 1739 euenit,
816 1692 860 1727 ut
891 1687 997 1728 nulli
1029 1686 1208 1727 hostium
1236 1687 1433 1728 audacter
1464 1688 1534 1728 ob-

93 1745 238 1786 uiandi
258 1744 456 1786 fiduciam
479 1744 666 1796 haberet,
690 1748 893 1792 metuens,
926 1759 991 1798 ne,
1025 1745 1121 1786 dum
1145 1759 1275 1785 unum
1296 1745 1534 1800 repelleret,

93 1803 146 1844 ab
187 1804 319 1844 altero
360 1807 634 1857 premeretur.
696 1802 760 1843 Ea
801 1803 935 1857 patrie
976 1803 1282 1845 necessitudine
1324 1808 1535 1858 permotus

94 1861 394 1912 Guthscalcus,
436 1860 507 1915 qui
548 1864 589 1902 et
630 1861 718 1914 ipsc
760 1860 944 1913 80101113,
988 1866 1075 1902 tum
1120 1861 1173 1902 ob
1205 1861 1347 1915 lingue
1388 1876 1536 1902 eorum

93 1920 313 1973 periciam,
362 1924 449 1959 tum
498 1918 549 1959 ob
598 1924 770 1973 paterne
816 1920 1003 1960 amicicie
1050 1920 1238 1960 fauorem
1283 1932 1332 1959 ac
1378 1919 1535 1973 proprii

94 1977 304 2018 conuictus
335 1976 670 2030 assuetudinem,
703 1976 1001 2030 perfamiliaris
1042 1976 1297 2029 habebatur,
1330 1975 1535 2018 Absaloni

92 2036 218 2076 tacite
259 2039 394 2076 artem
425 2049 450 2075 a
480 2049 523 2075 se
555 2039 765 2089 repertam
797 2033 1002 2087 insinuat,
1041 2049 1124 2090 qua
1164 2049 1233 2076 eos
1276 2040 1448 2089 repente
1480 2049 1533 2076 ex

93 2092 237 2134 amicis
270 2092 490 2133 Saxonum
520 2093 661 2134 hostes
693 2092 890 2135 efficeret.
944 2093 1110 2148 Quippe
1142 2106 1185 2134 se
1208 2092 1419 2134 Sclauiam
1450 2106 1532 2133 non

93 2150 331 2205 legacionis,
364 2150 435 2191 sed
470 2150 757 2192 beniuolencic
788 2151 1059 2192 simulacione
1095 2156 1238 2205 petere
1261 2151 1371 2192 uelle
1402 2151 1532 2205 signi-

93 2208 203 2261 ficat,
235 2213 436 2263 tanquam
465 2207 631 2263 proprie
664 2209 849 2250 caritatis
880 2208 1006 2250 ductu
1036 2209 1156 2250 utilia
1187 2208 1331 2249 amicis
1362 2208 1533 2249 consilia

94 2266 358 2320 largiturum.
428 2265 536 2308 Fore
582 2267 716 2319 enim,
759 2270 806 2308 ut
851 2266 1032 2308 hostium
1078 2266 1324 2319 credulitas,
1372 2266 1533 2307 callidis

91 2329 422 2365 commentorum
467 2325 627 2379 laqueis
674 2324 968 2377 circunuenta,
1017 2324 1237 2366 Danorum
1284 2324 1531 2374 amiciciam,

92 2382 256 2423 abiecta.
290 2381 504 2423 Saxonum
535 2380 877 2436 do<mi>nacione,
910 2387 1133 2438 repeteret.
1196 2381 1316 2430 Quod
1348 2381 1533 2422 studium

92 2440 276 2481 maxime
308 2439 385 2481 sibi
415 2440 551 2493 gentis
582 2440 693 2481 illius
734 2440 916 2482 moribus
947 2440 1191 2505 persuaderi
1222 2439 1411 2493 dicebat,
1452 2453 1532 2494 que

91 2498 324 2552 plerunque
356 2498 593 2539 temeritate
626 2498 702 2538 niti
734 2502 966 2553 cunctaque
997 2498 1166 2553 pronius
1197 2511 1322 2552 quam
1357 2496 1533 2551 pruden-

93 2555 178 2597 cius
211 2555 364 2610 exequi
395 2556 537 2596 soleat.
599 2554 811 2608 Absalon,
852 2555 1069 2599 interdum
1106 2556 1317 2610 priuatum
1355 2569 1532 2596 acumen

91 2613 268 2669 publicis
299 2614 457 2655 uiribus
478 2618 667 2669 prestare
689 2618 816 2666 ratus,
847 2613 1020 2655 laudata
1043 2613 1286 2655 Guthscalci
1312 2612 1531 2669 industria,

1577 1558 1709 1593 (316.a⁷)

1580 1610 1607 1634 p
1626 1604 1701 1633 8143
