1884 3126
195 874 231 901 10

195 1163 231 1190 15

197 1454 234 1480 20

194 1743 230 1770 25

194 2031 230 2058 30

196 2320 232 2348 35

197 2609 234 2638 40

266 214 348 255 332
850 235 905 241 —·
962 212 1006 254 X
1066 235 1118 242 --

264 340 486 383 Exercitus
506 353 704 395 namque,
726 343 811 381 tam
834 340 1027 395 probrosi
1048 340 1173 382 officii
1197 341 1452 382 contumelia
1469 341 1703 407 lacessitus,

264 412 340 454 pio
364 413 446 453 quo
471 399 616 463 iugum
638 398 808 453 tulerat,
841 412 957 439 arma
980 412 1133 454 capere
1161 399 1385 450 recusauit.
1418 397 1569 453 Neque
1593 399 1704 440 enim

265 456 493 497 maiestatis
518 456 564 508 Η
554 455 729 510 lmperio
751 461 823 498 aut
854 470 980 522 prece
1010 456 1162 498 adduci
1194 457 1346 511 potuit,
1378 460 1425 497 ut
1456 456 1544 498 eius
1577 458 1703 512 capiti
1758 453 1884 499 (186)¹

264 514 599 555 incolumitatem
632 518 843 568 quereret,
877 514 947 569 qui
979 515 1164 556 omnium
1199 514 1385 564 ceruices
1418 514 1707 556 erubescenda

265 572 450 613 iussione
482 571 735 613 damnasset.
797 571 1002 613 Nonnulli
1031 575 1196 624 tamen,
1238 571 1455 627 popularis
1492 573 1707 615 sentencie

264 634 475 684 expertes,
507 629 615 670 inter
646 629 815 683 publice
854 630 1212 672 consternacionis
1256 630 1463 684 procellas
1504 634 1707 672 consueta

264 702 308 727 se
361 702 461 742 erga
512 700 654 740 regem
706 688 882 729 caritate
934 693 1168 742 gesserunt.
1231 687 1392 735 Quibus
1442 687 1706 729 adiutoribus

264 760 380 798 usus,
413 746 511 786 dum
543 745 615 785 filii
646 749 824 786 conatus
856 747 982 787 armis
1014 745 1170 787 elidere
1192 745 1349 794 nititur,
1382 746 1519 787 acrius
1541 745 1707 800 sangui-

263 804 326 845 nis
373 803 437 844 sui
483 802 642 844 uiribus
691 810 975 857 oppugnatur.
1038 803 1254 859 Siquidem
1296 803 1407 845 bello
1450 818 1474 845 a
1512 804 1707 847 Suenone

262 862 412 913 uictus,
444 861 589 915 fugam
622 875 741 901 suam
773 860 988 903 Sialandie
1021 861 1209 909 credidit,
1242 862 1556 916 contractisque
1579 876 1632 903 ex
1656 877 1707 904 ea

263 919 444 971 uiribus,
495 933 659 959 rursum
713 918 969 960 consimilem
1019 920 1187 961 fortune
1238 918 1427 960 habitum
1479 920 1621 960 nauali
1654 934 1707 961 ex

266 978 493 1020 certamine
526 976 685 1019 retulit.
747 976 924 1032 Iamque
949 977 1197 1019 domesticis
1222 981 1353 1019 exuto
1378 977 1506 1032 copiis
1530 982 1708 1019 externa

264 1049 412 1076 manus
444 1033 709 1089 imploranda
731 1035 928 1075 restabat.
970 1035 1118 1090 Igitur,
1150 1036 1297 1076 relicta
1328 1037 1477 1090 patria,
1510 1035 1707 1089 Iulinum,

262 1093 434 1135 Danicis
491 1093 616 1133 armis
662 1091 879 1147 refertum,
932 1097 1078 1148 utpote
1130 1092 1378 1134 fidissimum
1428 1093 1580 1135 milicie
1632 1107 1707 1135 sue

264 1151 469 1205 gremium
504 1150 629 1191 exilio
663 1150 829 1204 petiuit.
894 1150 1061 1193 Interea
1106 1150 1262 1202 Sueno,
1305 1150 1494 1192 nondum
1529 1155 1706 1205 paterno

266 1209 361 1250 odio
412 1210 614 1264 pietatem
657 1208 842 1249 uiolasse
884 1213 1117 1260 contentus,
1159 1208 1420 1250 conciliande
1463 1209 1542 1250 sibi
1572 1209 1707 1264 plebis

264 1268 407 1321 gracia
454 1266 596 1308 effusis
648 1266 874 1320 impietatis
921 1266 1097 1307 habenis
1159 1266 1435 1308 delendorum
1496 1280 1708 1308 sacrorum

265 1339 408 1366 curam
440 1325 577 1365 animo
603 1323 858 1379 pertinacius
880 1325 1072 1378 sumpsit,
1106 1325 1305 1379 omnique
1328 1324 1558 1366 diuinitatis
1591 1325 1707 1366 cultu

265 1383 399 1438 patria
435 1383 583 1436 eiecto,
618 1381 876 1422 uictimarios
908 1383 1090 1436 templis,
1122 1383 1204 1424 aris
1235 1382 1465 1424 libamenta
1507 1382 1705 1425 restituit.

265 1441 399 1489 Quem
432 1455 598 1481 rursum
631 1443 750 1494 pater
782 1439 922 1480 mixtis
953 1440 1174 1481 Danorum
1208 1440 1539 1495 Sclauorumque
1577 1440 1706 1495 copiis

263 1498 377 1553 apud
426 1498 643 1552 Helgenes
691 1497 807 1538 littus
854 1504 1097 1552 aggressus,
1146 1497 1254 1540 diem
1301 1498 1436 1552 prelio
1478 1503 1565 1539 tam
1607 1497 1707 1553 fuge

263 1571 390 1611 quam
423 1556 600 1597 uictorie
632 1555 794 1596 alienus
827 1556 1022 1597 extraxit.
1063 1555 1113 1596 In
1146 1570 1228 1611 quo
1253 1555 1473 1610 defatigati
1494 1555 1705 1597 exercitus

263 1613 468 1656 nectende
509 1613 624 1669 pacis
656 1613 799 1666 gracia
829 1617 1046 1667 posteram
1076 1614 1212 1655 lucem
1246 1614 1458 1668 colloquio
1492 1613 1707 1666 tribuunt3

264 1686 357 1714 cum
397 1672 508 1714 forte
540 1670 774 1724 Haraldus,
821 1671 1002 1712 creande
1044 1671 1366 1726 composicionis
1396 1671 1550 1712 fiducia
1582 1670 1706 1713 licen-

263 1730 349 1772 cius
394 1736 618 1784 euagatus,
668 1729 710 1769 in
757 1729 1023 1782 angustiores
1069 1729 1252 1771 nemoris
1300 1733 1443 1784 partes
1489 1729 1706 1771 concessit.

262 1788 348 1830 Vbi
390 1802 484 1829 cum
529 1785 803 1828 exinaniendi
849 1787 1007 1828 uentris
1040 1787 1181 1841 gracia
1213 1787 1395 1828 arbustis
1427 1786 1639 1838 insideret,
1683 1800 1707 1827 a

263 1846 453 1898 Tokone,
486 1845 730 1886 iniuriarum
762 1857 932 1885 suarum
964 1844 1173 1886 ulcionem
1206 1845 1392 1892 siciente,
1424 1845 1578 1899 sagitta
1616 1844 1707 1885 uul-

262 1917 341 1945 nus
394 1903 575 1957 excepit,
627 1901 825 1956 idemque
878 1902 1045 1944 saucius
1096 1916 1120 1943 a
1171 1903 1255 1943 suis
1308 1902 1488 1943 Iulinum
1533 1902 1704 1956 relatus,

264 1963 443 2004 celerem
495 1962 581 2002 uite
632 1960 790 2001 exitum
839 1959 999 2001 habuit.
1084 1959 1247 2016 Corpus
1299 1960 1387 2001 eius
1436 1960 1704 2002 Roskildiam

262 2020 434 2060 missum
465 2019 578 2075 apud
610 2017 839 2059 sacrarium
861 2032 995 2073 nuper
1022 2020 1026 2066 ἱ
1057 2019 1110 2059 ab
1131 2019 1222 2074 ipso
1245 2018 1462 2060 conditum
1486 2019 1700 2060 solennem

263 2078 480 2133 sepulture
526 2078 666 2117 locum
708 2076 882 2140 recepit.
962 2075 1135 2130 Ingrata
1187 2077 1296 2118 enim
1350 2077 1450 2118 olim
1495 2076 1702 2117 bonorum

263 2150 436 2177 suorum
483 2135 616 2190 patria
662 2133 833 2188 piissimi
868 2133 986 2175 ducis
1033 2147 1164 2188 opera
1202 2148 1297 2176 sera
1338 2133 1704 2175 animaduersione

263 2195 561 2249 complectens,
583 2191 695 2247 quod
719 2191 857 2232 minus
880 2192 968 2232 uite
990 2192 1078 2232 eius
1099 2193 1355 2247 prestiterat,
1381 2191 1516 2233 funeri
1541 2192 1704 2246 plenius

264 2251 535 2293 deferendum
568 2248 749 2313 putauit,
783 2249 1059 2304 omnibusque
1105 2250 1378 2291 humanitatis
1418 2250 1559 2291 neruis
1606 2263 1705 2292 exe-

264 2310 455 2364 quiarum
500 2308 632 2350 cultui
677 2305 886 2358 insistens,
935 2308 1053 2348 cuius
1094 2307 1286 2362 spiritum
1330 2307 1512 2362 superbe
1543 2307 1703 2360 oderat,

265 2367 492 2408 clementer
525 2366 687 2407 cineres
719 2365 963 2418 amplexata
994 2372 1070 2407 est.

401 2424 616 2466 Defuncto
650 2421 857 2469 Hamldo,
899 2422 1053 2473 Sueno,
1097 2436 1346 2477 prosperam
1377 2422 1457 2464 sibi
1487 2422 1528 2462 in
1562 2420 1704 2463 diuina

264 2482 451 2523 seniendi
484 2481 746 2525 occasionem
777 2479 948 2521 uenisse
977 2480 1170 2535 gauisus,
1201 2484 1333 2522 totam
1366 2479 1581 2534 religionis
1613 2479 1704 2520 stir-

265 2553 360 2593 pem
394 2538 619 2588 abradic‘e
650 2536 874 2589 conuulsit,
917 2552 1053 2593 eoque
1098 2542 1272 2579 auct-ore
1311 2537 1422 2579 Dani
1461 2540 1703 2591 susceptum

265 2596 496 2640 diuinitatis
548 2597 708 2639 cultum
753 2595 934 2650 repetita
979 2596 1286 2653 supersticione
1339 2598 1575 2648 mutarunt,
1625 2594 1706 2638 hoc

1873 301 1884 480 l.
