1884 3126
291 875 326 901 10

291 1163 326 1190 15

289 1452 326 1478 20

290 1741 327 1768 25

291 2029 327 2056 30

292 2319 328 2346 35

294 2608 330 2636 40

343 212 444 252 .170
948 231 996 237 -
1061 209 1101 251 V
1160 218 1253 240 --‘

360 337 555 380 conciuit.
618 336 823 385 Quicum
867 338 1043 392 patratis
1074 338 1159 380 late
1200 337 1372 380 cedibus
1413 337 1600 392 insignes
1641 338 1796 394 ubique

360 396 560 437 uictorias
592 394 819 448 edidisset,
863 395 1001 437 ocium
1034 396 1225 437 omnibus
1258 410 1436 450 crogare
1469 396 1708 448 constituit,
1753 400 1798 438 ut

361 453 474 507 pacis
504 453 742 494 iocunditas
788 452 991 495 bellorum
1032 454 1242 495 atrocitati
1282 452 1548 504 succederet,
1596 458 1637 495 et
1668 453 1796 495 cladis

359 511 450 552 finis
493 510 638 551 salutis
679 509 846 552 inicium
888 509 1012 553 foret.
1074 511 1157 553 Sed
1191 516 1232 552 et
1262 511 1446 553 omnium
1489 524 1592 565 opes
1626 511 1679 553 ob
1719 511 1798 551 hoc

359 569 543 609 maxime
588 568 712 610 edicti
758 568 1018 610 munimento
1075 569 1293 610 uallandas
1341 568 1528 623 curauit,
1574 582 1629 610 ne
1685 567 1799 610 domi

361 630 574 681 raptorem
606 625 853 678 inuenirent,
886 640 968 681 que
998 626 1101 668 foris
1133 626 1325 668 hostibus
1358 627 1604 668 caruissent.

496 683 580 724 Per
627 683 740 725 idem
784 687 951 739 tempus
994 684 1160 739 publice
1207 684 1355 726 salutis
1402 688 1550 725 auctor
1594 683 1799 725 mundum

357 741 543 796 petendo
576 740 879 783 seruandorum
923 742 1162 783 mortalium
1193 743 1334 796 gracia
1375 741 1642 783 mortalitatis
1684 740 1798 782 habi-

360 805 449 841 tum
480 799 674 854 amplecti
707 800 928 853 sustinuit,
970 813 1064 841 cum
1103 801 1187 841 iam
1227 804 1359 852 terre,
1400 800 1547 855 sopitis
1590 799 1798 841 bellorum

357 857 572 909 incendiis,
605 858 871 900 serenissimo
905 858 1221 913 tranquillitatis
1243 858 1333 899 ocio
1356 857 1607 899 fruerentur,
1656 856 1799 898 Credi-

360 919 447 956 tum
480 919 555 964 est,
587 918 671 956 tam
705 915 875 970 profuse
907 916 1020 970 pacis
1053 915 1375 970 amplitudinem
1417 915 1572 969 ubique
1604 915 1799 969 equalem

358 986 435 1014 nec
479 973 573 1014 ullis
616 972 727 1013 orbis
773 973 962 1027 partibus
1019 973 1300 1028 interruptam
1346 987 1430 1014 non
1477 972 1583 1013 adeo
1632 977 1799 1015 terreno

358 1030 623 1086 principatui,
657 1045 783 1085 quam
807 1030 948 1072 diuino
983 1032 1094 1072 ortui
1115 1030 1363 1072 famulatam
1387 1030 1532 1083 fuisse,
1565 1029 1797 1085 celitusque

358 1093 538 1143 gestum,
569 1093 616 1129 ut
648 1088 893 1130 inusitatum
915 1090 1115 1144 temporis
1152 1088 1400 1130 beneficium
1433 1092 1677 1143 presentem
1697 1091 1800 1130 tem-

357 1160 507 1201 porum
540 1150 761 1188 testaretur
796 1151 1027 1188 auctorem.

497 1204 615 1245 Inter
646 1205 723 1246 hec
753 1209 945 1246 matrona.
988 1203 1168 1259 quedam
1212 1203 1372 1258 magice
1416 1204 1475 1245 rei
1506 1203 1665 1258 perita,
1704 1203 1798 1258 plus

359 1261 447 1317 spei
479 1262 518 1302 in
553 1266 642 1303 arte
675 1276 763 1314 sua,
788 1264 802 1313 Η
825 1276 951 1317 quam
979 1266 1115 1303 metus
1156 1262 1198 1302 in
1232 1261 1341 1316 regis
1383 1262 1542 1303 senicia
1571 1275 1794 1316 reponens,

359 1320 490 1361 filium
523 1319 707 1375 petende
739 1319 883 1361 furtim
923 1320 1056 1375 prede
1097 1319 1327 1375 cupiditate
1367 1319 1588 1369 sollicitat,
1619 1319 1799 1374 impuni-

359 1381 488 1418 tatem
521 1378 796 1432 promittens,
837 1378 949 1433 quod
982 1377 1143 1419 Frotho
1185 1377 1272 1418 fato
1313 1391 1445 1432 prope
1487 1376 1662 1418 modum
1704 1390 1800 1418 con-

358 1436 451 1476 finis
485 1440 685 1487 exstaret,
717 1436 888 1478 occiduo
922 1450 1099 1491 corpore
1124 1449 1245 1489 egras
1268 1435 1411 1477 senilis
1433 1436 1571 1476 anime
1602 1434 1799 1489 reliquias

359 1493 545 1535 trahens.
598 1494 692 1542 Quo
716 1499 906 1535 materno
938 1493 1125 1535 hortatui
1155 1492 1331 1548 periculi
1362 1492 1696 1545 magnitudinem
1728 1506 1801 1546 op-

358 1556 560 1605 ponente,
592 1551 740 1594 melius
772 1566 867 1594 eum
899 1565 1068 1608 sperare
1098 1551 1235 1597 iubet,
1263 1555 1337 1592 aut
1367 1550 1616 1591 maritimam
1649 1550 1799 1592 bouem

358 1609 489 1650 fetum
532 1609 738 1652 edituram
790 1615 864 1651 aut
905 1610 1033 1651 alium
1073 1609 1313 1665 quempiam
1358 1622 1503 1650 casum
1544 1607 1698 1649 ulcioni
1736 1621 1799 1649 re-

359 1671 647 1722 pugnaturum
695 1667 923 1710 affirmans.
996 1668 1090 1716 Qua
1132 1681 1238 1709 uoce
1280 1666 1463 1708 solutum
1507 1670 1623 1707 metu
1667 1666 1799 1707 filium

358 1724 627 1767 hort-amento
663 1725 838 1781 obsequi
869 1725 1022 1780 coegit.
1084 1725 1177 1772 Quo
1210 1725 1321 1765 facto
1353 1723 1513 1765 Frotho
1545 1723 1719 1778 perinde
1750 1737 1800 1764 ac

360 1784 614 1825 contumelia
645 1783 876 1837 lacessitus,
907 1783 961 1825 ad
997 1782 1250 1838 diripiendos
1281 1785 1473 1823 matrone
1504 1786 1682 1836 penates
1714 1795 1800 1823 ma-

359 1841 474 1882 ximo
534 1841 704 1896 impetu*
749 1841 973 1897 studioque
1015 1840 1256 1894 contendit,
1297 1839 1532 1894 premissis,
1577 1840 1648 1894 qui
1708 1852 1799 1880 eam

361 1912 457 1940 cum
501 1899 642 1941 liberis
689 1900 1034 1955 comprehensam
1076 1898 1348 1940 adducerent.
1421 1896 1546 1944 Quod
1587 1897 1800 1952 presciens

360 1956 538 2011 femina,
583 1957 807 1999 ludificatis
850 1956 1051 2012 prestigio
1088 1955 1302 2006 hostibus,
1357 1954 1578 1996 femineam
1619 1955 1801 2010 speciem

361 2015 514 2069 equina
544 2015 871 2071 permutandam
904 2015 1081 2056 curauit.
1142 2012 1388 2055 Accedente
1432 2026 1533 2054 uero
1567 2012 1799 2066 Frothone,

360 2073 568 2115 maritime
601 2073 721 2115 bouis
750 2073 931 2128 figuram
963 2073 1201 2128 complexa,
1232 2075 1398 2126 pastum
1431 2070 1472 2113 in
1499 2070 1640 2112 littore
1672 2084 1800 2125 uaga-

363 2131 502 2173 bunda
543 2135 700 2187 petere-
730 2131 976 2184 uidebatur3
1017 2131 1124 2172 filios
1166 2142 1333 2185 quoque
1377 2133 1579 2184 tanquam
1618 2128 1800 2170 minores

363 2203 539 2244 corpore
582 2189 739 2231 uitulos
771 2188 1060 2231 adumbrabat.
1123 2187 1252 2230 Cuius
1293 2186 1470 2228 monstri
1499 2201 1578 2228 rex
1610 2186 1801 2228 ammira-

361 2247 481 2289 cione
512 2251 673 2303 captus,
703 2247 864 2288 circuiri
903 2247 1019 2301 ipsos
1049 2245 1318 2300 reditumque
1342 2245 1400 2286 eis
1423 2244 1476 2285 ad
1498 2243 1632 2285 undas
1655 2244 1802 2299 negari

360 2305 490 2347 iubet.
552 2305 750 2360 Denique
781 2304 1003 2359 uehiculo,
1042 2318 1125 2359 quo
1159 2303 1212 2344 ob
1252 2302 1401 2345 annosi
1434 2301 1618 2356 corporis
1650 2301 1800 2343 inuali-

362 2363 550 2405 tudinem
583 2363 804 2413 utebatur,
850 2362 1086 2414 excedens,
1129 2360 1243 2402 humi
1283 2359 1557 2402 mirabundus
1600 2359 1800 2401 consedit.

362 2421 421 2462 At
466 2425 623 2475 mater,
667 2434 748 2477 que
794 2420 963 2462 maioris
1010 2420 1135 2462 belue
1176 2418 1358 2474 speciem
1398 2421 1653 2472 sumpserat,
1703 2431 1795 2472 pre-

362 2481 479 2520 tento
517 2492 649 2520 cornu
690 2491 835 2533 regem
871 2477 1041 2527 adorta,
1085 2477 1267 2518 alterum
1307 2476 1393 2517 eius
1432 2476 1543 2517 latus
1580 2473 1799 2517 confodit.

366 2536 460 2584 Quo
495 2536 669 2579 uulnere
693 2537 973 2590 exanimatus,
1003 2534 1241 2578 indebitum
1273 2536 1390 2575 tante
1410 2532 1618 2574 maiestati
1640 2532 1800 2574 exitum

365 2594 528 2637 habuit.
581 2594 711 2637 Cuius
741 2597 917 2636 mortem
949 2593 1101 2636 milites
1132 2592 1298 2634 ulcione
1330 2591 1527 2648 prosequi
1558 2590 1800 2646 gestientes,

1859 1218 1884 1243 p.
