<?xml version="1.0" encoding="UTF-8"?>
<!DOCTYPE html PUBLIC "-//W3C//DTD XHTML 1.0 Transitional//EN"
    "http://www.w3.org/TR/xhtml1/DTD/xhtml1-transitional.dtd">
<html xmlns="http://www.w3.org/1999/xhtml" xml:lang="en" lang="en">
 <head>
  <title>
</title>
<meta http-equiv="Content-Type" content="text/html;charset=utf-8" />
  <meta name='ocr-system' content='tesseract 3.04.00' />
  <meta name='ocr-capabilities' content='ocr_page ocr_carea ocr_par ocr_line ocrx_word'/>
</head>
<body>
  <div class='ocr_page' id='page_1' title='image "./saxonisgrammatic00saxouoft_0369.png"; bbox 0 0 1884 3126; ppageno 0'>
   <div class='ocr_carea' id='block_1_1' title="bbox 709 208 1598 273">
    <p class='ocr_par' dir='ltr' id='par_1_1' title="bbox 709 208 1598 273">
     <span class='ocr_line' id='line_1_1' title="bbox 709 208 1598 273; baseline 0.007 -20"><span class='ocrx_word' id='word_1_1' title='bbox 709 232 764 242; x_wconf 84' lang='lat'>—-</span> <span class='ocrx_word' id='word_1_2' title='bbox 823 208 934 273; x_wconf 82' lang='lat' dir='ltr'>vm</span> <span class='ocrx_word' id='word_1_3' title='bbox 994 236 1047 243; x_wconf 78' lang='grc'>-</span> <span class='ocrx_word' id='word_1_4' title='bbox 1517 215 1598 259; x_wconf 82' lang='lat'>275</span> 
     </span>
    </p>
   </div>
   <div class='ocr_carea' id='block_1_2' title="bbox 88 336 1785 2697">
    <p class='ocr_par' dir='ltr' id='par_1_2' title="bbox 158 336 1751 569">
     <span class='ocr_line' id='line_1_2' title="bbox 158 336 1598 396; baseline 0.004 -18"><span class='ocrx_word' id='word_1_5' title='bbox 158 340 300 379; x_wconf 90' lang='lat' dir='ltr'>autem</span> <span class='ocrx_word' id='word_1_6' title='bbox 338 336 446 378; x_wconf 88' lang='lat' dir='ltr'>inter</span> <span class='ocrx_word' id='word_1_7' title='bbox 488 351 557 379; x_wconf 88' lang='lat' dir='ltr'>eos</span> <span class='ocrx_word' id='word_1_8' title='bbox 602 337 771 392; x_wconf 88' lang='lat' dir='ltr'>quidam</span> <span class='ocrx_word' id='word_1_9' title='bbox 819 338 872 380; x_wconf 88' lang='lat' dir='ltr'>ab</span> <span class='ocrx_word' id='word_1_10' title='bbox 918 339 1106 381; x_wconf 78' lang='lat' dir='ltr'>Ebbonis</span> <span class='ocrx_word' id='word_1_11' title='bbox 1152 341 1345 383; x_wconf 78' lang='lat' dir='ltr'>clientela</span> <span class='ocrx_word' id='word_1_12' title='bbox 1390 343 1598 396; x_wconf 77' lang='lat' dir='ltr'>extranei,</span> 
     </span>
     <span class='ocr_line' id='line_1_3' title="bbox 160 395 1751 452; baseline 0.004 -15"><span class='ocrx_word' id='word_1_13' title='bbox 160 396 244 451; x_wconf 89' lang='lat' dir='ltr'>qui,</span> <span class='ocrx_word' id='word_1_14' title='bbox 274 396 440 450; x_wconf 88' lang='lat' dir='ltr'>spretis,</span> <span class='ocrx_word' id='word_1_15' title='bbox 475 409 557 451; x_wconf 90' lang='lat' dir='ltr'>que</span> <span class='ocrx_word' id='word_1_16' title='bbox 578 395 588 449; x_wconf 71' lang='lat' dir='ltr'>li</span> <span class='ocrx_word' id='word_1_17' title='bbox 611 396 737 437; x_wconf 88' lang='lat' dir='ltr'>ceteri</span> <span class='ocrx_word' id='word_1_18' title='bbox 769 398 1102 452; x_wconf 75' lang='lat' dir='ltr'>exequebantur,</span> <span class='ocrx_word' id='word_1_19' title='bbox 1134 400 1314 450; x_wconf 88' lang='lat' dir='ltr'>monitis,</span> <span class='ocrx_word' id='word_1_20' title='bbox 1345 400 1519 452; x_wconf 87' lang='lat' dir='ltr'>immoti,</span> <span class='ocrx_word' id='word_1_21' title='bbox 1553 406 1598 442; x_wconf 90' lang='lat' dir='ltr'>ut</span> <span class='ocrx_word' id='word_1_22' title='bbox 1663 414 1751 449; x_wconf 82' lang='lat'>(154)</span> 
     </span>
     <span class='ocr_line' id='line_1_4' title="bbox 159 453 1598 513; baseline 0.003 -18"><span class='ocrx_word' id='word_1_23' title='bbox 159 454 309 509; x_wconf 87' lang='lat' dir='ltr'>cuique</span> <span class='ocrx_word' id='word_1_24' title='bbox 339 453 499 495; x_wconf 89' lang='lat' dir='ltr'>iacendi</span> <span class='ocrx_word' id='word_1_25' title='bbox 531 453 649 495; x_wconf 89' lang='lat' dir='ltr'>locus</span> <span class='ocrx_word' id='word_1_26' title='bbox 690 454 936 506; x_wconf 88' lang='lat' dir='ltr'>obuenerat,</span> <span class='ocrx_word' id='word_1_27' title='bbox 969 456 1217 498; x_wconf 83' lang='lat' dir='ltr'>cubuerunt.</span> <span class='ocrx_word' id='word_1_28' title='bbox 1292 457 1378 499; x_wconf 81' lang='lat' dir='ltr'>Sub</span> <span class='ocrx_word' id='word_1_29' title='bbox 1424 472 1598 513; x_wconf 80' lang='lat' dir='ltr'>opacam</span> 
     </span>
     <span class='ocr_line' id='line_1_5' title="bbox 158 512 1598 569; baseline 0.003 -17"><span class='ocrx_word' id='word_1_30' title='bbox 158 525 259 553; x_wconf 91' lang='lat' dir='ltr'>uero</span> <span class='ocrx_word' id='word_1_31' title='bbox 299 516 467 553; x_wconf 87' lang='lat' dir='ltr'>noctem</span> <span class='ocrx_word' id='word_1_32' title='bbox 501 512 554 552; x_wconf 91' lang='lat' dir='ltr'>ab</span> <span class='ocrx_word' id='word_1_33' title='bbox 590 512 834 554; x_wconf 87' lang='lat' dir='ltr'>insidiarum</span> <span class='ocrx_word' id='word_1_34' title='bbox 881 513 1076 555; x_wconf 82' lang='lat' dir='ltr'>ministris</span> <span class='ocrx_word' id='word_1_35' title='bbox 1118 515 1348 569; x_wconf 87' lang='lat' dir='ltr'>pendulum</span> <span class='ocrx_word' id='word_1_36' title='bbox 1387 516 1598 558; x_wconf 85' lang='lat' dir='ltr'>machina-</span> 
     </span>
    </p>

    <p class='ocr_par' dir='ltr' id='par_1_3' title="bbox 111 570 1598 860">
     <span class='ocr_line' id='line_1_6' title="bbox 111 570 1595 628; baseline 0.005 -20"><span class='ocrx_word' id='word_1_37' title='bbox 111 580 127 608; x_wconf 85' lang='lat'>5</span> <span class='ocrx_word' id='word_1_38' title='bbox 158 570 285 611; x_wconf 88' lang='lat' dir='ltr'>menti</span> <span class='ocrx_word' id='word_1_39' title='bbox 316 570 483 624; x_wconf 87' lang='lat' dir='ltr'>pondus</span> <span class='ocrx_word' id='word_1_40' title='bbox 515 570 757 625; x_wconf 85' lang='lat' dir='ltr'>impellitur.</span> <span class='ocrx_word' id='word_1_41' title='bbox 821 570 945 619; x_wconf 86' lang='lat' dir='ltr'>Quod</span> <span class='ocrx_word' id='word_1_42' title='bbox 992 571 1135 624; x_wconf 89' lang='lat' dir='ltr'>nodis,</span> <span class='ocrx_word' id='word_1_43' title='bbox 1177 573 1328 628; x_wconf 85' lang='lat' dir='ltr'>quibus</span> <span class='ocrx_word' id='word_1_44' title='bbox 1364 574 1595 628; x_wconf 81' lang='lat' dir='ltr'>inherebat,</span> 
     </span>
     <span class='ocr_line' id='line_1_7' title="bbox 158 629 1595 683; baseline 0.002 -14"><span class='ocrx_word' id='word_1_45' title='bbox 158 642 382 670; x_wconf 82' lang='lat' dir='ltr'>excussum</span> <span class='ocrx_word' id='word_1_46' title='bbox 434 639 673 683; x_wconf 85' lang='lat' dir='ltr'>magnaque</span> <span class='ocrx_word' id='word_1_47' title='bbox 726 629 766 669; x_wconf 91' lang='lat' dir='ltr'>ui</span> <span class='ocrx_word' id='word_1_48' title='bbox 816 629 906 670; x_wconf 88' lang='lat' dir='ltr'>solo</span> <span class='ocrx_word' id='word_1_49' title='bbox 958 629 1155 671; x_wconf 86' lang='lat' dir='ltr'>adactum</span> <span class='ocrx_word' id='word_1_50' title='bbox 1205 631 1415 673; x_wconf 88' lang='lat' dir='ltr'>subiectos</span> <span class='ocrx_word' id='word_1_51' title='bbox 1462 632 1595 674; x_wconf 84' lang='lat' dir='ltr'>exicio</span> 
     </span>
     <span class='ocr_line' id='line_1_8' title="bbox 157 685 1596 743; baseline 0.003 -17"><span class='ocrx_word' id='word_1_52' title='bbox 157 685 342 727; x_wconf 85' lang='lat' dir='ltr'>tradidit.</span> <span class='ocrx_word' id='word_1_53' title='bbox 404 685 541 740; x_wconf 83' lang='lat' dir='ltr'>Igitur</span> <span class='ocrx_word' id='word_1_54' title='bbox 574 687 645 741; x_wconf 90' lang='lat' dir='ltr'>qui</span> <span class='ocrx_word' id='word_1_55' title='bbox 680 686 877 728; x_wconf 87' lang='lat' dir='ltr'>facinoris</span> <span class='ocrx_word' id='word_1_56' title='bbox 916 689 1154 743; x_wconf 76' lang='lat' dir='ltr'>exequendi</span> <span class='ocrx_word' id='word_1_57' title='bbox 1195 702 1332 730; x_wconf 86' lang='lat' dir='ltr'>curam</span> <span class='ocrx_word' id='word_1_58' title='bbox 1370 689 1596 743; x_wconf 84' lang='lat' dir='ltr'>habebant,</span> 
     </span>
     <span class='ocr_line' id='line_1_9' title="bbox 159 743 1596 801; baseline 0.003 -16"><span class='ocrx_word' id='word_1_59' title='bbox 159 758 240 799; x_wconf 92' lang='lat' dir='ltr'>quo</span> <span class='ocrx_word' id='word_1_60' title='bbox 262 743 421 785; x_wconf 84' lang='lat' dir='ltr'>cercius</span> <span class='ocrx_word' id='word_1_61' title='bbox 453 744 513 786; x_wconf 90' lang='lat' dir='ltr'>rei</span> <span class='ocrx_word' id='word_1_62' title='bbox 536 748 735 785; x_wconf 86' lang='lat' dir='ltr'>euentum</span> <span class='ocrx_word' id='word_1_63' title='bbox 768 745 993 793; x_wconf 79' lang='lat' dir='ltr'>discerent,</span> <span class='ocrx_word' id='word_1_64' title='bbox 1026 745 1140 787; x_wconf 88' lang='lat' dir='ltr'>illato</span> <span class='ocrx_word' id='word_1_65' title='bbox 1167 746 1335 800; x_wconf 90' lang='lat' dir='ltr'>lumine,</span> <span class='ocrx_word' id='word_1_66' title='bbox 1368 746 1596 801; x_wconf 84' lang='lat' dir='ltr'>Ebbonem,</span> 
     </span>
     <span class='ocr_line' id='line_1_10' title="bbox 158 802 1598 860; baseline 0.002 -17"><span class='ocrx_word' id='word_1_67' title='bbox 158 808 333 858; x_wconf 88' lang='lat' dir='ltr'>propter</span> <span class='ocrx_word' id='word_1_68' title='bbox 355 816 480 857; x_wconf 90' lang='lat' dir='ltr'>quem</span> <span class='ocrx_word' id='word_1_69' title='bbox 504 803 688 844; x_wconf 83' lang='lat' dir='ltr'>maxime</span> <span class='ocrx_word' id='word_1_70' title='bbox 710 816 796 844; x_wconf 89' lang='lat' dir='ltr'>rem</span> <span class='ocrx_word' id='word_1_71' title='bbox 830 803 969 844; x_wconf 86' lang='lat' dir='ltr'>adorsi</span> <span class='ocrx_word' id='word_1_72' title='bbox 1002 802 1183 856; x_wconf 82' lang='lat' dir='ltr'>fuerant,</span> <span class='ocrx_word' id='word_1_73' title='bbox 1215 805 1443 858; x_wconf 86' lang='lat' dir='ltr'>prudenter</span> <span class='ocrx_word' id='word_1_74' title='bbox 1467 804 1598 860; x_wconf 86' lang='lat' dir='ltr'>peri*-</span> 
     </span>
    </p>

    <p class='ocr_par' dir='ltr' id='par_1_4' title="bbox 93 860 1785 1149">
     <span class='ocr_line' id='line_1_11' title="bbox 93 860 1785 918; baseline 0.002 -18"><span class='ocrx_word' id='word_1_75' title='bbox 93 873 127 900; x_wconf 86' lang='lat'>10</span> <span class='ocrx_word' id='word_1_76' title='bbox 159 860 253 902; x_wconf 90' lang='lat' dir='ltr'>culo</span> <span class='ocrx_word' id='word_1_77' title='bbox 287 860 517 902; x_wconf 88' lang='lat' dir='ltr'>occurrisse</span> <span class='ocrx_word' id='word_1_78' title='bbox 549 866 817 915; x_wconf 87' lang='lat' dir='ltr'>cognoscunt.</span> <span class='ocrx_word' id='word_1_79' title='bbox 879 862 916 901; x_wconf 82' lang='lat' dir='ltr'><strong>A</strong></span> <span class='ocrx_word' id='word_1_80' title='bbox 949 875 1030 916; x_wconf 93' lang='lat' dir='ltr'>quo</span> <span class='ocrx_word' id='word_1_81' title='bbox 1064 862 1254 916; x_wconf 87' lang='lat' dir='ltr'>protinus</span> <span class='ocrx_word' id='word_1_82' title='bbox 1285 863 1463 918; x_wconf 88' lang='lat' dir='ltr'>impetiti</span> <span class='ocrx_word' id='word_1_83' title='bbox 1503 870 1785 904; x_wconf 66' lang='lat' dir='ltr'>san-Lxxxnb</span> 
     </span>
     <span class='ocr_line' id='line_1_12' title="bbox 157 917 1599 975; baseline 0.001 -16"><span class='ocrx_word' id='word_1_84' title='bbox 157 919 284 972; x_wconf 89' lang='lat' dir='ltr'>guine</span> <span class='ocrx_word' id='word_1_85' title='bbox 331 933 461 974; x_wconf 83' lang='lat' dir='ltr'>penas</span> <span class='ocrx_word' id='word_1_86' title='bbox 506 917 726 960; x_wconf 88' lang='lat' dir='ltr'>dederunt.</span> <span class='ocrx_word' id='word_1_87' title='bbox 785 918 907 960; x_wconf 85' lang='lat' dir='ltr'>Ebbo</span> <span class='ocrx_word' id='word_1_88' title='bbox 950 933 1130 974; x_wconf 83' lang='lat' dir='ltr'>quoque,</span> <span class='ocrx_word' id='word_1_89' title='bbox 1168 921 1252 961; x_wconf 88' lang='lat' dir='ltr'>suis</span> <span class='ocrx_word' id='word_1_90' title='bbox 1296 935 1370 975; x_wconf 90' lang='lat' dir='ltr'>per</span> <span class='ocrx_word' id='word_1_91' title='bbox 1410 926 1599 961; x_wconf 88' lang='lat' dir='ltr'>mutuam</span> 
     </span>
     <span class='ocr_line' id='line_1_13' title="bbox 158 976 1599 1032; baseline 0.002 -16"><span class='ocrx_word' id='word_1_92' title='bbox 158 980 344 1031; x_wconf 88' lang='lat' dir='ltr'>stragem</span> <span class='ocrx_word' id='word_1_93' title='bbox 383 977 568 1028; x_wconf 89' lang='lat' dir='ltr'>amissis,</span> <span class='ocrx_word' id='word_1_94' title='bbox 606 976 871 1032; x_wconf 81' lang='lat' dir='ltr'>frequentem</span> <span class='ocrx_word' id='word_1_95' title='bbox 913 978 1106 1018; x_wconf 85' lang='lat' dir='ltr'>crustulis</span> <span class='ocrx_word' id='word_1_96' title='bbox 1144 978 1391 1032; x_wconf 75' lang='lat' dir='ltr'>glacialibus</span> <span class='ocrx_word' id='word_1_97' title='bbox 1431 993 1599 1020; x_wconf 90' lang='lat' dir='ltr'>amnem</span> 
     </span>
     <span class='ocr_line' id='line_1_14' title="bbox 158 1034 1598 1091; baseline 0.001 -16"><span class='ocrx_word' id='word_1_98' title='bbox 158 1035 331 1076; x_wconf 91' lang='lat' dir='ltr'>inuento</span> <span class='ocrx_word' id='word_1_99' title='bbox 365 1034 474 1076; x_wconf 89' lang='lat' dir='ltr'>forte</span> <span class='ocrx_word' id='word_1_100' title='bbox 495 1035 666 1089; x_wconf 87' lang='lat' dir='ltr'>nauigio</span> <span class='ocrx_word' id='word_1_101' title='bbox 701 1040 887 1090; x_wconf 82' lang='lat' dir='ltr'>superat,</span> <span class='ocrx_word' id='word_1_102' title='bbox 925 1035 1164 1090; x_wconf 68' lang='lat' dir='ltr'>Gotaroque</span> <span class='ocrx_word' id='word_1_103' title='bbox 1190 1035 1319 1076; x_wconf 86' lang='lat' dir='ltr'>cladis</span> <span class='ocrx_word' id='word_1_104' title='bbox 1347 1050 1422 1077; x_wconf 89' lang='lat' dir='ltr'>sue</span> <span class='ocrx_word' id='word_1_105' title='bbox 1452 1037 1598 1091; x_wconf 90' lang='lat' dir='ltr'>pocius</span> 
     </span>
     <span class='ocr_line' id='line_1_15' title="bbox 158 1092 1010 1149; baseline 0.002 -16"><span class='ocrx_word' id='word_1_106' title='bbox 158 1107 285 1148; x_wconf 85' lang='lat' dir='ltr'>quam</span> <span class='ocrx_word' id='word_1_107' title='bbox 315 1092 545 1147; x_wconf 85' lang='lat' dir='ltr'>legacionis</span> <span class='ocrx_word' id='word_1_108' title='bbox 577 1098 780 1149; x_wconf 84' lang='lat' dir='ltr'>euentum</span> <span class='ocrx_word' id='word_1_109' title='bbox 812 1092 1010 1135; x_wconf 82' lang='lat' dir='ltr'>declarat.</span> 
     </span>
    </p>

    <p class='ocr_par' dir='ltr' id='par_1_5' title="bbox 93 1150 1599 1438">
     <span class='ocr_line' id='line_1_16' title="bbox 93 1150 1598 1206; baseline 0.001 -16"><span class='ocrx_word' id='word_1_110' title='bbox 93 1162 126 1190; x_wconf 87' lang='lat'>15</span> <span class='ocrx_word' id='word_1_111' title='bbox 298 1150 436 1198; x_wconf 83' lang='lat' dir='ltr'>Quam</span> <span class='ocrx_word' id='word_1_112' title='bbox 477 1165 566 1191; x_wconf 89' lang='lat' dir='ltr'>rem</span> <span class='ocrx_word' id='word_1_113' title='bbox 607 1151 789 1192; x_wconf 75' lang='lat' dir='ltr'>Gotarus</span> <span class='ocrx_word' id='word_1_114' title='bbox 831 1166 855 1192; x_wconf 89' lang='lat' dir='ltr'>a</span> <span class='ocrx_word' id='word_1_115' title='bbox 898 1150 1078 1206; x_wconf 77' lang='lat' dir='ltr'>Syuardi</span> <span class='ocrx_word' id='word_1_116' title='bbox 1124 1151 1325 1192; x_wconf 91' lang='lat' dir='ltr'>instinctu</span> <span class='ocrx_word' id='word_1_117' title='bbox 1364 1152 1598 1206; x_wconf 87' lang='lat' dir='ltr'>profectam</span> 
     </span>
     <span class='ocr_line' id='line_1_17' title="bbox 160 1208 1595 1265; baseline 0 -16"><span class='ocrx_word' id='word_1_118' title='bbox 160 1208 362 1259; x_wconf 85' lang='lat' dir='ltr'>iudicans,</span> <span class='ocrx_word' id='word_1_119' title='bbox 386 1208 633 1249; x_wconf 81' lang='lat' dir='ltr'>iniuriarum</span> <span class='ocrx_word' id='word_1_120' title='bbox 655 1208 886 1250; x_wconf 84' lang='lat' dir='ltr'>uindictam</span> <span class='ocrx_word' id='word_1_121' title='bbox 908 1209 1033 1250; x_wconf 90' lang='lat' dir='ltr'>armis</span> <span class='ocrx_word' id='word_1_122' title='bbox 1057 1210 1211 1264; x_wconf 82' lang='lat' dir='ltr'>exequi</span> <span class='ocrx_word' id='word_1_123' title='bbox 1233 1213 1365 1264; x_wconf 88' lang='lat' dir='ltr'>parat.</span> <span class='ocrx_word' id='word_1_124' title='bbox 1415 1208 1497 1263; x_wconf 77' lang='lat' dir='ltr'>&lt;A&gt;</span> <span class='ocrx_word' id='word_1_125' title='bbox 1513 1223 1595 1265; x_wconf 91' lang='lat' dir='ltr'>quo</span> 
     </span>
     <span class='ocr_line' id='line_1_18' title="bbox 159 1266 1597 1321; baseline 0.001 -14"><span class='ocrx_word' id='word_1_126' title='bbox 159 1266 375 1321; x_wconf 77' lang='lat' dir='ltr'>Syuardus</span> <span class='ocrx_word' id='word_1_127' title='bbox 401 1267 511 1321; x_wconf 87' lang='lat' dir='ltr'>apud</span> <span class='ocrx_word' id='word_1_128' title='bbox 546 1266 822 1308; x_wconf 82' lang='lat' dir='ltr'>Hallandiam</span> <span class='ocrx_word' id='word_1_129' title='bbox 845 1273 1126 1321; x_wconf 82' lang='lat' dir='ltr'>expugnatus,</span> <span class='ocrx_word' id='word_1_130' title='bbox 1158 1281 1302 1308; x_wconf 88' lang='lat' dir='ltr'>sorore</span> <span class='ocrx_word' id='word_1_131' title='bbox 1332 1267 1385 1308; x_wconf 88' lang='lat' dir='ltr'>ab</span> <span class='ocrx_word' id='word_1_132' title='bbox 1408 1268 1597 1308; x_wconf 87' lang='lat' dir='ltr'>hostibus</span> 
     </span>
     <span class='ocr_line' id='line_1_19' title="bbox 161 1324 1599 1380; baseline 0.001 -16"><span class='ocrx_word' id='word_1_133' title='bbox 161 1328 295 1379; x_wconf 85' lang='lat' dir='ltr'>capta,</span> <span class='ocrx_word' id='word_1_134' title='bbox 329 1325 536 1366; x_wconf 84' lang='lat' dir='ltr'>concessit</span> <span class='ocrx_word' id='word_1_135' title='bbox 558 1325 599 1366; x_wconf 93' lang='lat' dir='ltr'>in</span> <span class='ocrx_word' id='word_1_136' title='bbox 631 1324 800 1366; x_wconf 86' lang='lat' dir='ltr'>Iutiam.</span> <span class='ocrx_word' id='word_1_137' title='bbox 843 1324 927 1365; x_wconf 84' lang='lat' dir='ltr'>Vbi</span> <span class='ocrx_word' id='word_1_138' title='bbox 949 1324 1196 1366; x_wconf 83' lang='lat' dir='ltr'>Sclauorum</span> <span class='ocrx_word' id='word_1_139' title='bbox 1218 1325 1383 1378; x_wconf 79' lang='lat' dir='ltr'>uulgus,</span> <span class='ocrx_word' id='word_1_140' title='bbox 1415 1339 1599 1380; x_wconf 87' lang='lat' dir='ltr'>pugnam</span> 
     </span>
     <span class='ocr_line' id='line_1_20' title="bbox 159 1382 1599 1438; baseline 0.001 -15"><span class='ocrx_word' id='word_1_141' title='bbox 159 1382 249 1424; x_wconf 91' lang='lat' dir='ltr'>sine</span> <span class='ocrx_word' id='word_1_142' title='bbox 292 1382 482 1438; x_wconf 89' lang='lat' dir='ltr'>principe</span> <span class='ocrx_word' id='word_1_143' title='bbox 527 1397 700 1436; x_wconf 85' lang='lat' dir='ltr'>ausum,</span> <span class='ocrx_word' id='word_1_144' title='bbox 745 1384 833 1424; x_wconf 89' lang='lat' dir='ltr'>acie</span> <span class='ocrx_word' id='word_1_145' title='bbox 881 1383 1115 1437; x_wconf 85' lang='lat' dir='ltr'>superauit,</span> <span class='ocrx_word' id='word_1_146' title='bbox 1162 1387 1324 1424; x_wconf 90' lang='lat' dir='ltr'>tantum</span> <span class='ocrx_word' id='word_1_147' title='bbox 1369 1383 1502 1437; x_wconf 90' lang='lat' dir='ltr'>glorie</span> <span class='ocrx_word' id='word_1_148' title='bbox 1546 1398 1599 1424; x_wconf 86' lang='lat' dir='ltr'>ex</span> 
     </span>
    </p>

    <p class='ocr_par' dir='ltr' id='par_1_6' title="bbox 88 1439 1750 1727">
     <span class='ocr_line' id='line_1_21' title="bbox 88 1439 1597 1496; baseline 0.002 -17"><span class='ocrx_word' id='word_1_149' title='bbox 88 1451 128 1479; x_wconf 84' lang='lat'>20</span> <span class='ocrx_word' id='word_1_150' title='bbox 158 1440 337 1482; x_wconf 87' lang='lat' dir='ltr'>uictoria</span> <span class='ocrx_word' id='word_1_151' title='bbox 385 1445 557 1495; x_wconf 86' lang='lat' dir='ltr'>nactus,</span> <span class='ocrx_word' id='word_1_152' title='bbox 611 1446 813 1496; x_wconf 80' lang='lat' dir='ltr'>quantuni</span> <span class='ocrx_word' id='word_1_153' title='bbox 873 1455 925 1482; x_wconf 80' lang='lat' dir='ltr'>ex</span> <span class='ocrx_word' id='word_1_154' title='bbox 977 1441 1080 1493; x_wconf 85' lang='lat' dir='ltr'>fuga</span> <span class='ocrx_word' id='word_1_155' title='bbox 1131 1439 1347 1482; x_wconf 88' lang='lat' dir='ltr'>dedecoris</span> <span class='ocrx_word' id='word_1_156' title='bbox 1398 1445 1597 1482; x_wconf 80' lang='lat' dir='ltr'>traxerat.</span> 
     </span>
     <span class='ocr_line' id='line_1_22' title="bbox 160 1497 1598 1554; baseline 0 -16"><span class='ocrx_word' id='word_1_157' title='bbox 160 1497 322 1539; x_wconf 85' lang='lat' dir='ltr'>Verum</span> <span class='ocrx_word' id='word_1_158' title='bbox 344 1498 519 1551; x_wconf 83' lang='lat' dir='ltr'>hisdem,</span> <span class='ocrx_word' id='word_1_159' title='bbox 553 1513 658 1554; x_wconf 84' lang='lat' dir='ltr'>quos</span> <span class='ocrx_word' id='word_1_160' title='bbox 680 1499 809 1540; x_wconf 88' lang='lat' dir='ltr'>ductu</span> <span class='ocrx_word' id='word_1_161' title='bbox 840 1512 996 1539; x_wconf 91' lang='lat' dir='ltr'>uacuos</span> <span class='ocrx_word' id='word_1_162' title='bbox 1020 1498 1319 1547; x_wconf 81' lang='lat' dir='ltr'>debellauerat‚</span> <span class='ocrx_word' id='word_1_163' title='bbox 1353 1499 1476 1553; x_wconf 89' lang='lat' dir='ltr'>paulo</span> <span class='ocrx_word' id='word_1_164' title='bbox 1502 1502 1598 1554; x_wconf 89' lang='lat' dir='ltr'>post</span> 
     </span>
     <span class='ocr_line' id='line_1_23' title="bbox 159 1553 1750 1612; baseline 0 -15"><span class='ocrx_word' id='word_1_165' title='bbox 159 1556 311 1598; x_wconf 89' lang='lat' dir='ltr'>ducem</span> <span class='ocrx_word' id='word_1_166' title='bbox 342 1557 475 1598; x_wconf 85' lang='lat' dir='ltr'>nactis</span> <span class='ocrx_word' id='word_1_167' title='bbox 498 1571 642 1612; x_wconf 87' lang='lat' dir='ltr'>pugna</span> <span class='ocrx_word' id='word_1_168' title='bbox 664 1556 776 1612; x_wconf 90' lang='lat' dir='ltr'>apud</span> <span class='ocrx_word' id='word_1_169' title='bbox 808 1556 999 1598; x_wconf 84' lang='lat' dir='ltr'>Fioniam</span> <span class='ocrx_word' id='word_1_170' title='bbox 1023 1557 1159 1598; x_wconf 78' lang='lat' dir='ltr'>cessit.</span> <span class='ocrx_word' id='word_1_171' title='bbox 1212 1553 1459 1610; x_wconf 66' lang='lat' dir='ltr'>Adlueisum</span> <span class='ocrx_word' id='word_1_172' title='bbox 1494 1570 1598 1611; x_wconf 87' lang='lat' dir='ltr'>quos</span> <span class='ocrx_word' id='word_1_173' title='bbox 1653 1583 1681 1608; x_wconf 63' lang='lat' dir='ltr'>p,</span> <span class='ocrx_word' id='word_1_174' title='bbox 1700 1575 1750 1600; x_wconf 47' lang='grc' dir='ltr'>ωε</span> 
     </span>
     <span class='ocr_line' id='line_1_24' title="bbox 158 1613 1596 1670; baseline -0.001 -15"><span class='ocrx_word' id='word_1_175' title='bbox 158 1613 386 1656; x_wconf 81' lang='lat' dir='ltr'>identidem</span> <span class='ocrx_word' id='word_1_176' title='bbox 438 1615 479 1656; x_wconf 90' lang='lat' dir='ltr'>in</span> <span class='ocrx_word' id='word_1_177' title='bbox 524 1615 637 1656; x_wconf 80' lang='lat' dir='ltr'>Iutia</span> <span class='ocrx_word' id='word_1_178' title='bbox 682 1614 908 1670; x_wconf 87' lang='lat' dir='ltr'>preliatus,</span> <span class='ocrx_word' id='word_1_179' title='bbox 958 1614 1167 1655; x_wconf 83' lang='lat' dir='ltr'>infelicem</span> <span class='ocrx_word' id='word_1_180' title='bbox 1214 1628 1353 1669; x_wconf 81' lang='lat' dir='ltr'>pugne</span> <span class='ocrx_word' id='word_1_181' title='bbox 1400 1620 1596 1656; x_wconf 88' lang='lat' dir='ltr'>euentum</span> 
     </span>
     <span class='ocr_line' id='line_1_25' title="bbox 159 1672 1596 1727; baseline -0.001 -14"><span class='ocrx_word' id='word_1_182' title='bbox 159 1672 318 1714; x_wconf 89' lang='lat' dir='ltr'>habuit.</span> <span class='ocrx_word' id='word_1_183' title='bbox 391 1672 484 1720; x_wconf 83' lang='lat' dir='ltr'>Quo</span> <span class='ocrx_word' id='word_1_184' title='bbox 519 1673 682 1723; x_wconf 85' lang='lat' dir='ltr'>euenit,</span> <span class='ocrx_word' id='word_1_185' title='bbox 724 1677 770 1713; x_wconf 91' lang='lat' dir='ltr'>ut</span> <span class='ocrx_word' id='word_1_186' title='bbox 808 1672 960 1713; x_wconf 77' lang='lat' dir='ltr'>Seania</span> <span class='ocrx_word' id='word_1_187' title='bbox 1003 1673 1197 1727; x_wconf 87' lang='lat' dir='ltr'>Iutiaque</span> <span class='ocrx_word' id='word_1_188' title='bbox 1239 1679 1413 1722; x_wconf 82' lang='lat' dir='ltr'>exutus,</span> <span class='ocrx_word' id='word_1_189' title='bbox 1459 1672 1596 1714; x_wconf 87' lang='lat' dir='ltr'>media</span> 
     </span>
    </p>

    <p class='ocr_par' dir='ltr' id='par_1_7' title="bbox 90 1729 1597 2017">
     <span class='ocr_line' id='line_1_26' title="bbox 90 1729 1596 1786; baseline 0.001 -18"><span class='ocrx_word' id='word_1_190' title='bbox 90 1741 128 1768; x_wconf 83' lang='lat'>25</span> <span class='ocrx_word' id='word_1_191' title='bbox 159 1729 366 1771; x_wconf 86' lang='lat' dir='ltr'>duntaxat</span> <span class='ocrx_word' id='word_1_192' title='bbox 395 1731 515 1785; x_wconf 88' lang='lat' dir='ltr'>regni</span> <span class='ocrx_word' id='word_1_193' title='bbox 555 1731 687 1772; x_wconf 91' lang='lat' dir='ltr'>ueluti</span> <span class='ocrx_word' id='word_1_194' title='bbox 720 1729 921 1786; x_wconf 84' lang='lat' dir='ltr'>quasdam</span> <span class='ocrx_word' id='word_1_195' title='bbox 956 1731 1074 1771; x_wconf 85' lang='lat' dir='ltr'>exesi</span> <span class='ocrx_word' id='word_1_196' title='bbox 1106 1730 1289 1784; x_wconf 83' lang='lat' dir='ltr'>corporis</span> <span class='ocrx_word' id='word_1_197' title='bbox 1330 1735 1471 1784; x_wconf 90' lang='lat' dir='ltr'>partes</span> <span class='ocrx_word' id='word_1_198' title='bbox 1508 1730 1596 1771; x_wconf 89' lang='lat' dir='ltr'>sine</span> 
     </span>
     <span class='ocr_line' id='line_1_27' title="bbox 159 1787 1597 1843; baseline -0.001 -14"><span class='ocrx_word' id='word_1_199' title='bbox 159 1789 294 1843; x_wconf 87' lang='lat' dir='ltr'>capite</span> <span class='ocrx_word' id='word_1_200' title='bbox 327 1789 543 1831; x_wconf 86' lang='lat' dir='ltr'>retineret.</span> <span class='ocrx_word' id='word_1_201' title='bbox 600 1789 852 1830; x_wconf 86' lang='lat' dir='ltr'>Iarmericus</span> <span class='ocrx_word' id='word_1_202' title='bbox 894 1803 945 1829; x_wconf 85' lang='lat' dir='ltr'>ex</span> <span class='ocrx_word' id='word_1_203' title='bbox 978 1802 1026 1829; x_wconf 92' lang='lat' dir='ltr'>eo</span> <span class='ocrx_word' id='word_1_204' title='bbox 1060 1788 1227 1841; x_wconf 83' lang='lat' dir='ltr'>genitus</span> <span class='ocrx_word' id='word_1_205' title='bbox 1260 1801 1352 1827; x_wconf 88' lang='lat' dir='ltr'>cum</span> <span class='ocrx_word' id='word_1_206' title='bbox 1384 1787 1597 1828; x_wconf 87' lang='lat' dir='ltr'>sororibus</span> 
     </span>
     <span class='ocr_line' id='line_1_28' title="bbox 159 1845 1597 1902; baseline -0.001 -16"><span class='ocrx_word' id='word_1_207' title='bbox 159 1846 209 1886; x_wconf 89' lang='lat' dir='ltr'>ad</span> <span class='ocrx_word' id='word_1_208' title='bbox 254 1847 429 1887; x_wconf 90' lang='lat' dir='ltr'>modum</span> <span class='ocrx_word' id='word_1_209' title='bbox 466 1847 653 1902; x_wconf 86' lang='lat' dir='ltr'>paruulis</span> <span class='ocrx_word' id='word_1_210' title='bbox 695 1846 827 1902; x_wconf 87' lang='lat' dir='ltr'>preda</span> <span class='ocrx_word' id='word_1_211' title='bbox 867 1846 1057 1887; x_wconf 85' lang='lat' dir='ltr'>hostibus</span> <span class='ocrx_word' id='word_1_212' title='bbox 1097 1845 1194 1886; x_wconf 87' lang='lat' dir='ltr'>fuit:</span> <span class='ocrx_word' id='word_1_213' title='bbox 1240 1859 1418 1900; x_wconf 85' lang='lat' dir='ltr'>quarum</span> <span class='ocrx_word' id='word_1_214' title='bbox 1465 1845 1597 1885; x_wconf 82' lang='lat' dir='ltr'>altera</span> 
     </span>
     <span class='ocr_line' id='line_1_29' title="bbox 158 1902 1594 1959; baseline -0.001 -15"><span class='ocrx_word' id='word_1_215' title='bbox 158 1903 546 1959; x_wconf 87' lang='lat' dir='ltr'>Noruagiensibus,</span> <span class='ocrx_word' id='word_1_216' title='bbox 579 1905 712 1946; x_wconf 83' lang='lat' dir='ltr'>altera</span> <span class='ocrx_word' id='word_1_217' title='bbox 745 1904 991 1956; x_wconf 85' lang='lat' dir='ltr'>Germanis,</span> <span class='ocrx_word' id='word_1_218' title='bbox 1037 1902 1149 1958; x_wconf 91' lang='lat' dir='ltr'>quod</span> <span class='ocrx_word' id='word_1_219' title='bbox 1181 1902 1346 1944; x_wconf 83' lang='lat' dir='ltr'>uenalia</span> <span class='ocrx_word' id='word_1_220' title='bbox 1386 1902 1594 1957; x_wconf 89' lang='lat' dir='ltr'>quondam</span> 
     </span>
     <span class='ocr_line' id='line_1_30' title="bbox 159 1960 1595 2017; baseline -0.002 -14"><span class='ocrx_word' id='word_1_221' title='bbox 159 1962 354 2004; x_wconf 87' lang='lat' dir='ltr'>solebant</span> <span class='ocrx_word' id='word_1_222' title='bbox 401 1977 492 2004; x_wconf 87' lang='lat' dir='ltr'>esse</span> <span class='ocrx_word' id='word_1_223' title='bbox 546 1962 781 2011; x_wconf 80' lang='lat' dir='ltr'>connubia,</span> <span class='ocrx_word' id='word_1_224' title='bbox 832 1963 974 2017; x_wconf 88' lang='lat' dir='ltr'>precio</span> <span class='ocrx_word' id='word_1_225' title='bbox 1024 1961 1243 2003; x_wconf 86' lang='lat' dir='ltr'>uenditata</span> <span class='ocrx_word' id='word_1_226' title='bbox 1294 1964 1367 2002; x_wconf 87' lang='lat' dir='ltr'>est.</span> <span class='ocrx_word' id='word_1_227' title='bbox 1447 1960 1595 2014; x_wconf 85' lang='lat' dir='ltr'>Itaque</span> 
     </span>
    </p>

    <p class='ocr_par' dir='ltr' id='par_1_8' title="bbox 90 2018 1596 2306">
     <span class='ocr_line' id='line_1_31' title="bbox 90 2018 1596 2075; baseline -0.001 -17"><span class='ocrx_word' id='word_1_228' title='bbox 90 2031 127 2058; x_wconf 83' lang='lat'>30</span> <span class='ocrx_word' id='word_1_229' title='bbox 158 2020 381 2062; x_wconf 86' lang='lat' dir='ltr'>Danorum</span> <span class='ocrx_word' id='word_1_230' title='bbox 428 2035 604 2074; x_wconf 86' lang='lat' dir='ltr'>regnum</span> <span class='ocrx_word' id='word_1_231' title='bbox 651 2021 876 2062; x_wconf 86' lang='lat' dir='ltr'>fortissime</span> <span class='ocrx_word' id='word_1_232' title='bbox 933 2023 1238 2075; x_wconf 85' lang='lat' dir='ltr'>propagatum,</span> <span class='ocrx_word' id='word_1_233' title='bbox 1289 2019 1416 2059; x_wconf 86' lang='lat' dir='ltr'>tantis</span> <span class='ocrx_word' id='word_1_234' title='bbox 1463 2018 1596 2059; x_wconf 88' lang='lat' dir='ltr'>eciam</span> 
     </span>
     <span class='ocr_line' id='line_1_32' title="bbox 159 2076 1595 2132; baseline -0.003 -13"><span class='ocrx_word' id='word_1_235' title='bbox 159 2078 366 2132; x_wconf 83' lang='lat' dir='ltr'>maiorum</span> <span class='ocrx_word' id='word_1_236' title='bbox 398 2079 528 2119; x_wconf 90' lang='lat' dir='ltr'>titulis</span> <span class='ocrx_word' id='word_1_237' title='bbox 562 2079 829 2131; x_wconf 83' lang='lat' dir='ltr'>illustratum,</span> <span class='ocrx_word' id='word_1_238' title='bbox 863 2082 925 2119; x_wconf 89' lang='lat' dir='ltr'>tot</span> <span class='ocrx_word' id='word_1_239' title='bbox 957 2077 1143 2118; x_wconf 89' lang='lat' dir='ltr'>uictoriis</span> <span class='ocrx_word' id='word_1_240' title='bbox 1176 2080 1357 2128; x_wconf 87' lang='lat' dir='ltr'>auctum,</span> <span class='ocrx_word' id='word_1_241' title='bbox 1391 2076 1443 2116; x_wconf 88' lang='lat' dir='ltr'>ob</span> <span class='ocrx_word' id='word_1_242' title='bbox 1476 2076 1595 2116; x_wconf 83' lang='lat' dir='ltr'>unius</span> 
     </span>
     <span class='ocr_line' id='line_1_33' title="bbox 159 2133 1592 2178; baseline -0.003 -2"><span class='ocrx_word' id='word_1_243' title='bbox 159 2136 238 2176; x_wconf 91' lang='lat' dir='ltr'>uiri</span> <span class='ocrx_word' id='word_1_244' title='bbox 280 2136 480 2177; x_wconf 81' lang='lat' dir='ltr'>inerciam</span> <span class='ocrx_word' id='word_1_245' title='bbox 526 2150 581 2178; x_wconf 89' lang='lat' dir='ltr'>ex</span> <span class='ocrx_word' id='word_1_246' title='bbox 626 2150 790 2177; x_wconf 89' lang='lat' dir='ltr'>summo</span> <span class='ocrx_word' id='word_1_247' title='bbox 833 2137 968 2176; x_wconf 87' lang='lat' dir='ltr'>nitore</span> <span class='ocrx_word' id='word_1_248' title='bbox 1007 2135 1175 2175; x_wconf 88' lang='lat' dir='ltr'>fortune</span> <span class='ocrx_word' id='word_1_249' title='bbox 1217 2138 1257 2175; x_wconf 87' lang='lat' dir='ltr'>et</span> <span class='ocrx_word' id='word_1_250' title='bbox 1298 2133 1592 2174; x_wconf 84' lang='lat' dir='ltr'>florentissimo</span> 
     </span>
     <span class='ocr_line' id='line_1_34' title="bbox 158 2192 1594 2249; baseline -0.002 -16"><span class='ocrx_word' id='word_1_251' title='bbox 158 2207 300 2234; x_wconf 90' lang='lat' dir='ltr'>rerum</span> <span class='ocrx_word' id='word_1_252' title='bbox 331 2198 443 2235; x_wconf 88' lang='lat' dir='ltr'>statu</span> <span class='ocrx_word' id='word_1_253' title='bbox 475 2207 524 2234; x_wconf 86' lang='lat' dir='ltr'>eo</span> <span class='ocrx_word' id='word_1_254' title='bbox 559 2195 790 2249; x_wconf 86' lang='lat' dir='ltr'>ignominie</span> <span class='ocrx_word' id='word_1_255' title='bbox 822 2193 1057 2248; x_wconf 51' lang='lat' dir='ltr'>peruenit„</span> <span class='ocrx_word' id='word_1_256' title='bbox 1084 2197 1130 2232; x_wconf 76' lang='lat' dir='ltr'>ut</span> <span class='ocrx_word' id='word_1_257' title='bbox 1161 2192 1427 2246; x_wconf 86' lang='lat' dir='ltr'>pensionem,</span> <span class='ocrx_word' id='word_1_258' title='bbox 1469 2205 1594 2244; x_wconf 83' lang='lat' dir='ltr'>quam</span> 
     </span>
     <span class='ocr_line' id='line_1_35' title="bbox 159 2248 1594 2306; baseline -0.003 -14"><span class='ocrx_word' id='word_1_259' title='bbox 159 2251 275 2306; x_wconf 89' lang='lat' dir='ltr'>prius</span> <span class='ocrx_word' id='word_1_260' title='bbox 299 2252 512 2306; x_wconf 85' lang='lat' dir='ltr'>exigebat,</span> <span class='ocrx_word' id='word_1_261' title='bbox 536 2253 791 2293; x_wconf 85' lang='lat' dir='ltr'>exsolueret.</span> <span class='ocrx_word' id='word_1_262' title='bbox 831 2250 1046 2305; x_wconf 85' lang='lat' dir='ltr'>Syuardus</span> <span class='ocrx_word' id='word_1_263' title='bbox 1067 2253 1222 2300; x_wconf 84' lang='lat' dir='ltr'>autem,</span> <span class='ocrx_word' id='word_1_264' title='bbox 1254 2249 1395 2303; x_wconf 87' lang='lat' dir='ltr'>sepius</span> <span class='ocrx_word' id='word_1_265' title='bbox 1419 2248 1594 2288; x_wconf 85' lang='lat' dir='ltr'>uictoria</span> 
     </span>
    </p>

    <p class='ocr_par' dir='ltr' id='par_1_9' title="bbox 90 2306 1594 2596">
     <span class='ocr_line' id='line_1_36' title="bbox 90 2306 1594 2363; baseline -0.003 -13"><span class='ocrx_word' id='word_1_266' title='bbox 90 2317 128 2347; x_wconf 83' lang='lat'>35</span> <span class='ocrx_word' id='word_1_267' title='bbox 159 2323 300 2351; x_wconf 83' lang='lat' dir='ltr'>cassus</span> <span class='ocrx_word' id='word_1_268' title='bbox 346 2324 394 2351; x_wconf 90' lang='lat' dir='ltr'>ac</span> <span class='ocrx_word' id='word_1_269' title='bbox 435 2309 685 2351; x_wconf 86' lang='lat' dir='ltr'>deformium</span> <span class='ocrx_word' id='word_1_270' title='bbox 736 2309 935 2363; x_wconf 87' lang='lat' dir='ltr'>fugarum</span> <span class='ocrx_word' id='word_1_271' title='bbox 983 2322 1100 2358; x_wconf 86' lang='lat' dir='ltr'>reus,</span> <span class='ocrx_word' id='word_1_272' title='bbox 1147 2309 1244 2362; x_wconf 89' lang='lat' dir='ltr'>post</span> <span class='ocrx_word' id='word_1_273' title='bbox 1287 2311 1346 2348; x_wconf 80' lang='lat' dir='ltr'>tot</span> <span class='ocrx_word' id='word_1_274' title='bbox 1388 2306 1594 2346; x_wconf 87' lang='lat' dir='ltr'>maiorum</span> 
     </span>
     <span class='ocr_line' id='line_1_37' title="bbox 160 2362 1594 2421; baseline -0.003 -14"><span class='ocrx_word' id='word_1_275' title='bbox 160 2366 314 2408; x_wconf 90' lang='lat' dir='ltr'>decora</span> <span class='ocrx_word' id='word_1_276' title='bbox 359 2368 400 2408; x_wconf 91' lang='lat' dir='ltr'>in</span> <span class='ocrx_word' id='word_1_277' title='bbox 444 2372 531 2408; x_wconf 82' lang='lat' dir='ltr'>tam</span> <span class='ocrx_word' id='word_1_278' title='bbox 579 2366 865 2409; x_wconf 87' lang='lat' dir='ltr'>erubescendo</span> <span class='ocrx_word' id='word_1_279' title='bbox 913 2365 1048 2421; x_wconf 90' lang='lat' dir='ltr'>patrie</span> <span class='ocrx_word' id='word_1_280' title='bbox 1095 2370 1208 2406; x_wconf 84' lang='lat' dir='ltr'>statu</span> <span class='ocrx_word' id='word_1_281' title='bbox 1256 2362 1431 2404; x_wconf 88' lang='lat' dir='ltr'>confusa</span> <span class='ocrx_word' id='word_1_282' title='bbox 1476 2362 1594 2416; x_wconf 85' lang='lat' dir='ltr'>regni</span> 
     </span>
     <span class='ocr_line' id='line_1_38' title="bbox 159 2419 1591 2480; baseline -0.005 -14"><span class='ocrx_word' id='word_1_283' title='bbox 159 2424 446 2479; x_wconf 87' lang='lat' dir='ltr'>gubernacula</span> <span class='ocrx_word' id='word_1_284' title='bbox 477 2431 645 2480; x_wconf 82' lang='lat' dir='ltr'>gestare.</span> <span class='ocrx_word' id='word_1_285' title='bbox 678 2439 759 2466; x_wconf 91' lang='lat' dir='ltr'>non</span> <span class='ocrx_word' id='word_1_286' title='bbox 792 2425 1026 2475; x_wconf 85' lang='lat' dir='ltr'>sustinens,</span> <span class='ocrx_word' id='word_1_287' title='bbox 1066 2437 1117 2464; x_wconf 92' lang='lat' dir='ltr'>ne</span> <span class='ocrx_word' id='word_1_288' title='bbox 1149 2422 1383 2463; x_wconf 85' lang='lat' dir='ltr'>diuturnior</span> <span class='ocrx_word' id='word_1_289' title='bbox 1422 2421 1509 2461; x_wconf 87' lang='lat' dir='ltr'>uita</span> <span class='ocrx_word' id='word_1_290' title='bbox 1540 2419 1591 2460; x_wconf 88' lang='lat' dir='ltr'>ad</span> 
     </span>
     <span class='ocr_line' id='line_1_39' title="bbox 160 2477 1594 2538; baseline -0.005 -15"><span class='ocrx_word' id='word_1_291' title='bbox 160 2490 396 2524; x_wconf 84' lang='lat' dir='ltr'>extremam</span> <span class='ocrx_word' id='word_1_292' title='bbox 416 2484 552 2538; x_wconf 90' lang='lat' dir='ltr'>glorie</span> <span class='ocrx_word' id='word_1_293' title='bbox 575 2484 779 2525; x_wconf 88' lang='lat' dir='ltr'>iacturam</span> <span class='ocrx_word' id='word_1_294' title='bbox 802 2482 1074 2537; x_wconf 83' lang='lat' dir='ltr'>pertingeret,</span> <span class='ocrx_word' id='word_1_295' title='bbox 1102 2480 1337 2535; x_wconf 87' lang='lat' dir='ltr'>speciosum</span> <span class='ocrx_word' id='word_1_296' title='bbox 1363 2478 1439 2518; x_wconf 92' lang='lat' dir='ltr'>sibi</span> <span class='ocrx_word' id='word_1_297' title='bbox 1461 2477 1594 2518; x_wconf 88' lang='lat' dir='ltr'>fatum</span> 
     </span>
     <span class='ocr_line' id='line_1_40' title="bbox 159 2535 1594 2596; baseline -0.005 -14"><span class='ocrx_word' id='word_1_298' title='bbox 159 2554 303 2595; x_wconf 88' lang='lat' dir='ltr'>pugna</span> <span class='ocrx_word' id='word_1_299' title='bbox 348 2555 495 2596; x_wconf 87' lang='lat' dir='ltr'>parere</span> <span class='ocrx_word' id='word_1_300' title='bbox 538 2541 796 2596; x_wconf 87' lang='lat' dir='ltr'>properauit.</span> <span class='ocrx_word' id='word_1_301' title='bbox 868 2538 1036 2594; x_wconf 84' lang='lat' dir='ltr'>Quippe</span> <span class='ocrx_word' id='word_1_302' title='bbox 1080 2550 1312 2578; x_wconf 85' lang='lat' dir='ltr'>memorem</span> <span class='ocrx_word' id='word_1_303' title='bbox 1344 2535 1594 2577; x_wconf 82' lang='lat' dir='ltr'>calamitatis</span> 
     </span>
    </p>

    <p class='ocr_par' dir='ltr' id='par_1_10' title="bbox 90 2593 1597 2656">
     <span class='ocr_line' id='line_1_41' title="bbox 90 2593 1597 2656; baseline -0.006 -16"><span class='ocrx_word' id='word_1_304' title='bbox 90 2611 128 2640; x_wconf 86' lang='lat'>40</span> <span class='ocrx_word' id='word_1_305' title='bbox 157 2599 345 2640; x_wconf 82' lang='lat' dir='ltr'>animum</span> <span class='ocrx_word' id='word_1_306' title='bbox 377 2597 630 2656; x_wconf 85' lang='lat' dir='ltr'>deponendo</span> <span class='ocrx_word' id='word_1_307' title='bbox 665 2597 916 2653; x_wconf 83' lang='lat' dir='ltr'>egritudinis</span> <span class='ocrx_word' id='word_1_308' title='bbox 948 2595 1100 2651; x_wconf 91' lang='lat' dir='ltr'>cupido</span> <span class='ocrx_word' id='word_1_309' title='bbox 1132 2594 1276 2636; x_wconf 86' lang='lat' dir='ltr'>salutis</span> <span class='ocrx_word' id='word_1_310' title='bbox 1307 2593 1474 2634; x_wconf 73' lang='lat' dir='ltr'>fastidio</span> <span class='ocrx_word' id='word_1_311' title='bbox 1508 2606 1597 2632; x_wconf 80' lang='lat' dir='ltr'>eru-</span> 
     </span>
    </p>

    <p class='ocr_par' dir='ltr' id='par_1_11' title="bbox 1396 2662 1457 2697">
     <span class='ocr_line' id='line_1_42' title="bbox 1396 2662 1457 2697; baseline -0.016 0"><span class='ocrx_word' id='word_1_312' title='bbox 1396 2662 1457 2697; x_wconf 62' lang='lat'>15*</span> 
     </span>
    </p>
   </div>
  </div>
 </body>
</html>
