1884 3126
27 898 64 926 10

42 2638 61 2666 0

657 255 711 263 -—-
771 229 857 275 XV
919 257 972 265 -—
1343 283 1345 285 ¹
1461 234 1542 276 637

95 356 384 412 expedicionis
428 372 633 400 summam
668 357 967 413 committellre,
1010 359 1043 401 si
1075 358 1184 401 bene
1214 374 1302 401 rem
1334 363 1542 413 gererent,

92 416 406 472 aliquantulum
436 416 586 470 laudis,
619 416 798 466 simale,
821 431 971 472 parum
992 418 1190 473 uituperii
1220 418 1429 460 relaturis.
1474 417 1544 459 Illi

93 475 277 516 iussibus
326 474 516 516 celeriter
550 474 811 529 obsequuti,
863 475 1159 530 Rugianorum
1214 476 1346 518 eciam
1393 475 1542 527 classe,

97 537 256 588 quanta
273 532 413 574 subito
437 533 630 574 contrahi
653 536 834 587 poterat,
867 532 1012 586 adiuti,
1035 533 1242 575 incessata
1263 533 1544 588 nauigacione

95 591 349 633 Ostroznam
380 590 602 644 accedunt,
634 591 676 631 in
710 591 957 645 occupando
991 590 1116 634 hoste
1147 607 1231 634 non
1262 592 1399 633 minus
1434 591 1542 634 cele-

95 649 220 691 ritate
251 663 376 704 quam
410 648 587 690 audacia
627 649 758 691 usuri.
823 648 1014 697 Quorum
1046 654 1130 691 tam
1174 651 1311 692 latens
1342 649 1542 705 improui-

96 721 228 763 saque
259 707 440 763 irrupcio
473 707 629 762 extitit,
661 711 708 748 ut
730 707 961 762 plerosque
985 707 1233 749 Sclauorum
1264 707 1379 749 domi
1410 707 1544 763 inopi-

95 771 216 807 natos
241 766 545 821 opprimerent,
567 766 917 820 prouinciamque
934 765 1126 820 penitus*
1142 767 1355 808 incautam
1378 771 1538 807 uastas-

96 827 202 877 sent,
235 824 277 864 ni
307 823 502 865 incendio
525 823 697 865 demum
728 823 782 864 ab
808 824 1085 865 inercioribus
1109 824 1221 869 edito
1245 824 1541 879 proderentur.

95 881 187 923 Illic
229 881 335 923 binis
376 880 486 923 forte
532 881 696 923 Sclauis
737 881 909 936 nauigio
942 881 1086 937 fugam
1119 882 1416 938 querentibus,
1450 896 1543 924 cum

95 939 275 981 alterum
309 954 333 981 a
365 939 588 981 Gerimaro
620 939 693 980 teli
736 939 848 981 iactu
879 944 1139 995 prostratum
1180 940 1365 996 reliquus
1398 940 1544 982 ulcisci

97 1002 284 1053 cuperet,
319 998 504 1052 cognito,
537 997 649 1053 quod
680 997 977 1053 Rugianorum
1009 998 1160 1040 ducem
1192 1002 1425 1054 appeteret,
1456 998 1542 1040 telo

95 1056 377 1097 uerecundius
404 1056 596 1108 abiecto,
629 1055 842 1098 dilabitur.
904 1056 1039 1098 Tanta
1079 1056 1192 1111 apud
1235 1057 1343 1098 hanc
1373 1059 1542 1111 gentem

95 1114 195 1155 uiris
226 1114 268 1154 in
300 1114 471 1169 fastigio
494 1114 643 1169 positis
674 1115 898 1171 ueneracio
921 1114 1133 1170 penditur.
1195 1113 1367 1156 Interea
1399 1114 1543 1156 classis

95 1186 172 1227 per
203 1172 368 1214 Penum
400 1187 566 1213 amnem
599 1172 776 1228 allapsa,
809 1174 949 1228 equis,
982 1187 1088 1228 quos
1120 1173 1229 1214 inter
1260 1187 1419 1228 pascua
1449 1187 1543 1228 rep-

95 1230 218 1286 perit,
237 1231 385 1286 captis,
403 1229 702 1285 Walagostum
723 1231 1004 1286 progreditur.
1050 1230 1179 1272 Cuius
1202 1236 1332 1286 ponte
1355 1230 1541 1285 disiecto,

95 1289 361 1344 transituque
403 1288 631 1331 obstaculis
673 1288 942 1340 uacuefacto,
982 1294 1157 1344 propter
1197 1289 1334 1331 menia
1366 1303 1542 1331 ancoras

95 1346 218 1402 iacit,
271 1346 493 1402 oppidanis
545 1347 753 1402 imparata
799 1347 938 1388 adhuc
988 1352 1199 1388 tormenta
1248 1347 1541 1389 tractantibus,

95 1403 257 1447 Eadem
277 1405 507 1447 obsidionis
529 1404 705 1446 fastidiis
725 1405 1015 1460 nauigacionis
1032 1404 1250 1461 dispendia
1265 1409 1541 1461 anteponens,

95 1467 183 1504 tam
216 1477 372 1518 uagum
404 1477 684 1519 sparsumque
717 1463 868 1506 milicie
891 1477 1024 1518 genus
1046 1468 1194 1519 secuta
1227 1468 1303 1517 est,
1336 1468 1382 1505 ut
1415 1463 1542 1505 hosti-

98 1521 175 1563 bus
210 1535 354 1564 errore
384 1521 623 1574 ludificatis,
656 1522 827 1563 ubinam
862 1523 1042 1563 maxime
1073 1536 1150 1563 sua
1181 1521 1291 1563 tueri
1322 1521 1541 1574 deberent,

96 1580 306 1622 incertum
340 1580 643 1634 relinquerent.
686 1577 945 1635 S<i>quidem
966 1580 1135 1622 euitatis
1167 1580 1284 1630 locis,
1316 1579 1357 1620 in
1390 1579 1541 1635 quibus

97 1651 173 1679 eos
189 1638 356 1679 -obuios
387 1638 594 1692 habebat,
639 1637 936 1680 defensoribus
977 1652 1112 1679 uacua
1151 1638 1348 1693 petebat,
1389 1637 1541 1693 quibus

98 1695 250 1738 eadem
291 1696 590 1737 accedentibus
633 1709 686 1737 ex
734 1697 928 1738 consulto
972 1696 1174 1749 cedebat,
1218 1700 1259 1737 et
1296 1696 1350 1737 ad
1395 1700 1539 1751 partes

48 1768 61 1776 ·
96 1753 280 1810 presidio
314 1759 506 1796 carentes
538 1753 735 1796 miliciam
768 1754 1066 1797 transferebat.
1128 1753 1183 1795 Et
1214 1767 1266 1795 ne
1302 1753 1384 1794 ulla
1416 1767 1542 1808 nego-

96 1813 255 1853 ciorum
287 1812 545 1855 intermissio
576 1811 701 1867 foret,
734 1812 947 1867 peditibus
979 1812 1152 1867 remigio
1186 1818 1356 1865 noctes,
1389 1825 1539 1853 somno

97 1870 185 1911 dies
224 1870 421 1925 exigere,
465 1870 675 1926 equitibus
721 1885 824 1913 uero
870 1875 1118 1913 nocturnam
1162 1871 1350 1925 requiem
1381 1869 1540 1911 diurnis

94 1928 246 1970 milicie
274 1927 489 1969 laboribus
521 1928 760 1983 rependere
790 1929 1074 1971 constitutum.
1136 1928 1379 1970 Aduersum
1413 1941 1538 1982 quem

97 1986 405 2028 excursacionis
447 1985 618 2029 modum
658 1986 938 2042 Bogiszlauus
982 1991 1024 2029 et
1064 1985 1309 2027 Kazimarus
1354 1986 1455 2026 nihil
1496 1985 1538 2026 in

95 2044 220 2087 armis
261 2044 435 2086 remedii
478 2044 704 2099 ducentes,
746 2045 1065 2098 animaduerso,
1106 2045 1241 2100 patrie
1280 2044 1537 2097 uastitatem,

93 2108 337 2144 nostrorum
379 2117 464 2144 non
505 2103 643 2145 minus
684 2103 875 2157 agilitate
908 2117 1031 2159 quam
1077 2103 1237 2143 uiribus
1268 2098 1537 2157 inchoaltam,

93 2175 170 2202 suo
204 2160 334 2202 ductu
366 2161 615 2216 propulsare
647 2175 731 2203 non
764 2174 913 2216 posse,
956 2160 1134 2202 emende
1169 2160 1284 2215 pacis
1319 2159 1537 2201 consilium

93 2219 278 2274 capiunt,
310 2233 490 2274 quorum
532 2233 650 2261 arma
688 2218 799 2260 ferre
831 2233 915 2261 non
945 2223 1130 2274 possent,
1164 2218 1396 2260 amiciciam
1428 2231 1537 2258 mer-

94 2277 242 2318 caturi.
305 2277 468 2325 Quibus
511 2278 711 2331 accessis,
756 2291 901 2320 eorum
941 2291 986 2319 se
1025 2276 1185 2318 uiribus
1227 2277 1409 2331 impares
1442 2289 1537 2316 con-

93 2334 506 2389 fessi‚4presencium
536 2335 682 2376 finium
714 2336 917 2376 iacturam
949 2335 1060 2376 inter
1093 2334 1244 2375 damna
1274 2347 1358 2375 non
1388 2333 1537 2374 ducere

93 2391 316 2445 simulant,
367 2393 625 2448 amplissima
675 2393 929 2434 Pomeranie
981 2392 1149 2434 deserta
1201 2391 1322 2432 nouis
1365 2390 1535 2432 sedibus

94 2450 367 2505 complexuri.
427 2450 496 2492 Ad
528 2451 606 2493 hec
637 2450 837 2493 Nicolaus
862 2450 1094 2492 Falstricus
1126 2450 1167 2490 in
1198 2450 1326 2490 risum
1357 2449 1535 2502 solutus,

94 2508 262 2550 sinistre
301 2522 372 2550 eos
412 2509 551 2564 patrie
582 2510 801 2552 consulere
833 2508 961 2560 dixit,
1011 2508 1128 2550 cuius
1152 2506 1359 2548 'inferiora
1389 2505 1534 2558 Danis,

94 2566 312 2622 superiora
342 2567 528 2621 Polanis,
561 2567 832 2608 finitimorum
855 2580 983 2608 manu
1006 2566 1084 2607 huc
1107 2569 1233 2620 atque
1256 2564 1357 2605 illuc
1378 2564 1534 2617 iactati,

93 2625 240 2667 cedere
273 2629 537 2692 cogerentur.
586 2625 679 2675 Quo
713 2624 824 2667 dicto
858 2624 994 2681 patrie
1025 2624 1205 2665 salutem
1229 2622 1536 2678 circunspicere

1598 370 1691 406 (362)

1569 777 1822 807 CLXXXVIII·

1591 2120 1619 2145 p.
1637 2111 1691 2139 928
