1884 3126
150 577 167 602 5

130 867 165 894 10

127 1158 162 1185 15

124 1449 162 1476 20

123 1738 160 1764 25

124 2027 161 2055 30

123 2319 175 2359 35ἶ

792 228 845 235 -—
907 202 949 244 X
1009 229 1063 235 —
1567 206 1677 247 32?

202 329 332 372 Missa
363 330 493 386 igitur
526 329 731 373 aduersus
757 331 867 373 hanc
888 330 1028 374 Iuline
1052 330 1227 397 piratice
1243 346 1391 384 manu,
1425 331 1490 375 Bo
1523 337 1653 389 atque

203 387 376 430 Siualdo
442 389 617 430 ducibus
679 394 947 444 contemptus
1010 390 1073 431 sui
1134 391 1345 433 ulcionem
1419 390 1652 433 mandauit.

203 446 393 495 Quorum
418 447 641 503 Haquinus
674 449 906 503 perspectis
940 449 1087 504 copiis,
1121 463 1216 489 cum
1240 449 1500 491 intolerabile
1522 448 1651 491 rebus

202 505 288 546 suis
323 519 429 546 onus
460 506 679 547 imminere
695 511 1003 562 „cognoscor-et,
1052 506 1290 562 excipiendi
1339 507 1429 548 eius
1472 508 1651 550 materia

198 577 280 605 non
311 567 582 619 suppetente,
616 568 819 619 tanquam
851 564 1038 606 humane
1070 565 1161 619 opis
1184 564 1429 606 diffidencia
1461 564 1648 608 diuinam

201 622 439 676 amplexus,
486 635 664 677 superos
708 622 912 664 inusitato
946 622 1110 677 piaculo
1144 622 1440 677 propiciandos
1474 624 1648 666 curauit.

200 679 320 720 Duos
352 679 558 735 siquidem
590 681 928 736 prestantissime
960 680 1090 722 indo*
1081 695 1114 722 is
1147 681 1254 722 filios
1276 681 1511 725 hostiarum
1531 696 1649 724 more

200 738 283 779 aris
329 737 524 781 admotos
586 738 791 793 pociende
844 740 1023 780 uictorie
1071 752 1198 780 causa
1244 738 1404 781 nefaria
1449 739 1647 782 litacione

200 797 429 844 maetauit,
473 810 551 838 nec
592 797 809 852 sanguinis
853 798 916 839 sui
954 797 1127 839 interitu
1168 811 1343 851 regnum
1392 812 1534 840 emere
1573 798 1649 840 du-

198 853 362 906 bitauit,
394 855 608 910 patrisque
640 855 810 898 nomine
842 870 970 911 quam
1002 855 1139 911 patria
1172 869 1314 897 carere
1348 855 1511 898 maluit.
1564 856 1647 898 Sed

198 911 297 968 quid
345 912 424 954 hoc
466 927 565 967 rege
606 915 817 967 stulcius,
868 915 938 969 qui
982 914 1195 968 geminam
1235 914 1555 955 carissimorum·
1586 915 1648 969 pi-

196 984 378 1024 gnorum
401 975 584 1026 stragem
612 971 782 1013 incertis
804 972 928 1013 unius
952 985 1091 1027 pugne
1116 971 1338 1012 euentibus
1362 971 1645 1027 impendendo

196 1029 410 1070 fortunam
445 1028 544 1070 belli
576 1030 786 1085 parricido
820 1034 965 1085 petere
1000 1035 1041 1071 et
1064 1030 1288 1071 orbitatem
1317 1044 1438 1071 suam
1462 1031 1646 1071 muneris

197 1087 290 1129 loco
343 1086 421 1128 diis
475 1088 679 1130 bellorum
740 1088 977 1138 fautoribus
1029 1102 1206 1142 erogare
1257 1087 1487 1129 sustinuit?
1550 1088 1644 1136 Quo

196 1145 351 1196 euenit,
394 1150 442 1187 ut
472 1145 585 1187 Dani
627 1161 799 1187 manum
846 1160 941 1187 cum
983 1159 1032 1187 eo
1065 1145 1203 1188 nauali
1237 1146 1464 1187 certamine
1497 1159 1646 1189 conse-

196 1208 350 1255 rentes,
384 1218 638 1260 quocunque
671 1204 859 1247 militaris
879 1204 1090 1246 discursus
1123 1205 1329 1258 impetum
1352 1204 1646 1259 contulissent,

194 1261 390 1303 infestam
434 1263 564 1304 nimbi
608 1262 706 1314 uim,
754 1277 836 1317 qua
879 1268 1080 1318 tanquam
1124 1263 1176 1302 ab
1223 1262 1345 1304 hoste
1385 1261 1643 1316 lederentur,

196 1320 453 1375 exciperent.
518 1320 718 1362 Ceterum
771 1321 935 1362 cohorti
987 1320 1130 1362 imbris
1175 1320 1426 1361 maleficium
1471 1319 1531 1360 ita
1569 1334 1644 1362 no-

195 1381 379 1419 strorum
418 1379 600 1420 uertices
632 1379 841 1420 inusitatis
874 1379 1091 1434 grandinis
1122 1377 1273 1420 ictibus
1306 1378 1642 1430 conuerberauit,

195 1439 240 1477 ut
272 1450 419 1478 eorum
451 1437 572 1489 oculi,
607 1437 741 1478 ueluti
773 1437 1023 1492 quibusdan]
1057 1437 1296 1480 nimborum
1318 1436 1487 1491 spiculis
1510 1435 1642 1478 laces-

193 1493 260 1536 siti
301 1495 672 1551 prospiciendique
717 1495 884 1549 penitus
927 1495 1129 1537 facultate
1171 1493 1354 1543 defecti,
1399 1493 1642 1548 grauiorem

194 1553 244 1593 ab
274 1569 276 1592 ε
307 1553 527 1595 elementis
567 1565 756 1609 pugnam
797 1568 923 1609 quam
956 1554 1008 1594 ab
1043 1553 1161 1594 hoste
1193 1552 1410 1595 sentirent.
1473 1551 1639 1593 Accidit

195 1624 310 1665 ergo,
343 1615 390 1652 ut
420 1610 750 1665 Noruagienses,
797 1612 875 1653 celi
917 1625 1043 1667 quarn
1085 1611 1169 1652 suis
1213 1610 1371 1651 uiribus
1414 1609 1641 1662 feliciores,

194 1668 366 1721 Danos,
427 1668 660 1711 districtam
723 1669 949 1711 aduersum
1001 1683 1046 1710 se
1098 1669 1319 1710 numinum
1383 1669 1485 1709 iram
1538 1667 1641 1709 haut

192 1726 321 1768 dubie
363 1728 629 1780 sencientes,
672 1733 771 1769 ante
810 1727 914 1783 fuga
964 1741 1089 1782 quam
1141 1726 1311 1768 cedibus
1362 1725 1639 1781 implicarent.

192 1784 308 1826 Inter
323 1798 429 1841 quos
443 1785 689 1827 Karlshefni
708 1799 758 1826 ac
770 1784 968 1827 Siualdus
979 1799 1003 1826 a
1015 1785 1248 1826 uictoribus
1264 1784 1390 1839 capti,
1403 1797 1639 1839 quanquam

193 1842 432 1884 dimicando
465 1843 817 1898 speciosissimam
858 1844 917 1884 rei
958 1842 1149 1884 militaris
1193 1855 1365 1896 operam
1398 1841 1641 1893 edidissent,

192 1901 413 1957 aliquanto
465 1905 605 1943 tamen
660 1902 754 1956 plus
812 1901 950 1943 laudis
1000 1901 1040 1941 in
1094 1899 1274 1941 uinculis
1326 1914 1452 1955 quam
1503 1900 1639 1956 prelio

192 1963 449 2001 meruerunt.
492 1959 717 2015 Haquinus
740 1960 863 2012 enim,
886 1958 1202 2001 celeberrimam
1225 1957 1388 2000 Danioe
1410 1958 1640 1999 iuuentutis

191 2016 484 2059 fortitudinem
518 2018 788 2072 exploracius
820 2031 946 2059 nosse
980 2016 1175 2071 cupiens,
1220 2014 1356 2069 duos,
1398 2016 1466 2071 qui
1511 2017 1641 2071 capti--

192 2088 345 2116 uorum
375 2076 634 2142 pacienciam
669 2076 832 2130 plenius
866 2075 1175 2130 experirentur,
1209 2073 1412 2116 admouit.
1454 2074 1638 2116 Tantum

194 2133 302 2174 enim
343 2133 495 2175 uirium
538 2134 686 2175 animis
735 2148 881 2175 eorum
924 2147 949 2174 a
989 2136 1142 2174 natura
1185 2133 1359 2174 insitum
1404 2146 1496 2174 esse
1527 2133 1640 2174 fama

192 2190 343 2242 fuerat,
375 2196 422 2232 ut
454 2193 598 2241 eciam,
632 2192 810 2246 receptis
850 2192 892 2232 in
924 2191 1089 2232 uultum
1120 2190 1286 2243 ictibus,
1318 2205 1372 2231 ne
1402 2190 1518 2232 leues
1550 2191 1639 2246 qui-

194 2248 290 2291 dem
323 2250 644 2304 superciliorum
688 2254 816 2291 nutus
862 2248 1048 2302 ederent,
1096 2253 1226 2304 atque
1266 2248 1472 2290 aduersus
1515 2263 1637 2290 omne

191 2307 452 2362 percussoris
479 2308 791 2350 irritamentum
813 2308 855 2348 in
878 2306 1028 2348 eodem
1061 2306 1247 2348 animum
1281 2306 1428 2348 habitu
1450 2307 1638 2348 contine-

193 2369 298 2407 rent.
362 2363 492 2406 Cuius
547 2366 817 2421 experiencie
869 2365 1012 2419 gracia
1061 2365 1176 2419 prior
1228 2363 1428 2406 Siualdus
1477 2364 1639 2418 ingenti

193 2422 388 2464 satellitis
430 2422 540 2464 fuste
586 2437 824 2478 percussus,
877 2423 1021 2465 oculos
1072 2428 1192 2464 motu
1244 2436 1402 2464 uacuos
1455 2421 1636 2477 prebuit.

194 2480 307 2528 Quin
342 2481 475 2522 eciam
509 2494 557 2523 eo
590 2481 728 2522 minus
761 2480 932 2522 fortune
964 2480 1104 2527 cessit,
1138 2494 1221 2535 quo
1255 2480 1448 2521 miserius
1469 2479 1636 2522 uirtutis

193 2553 269 2580 sue
303 2539 641 2592 experimentum
673 2538 833 2579 habuit.
892 2537 983 2579 Nec
1027 2538 1163 2579 minus
1200 2538 1244 2594 'in
1288 2538 1451 2592 reliquo
1484 2538 1669 2590 mentis*

125 2608 161 2635 40
190 2596 320 2638 robur
365 2597 574 2652 apparuit.
656 2595 901 2646 Karlshefni
947 2595 1055 2639 enim
1103 2595 1230 2638 alium
1271 2595 1459 2638 districta
1499 2596 1639 2639 securi

1693 1568 1721 1593 p.
1739 1559 1791 1586 484
