1884 3126
216 901 246 927 10

213 1188 245 1214 15

205 2054 242 2081 30

203 2342 239 2370 35

201 2633 237 2661 40

286 251 368 291 342
866 267 915 273 -
978 243 1134 284 X—

282 373 517 416 sacerdocio
550 373 689 422 fulsit3
721 374 818 424 post
851 383 975 424 quem
1009 369 1263 410 Othincarus
1287 367 1436 420 Albus,
1469 368 1717 423 splendidis-

282 433 385 473 simo
418 428 522 485 Iolco
557 434 691 480 natus,
723 427 877 468 infulas
909 427 1099 482 sumpsit.
1143 425 1270 467 Cuius
1302 425 1486 467 liberalis
1517 426 1560 467 in
1589 425 1715 467 deum
1770 445 1796 470 p.
1822 437 1871 463 <307

281 489 464 540 animus,
499 501 549 526 ne
582 485 761 541 paruula
793 484 958 539 quidem
993 484 1070 526 sibi
1102 497 1265 524 summa
1297 486 1483 536 retenta,
1515 484 1720 549 amplissi-

282 559 393 586 mum
425 543 725 599 patrimonium
756 542 1001 583 necessaiiis
1045 541 1299 606 templorum
1332 540 1477 582 usibus
1511 542 1718 596 erogauit,

279 603 487 656 cellasque
521 606 619 642 ante
651 600 692 640 id
725 600 783 641 lei
816 599 1032 640 familiaris
1075 599 1225 653 inopes
1269 598 1487 639 uberrimis
1528 600 1638 653 agris
1670 613 1720 640 ac

279 658 509 700 latifundiis
540 658 775 712 locupletes
810 658 960 708 effecit,
991 656 1098 697 adeo
1132 662 1178 697 ut
1211 656 1560 698 excellentissime
1584 657 1719 698 tocius

278 717 388 758 Iutie
420 717 633 766 ciuitates,
665 715 863 770 quicquid
895 728 1002 769 pene
1034 713 1276 768 prediorum
1309 714 1537 780 possident,
1570 729 1593 755 a
1624 714 1717 756 reli-

277 774 396 829 giosa
431 774 519 815 eius
553 773 787 814 donacione
829 772 1105 827 perceperint.
1166 771 1318 826 Itaque
1350 773 1527 838 propior
1550 772 1718 827 publice

279 831 499 872 deuocioni
548 843 672 884 quam
719 830 886 885 priuate
925 829 1115 870 facultati
1158 829 1377 884 solideque
1418 831 1552 884 magis
1593 844 1718 885 quam

275 890 390 930 fluxe
419 888 557 930 laudis
589 893 805 944 appetens,
837 885 1159 929 momentaneo
1194 901 1332 928 rerum
1364 888 1577 943 impendio
1600 902 1717 929 man-

279 961 398 988 suras
438 947 564 987 animi
596 946 765 988 delicias
809 945 1102 1000 comparauit,
1141 959 1271 1000 seque
1312 946 1553 1000 patrimonii
1592 960 1717 1001 quam

276 1004 524 1059 religionem
547 1005 605 1045 rei
627 1003 842 1045 familiaris
869 1004 1037 1058 inopem
1071 1017 1162 1045 esse
1192 1004 1353 1057 maluit,
1385 1003 1438 1044 ad
1471 1018 1567 1045 eum
1599 1004 1715 1046 here-

278 1062 419 1103 ditatis
451 1077 526 1116 sue
558 1062 758 1103 honorem
791 1061 1062 1114 transferens,
1095 1076 1119 1102 a
1151 1076 1232 1116 quo
1265 1061 1334 1117 pia
1367 1061 1477 1103 dona
1499 1063 1716 1118 perpetuis

280 1120 399 1161 bonis
447 1119 716 1175 rependenda
763 1124 1037 1173 cognouerat.
1099 1118 1191 1160 Nec
1233 1120 1542 1175 possessionem
1590 1121 1716 1162 sacris

277 1177 532 1232 impendisse
565 1181 804 1230 contentus,
839 1181 884 1217 ut
917 1191 1062 1218 omnes
1096 1178 1265 1218 uirtutis
1286 1182 1427 1233 partes
1449 1191 1497 1220 ac
1519 1192 1715 1220 numeros

278 1239 606 1290 exsequeretur,
653 1235 784 1276 eciam
817 1249 956 1276 rerum
990 1235 1203 1276 beneficiis
1235 1236 1441 1276 uirtutum
1472 1235 1716 1277 adiumenta

277 1292 506 1334 subtexuit.
598 1293 812 1348 Siquidem
856 1292 1113 1334 Sialandiam
1156 1297 1198 1335 et
1230 1293 1423 1334 Scaniam
1470 1293 1608 1336 officio
1649 1294 1716 1349 pie

277 1350 530 1391 orudicionis
572 1364 819 1405 aggressus,
862 1350 1079 1392 mirificum
1118 1352 1225 1392 sacri
1258 1351 1464 1406 dogmatis
1497 1357 1715 1394 auctorem

276 1422 405 1462 agere
436 1410 561 1463 cepit.
616 1409 679 1449 Ac
709 1423 762 1450 ne
794 1409 962 1463 parcius
994 1409 1122 1450 animi
1155 1423 1282 1464 quam
1314 1409 1500 1464 corporis
1533 1409 1715 1452 officium

208 1477 223 1502 ‘2
275 1466 622 1519 amministraret,
664 1469 826 1507 tantum
860 1481 903 1508 se
934 1466 974 1506 in
1008 1466 1303 1521 amplificanda
1335 1468 1540 1521 religione
1573 1468 1715 1522 gessit,

276 1528 478 1578 quantum
525 1530 669 1578 egerat
714 1525 752 1565 in
794 1524 1116 1580 locupletanda,
1163 1539 1238 1580 pro
1289 1539 1370 1580 quo
1418 1526 1715 1581 patrimonium

276 1586 540 1636 eroganerat,
575 1583 709 1623 eciam
740 1586 877 1624 morte
907 1587 1081 1636 paratus
1113 1582 1375 1626 occumbere.

414 1638 615 1682 Ceterum
633 1640 787 1691 Sueno,
820 1640 960 1681 senilis
984 1641 1121 1682 anime
1142 1640 1358 1682 laboribus
1380 1641 1529 1694 fessus,
1562 1641 1714 1683 diuinis

275 1697 400 1738 rebus
447 1697 752 1752 infatigabilem
801 1698 936 1738 ultimi
984 1698 1183 1751 temporis
1232 1712 1375 1740 curam
1421 1699 1591 1751 tribuit,
1637 1712 1715 1740 nec

206 1765 238 1790 2·
272 1754 418 1810 spiritu
446 1754 452 1809 Ι
481 1769 604 1810 quam
650 1756 853 1810 religiono
891 1756 1127 1797 diuturnior
1172 1756 1261 1798 fuit.
1338 1756 1555 1811 Siquidem
1602 1757 1715 1798 omni

273 1812 459 1854 humana
491 1813 764 1855 concussione
798 1828 955 1855 uacuus
985 1813 1027 1854 in
1058 1814 1149 1869 ipso
1182 1815 1485 1869 perfectissime
1516 1816 1603 1856 uite
1636 1815 1714 1856 ful-

274 1884 375 1925 gore
409 1869 602 1913 decessit.
665 1871 793 1912 Hunc
830 1872 959 1926 igitur
991 1871 1073 1912 due
1105 1872 1212 1913 inter
1243 1887 1288 1914 se
1321 1871 1500 1915 diuisere
1531 1873 1712 1924 fortune,

274 1941 398 1983 quem
421 1928 539 1970 uaria
561 1943 651 1970 sors
672 1929 714 1969 in
738 1928 915 1971 ludibria
950 1944 997 1971 ac
1030 1929 1184 1971 decora
1218 1931 1379 1971 alterna
1410 1932 1504 1973 uice
1536 1932 1713 1984 traiecit,

274 1999 407 2040 regno
440 1986 549 2028 illius
581 1987 887 2042 captiuitatem,
920 1985 1167 2043 callptiuitati
1201 1987 1373 2030 exilium
1400 1989 1709 2031 substituendo.

274 2043 376 2091 Quis
408 2044 519 2085 enim
552 2045 767 2090 crederet,
817 2045 933 2085 illum
965 2059 990 2086 a
1021 2046 1202 2086 maximo
1236 2046 1342 2087 solio
1375 2046 1428 2087 ad
1462 2046 1713 2088 Sclauorum

272 2106 579 2156 peruenturum
615 2103 817 2144 catenas?
860 2103 963 2151 Quis
994 2117 1138 2144 rursus
1172 2104 1437 2146 existimaret
1464 2119 1489 2146 a
1510 2104 1711 2146 Sclauicis

271 2158 451 2201 uinculis
484 2159 536 2201 ad
568 2161 686 2215 regni
717 2160 949 2202 rediturum
987 2161 1200 2215 insignia?
1261 2162 1320 2202 At
1350 2166 1491 2204 tamen
1526 2177 1577 2204 ex
1609 2178 1713 2219 rege

272 2217 466 2283 captiuus
498 2221 625 2273 atque
657 2232 710 2260 ex
743 2219 913 2274 captiuo
945 2234 1021 2260 rex
1055 2223 1118 2260 est
1149 2219 1297 2261 factus
1339 2219 1406 2262 Ita
1436 2234 1548 2262 nunc
1570 2222 1713 2263 miser-

270 2275 397 2329 rimis,
429 2290 541 2328 nunc
572 2275 823 2318 felicissimis
853 2290 941 2331 par,
976 2276 1145 2318 diuerso
1179 2277 1434 2320 condicionis
1467 2279 1612 2320 habitu
1643 2293 1713 2334 ge-

270 2333 425 2374 minam
456 2334 679 2388 utriusque
710 2333 882 2376 fortune
914 2348 1156 2377 mensuram
1189 2335 1372 2390 equauit.

407 2390 576 2433 Mortuo
609 2391 829 2458 Suenone,
872 2392 999 2447 Angli
1031 2406 1079 2434 ac
1110 2392 1447 2448 Noruagienses,
1490 2407 1542 2435 ne
1572 2407 1711 2436 rerum

270 2462 475 2489 summam
508 2449 646 2492 alieno
679 2450 854 2505 imperio
885 2451 1117 2492 subiectam
1149 2451 1370 2503 haberent,
1400 2465 1521 2506 reges
1549 2465 1602 2492 ex
1625 2452 1711 2493 suis

268 2505 412 2560 legere
437 2521 563 2560 quam
585 2522 608 2548 a
630 2507 812 2549 finitimis
836 2508 1017 2549 mutuari
1041 2508 1178 2550 sacius
1210 2509 1300 2559 rati,
1332 2483 1539 2574 abrogato
1560 2509 1712 2551 Danici

269 2563 447 2605 nominis
487 2570 709 2620 respectu,
752 2564 1000 2607 Eduardum
1032 2570 1161 2621 atque
1193 2565 1376 2608 Olauum
1407 2566 1450 2608 in
1480 2567 1711 2609 maiestatis

268 2620 455 2677 fastigio
480 2622 744 2666 locauerunt,
808 2623 995 2674 Quorum
1039 2623 1306 2680 preualidum
1345 2624 1474 2667 robur
1504 2623 1713 2678 Kanutus,

1783 894 1858 923 Cllh

1769 1771 1868 1805 p.503

1775 2000 1867 2035 (192)
