1884 3126
748 226 785 231 -ν
857 203 926 244 III
992 228 1039 232 --
1557 207 1609 247 89

170 347 276 389 quas
298 345 515 374 nemorum
539 333 680 387 partes
703 344 812 386 equo
831 330 1094 387 perductum,
1116 347 1165 375 eo
1189 336 1438 377 tentamenti
1460 349 1615 390 genere

171 389 527 446 aggrederentur.
569 386 700 445 Inlter
718 403 824 444 quos
844 389 954 430 forte
979 390 1148 445 quidam
1170 391 1358 435 Amlethi
1383 393 1612 436 collacteus
1667 411 1695 435 n·
1720 403 1766 428 ¹⁴0

171 449 332 503 aderat,
364 463 389 489 a
420 448 539 490 cuius
571 448 711 489 animo
744 446 932 489 nondum
963 448 1075 489 socie
1106 448 1372 492 educacionis
1394 458 1612 506 respectus

169 506 403 550 exciderat.
453 505 535 547 Hic
564 505 753 561 preteriti
795 505 1014 548 conuictus
1046 508 1293 550 memoriam
1324 511 1509 564 presenti
1539 510 1611 551 im-

122 585 138 602 ›
170 565 285 621 perio
301 568 580 620 anteponens,
597 563 845 606 Amlethum
860 564 969 605 inter
981 563 1209 619 deputatos
1225 568 1395 609 comites
1409 567 1615 610 instruen-

170 623 211 664 di
243 622 388 678 pocius
422 635 548 677 quam
570 620 793 664 insidiandi
826 621 967 663 studio
991 623 1341 678 prosequebatur,
1374 626 1485 681 quod
1519 640 1614 668 eum

169 682 317 723 ultima
357 694 583 737 passurum
624 694 708 721 non
754 679 982 733 dubitaret,
1025 680 1056 721 si
1102 682 1172 722 uel
1205 682 1415 724 modicum
1458 685 1613 725 sensati

169 739 296 780 animi
326 737 524 780 indicium
558 738 813 792 prebuisset,
845 738 1029 779 maxime
1062 752 1181 792 uero,
1215 740 1248 782 si
1280 741 1445 783 ueneris
1476 742 1613 796 palam

170 798 300 840 rebus
344 795 576 838 uteretur.“³‘
645 795 772 844 Quod
813 796 891 852 ipsi
936 810 1102 852 quoque
1142 796 1344 840 Amletho
1389 799 1611 841 obscurum
1633 806 1794 835 ΧΧῊΙΒι

104 868 138 895 10
169 870 251 898 non
283 855 375 897 fuit.
436 853 607 910 Equum
638 853 843 909 siquidem
878 854 1160 897 conscendere
1203 856 1355 909 iussus,
1399 857 1456 898 ita
1487 872 1531 899 se
1563 857 1616 900 de

170 914 336 955 ceruice
367 912 573 954 industria
604 912 846 966 collocauit,
878 918 925 954 ut
952 927 1076 954 suum
1106 913 1237 969 ipsius
1260 915 1414 956 ceruici
1445 915 1616 957 dorsum

171 972 400 1014 obuertens
432 971 616 1013 aduersa
650 970 829 1012 caudam
862 970 1000 1013 fronte
1031 976 1258 1026 spectaret.
1321 973 1456 1021 Quam
1488 974 1617 1016 frenis

169 1044 337 1086 quoque
370 1028 592 1084 complecti
639 1028 759 1082 cepit,
805 1029 979 1084 perinde
1027 1034 1152 1084 atque
1198 1045 1248 1072 ea
1294 1035 1413 1086 parte
1460 1032 1616 1073 ruentis

172 1089 266 1144 equi
290 1088 494 1143 impetum
515 1086 828 1129 moderaturus.
878 1087 972 1136 Qua
994 1088 1152 1129 astucie
1174 1089 1456 1132 meditacione
1478 1090 1618 1145 patrui

109 1160 139 1187 15
171 1150 456 1188 commentum
495 1145 639 1198 illusit,
671 1145 854 1198 insidias,
886 1147 1162 1201 expugnauit.
1231 1147 1475 1189 Ridiculum
1516 1148 1616 1190 satis

172 1204 462 1260 spectaculum
483 1204 575 1256 fuit,
599 1217 693 1245 cum
715 1202 840 1255 idem,
864 1203 1029 1247 habene
1053 1218 1218 1261 expers,
1241 1210 1418 1260 regente
1439 1205 1618 1248 caudam

171 1276 338 1305 sessore
371 1266 654 1318 procurreret.
1392 1262 1394 1265 ’

309 1320 553 1363 Procedens
586 1319 825 1372 Amlethus,
867 1334 963 1361 cum
995 1319 1169 1362 obuium
1199 1321 1308 1362 inter
1351 1321 1524 1363 arbusta
1555 1321 1617 1361 lu-

171 1393 273 1434 pum
295 1378 527 1433 habuisset,
561 1378 781 1420 comitibus
805 1378 1027 1420 tenerioris
1059 1378 1182 1420 etatis
1209 1393 1363 1434 equum
1387 1379 1616 1422 occurrisse

103 1452 141 1479 20
172 1436 423 1490 dicentibus,
453 1450 693 1492 perpaucos
716 1436 953 1478 huiusmodi
985 1436 1027 1478 in
1051 1436 1266 1491 Fengonis
1288 1451 1417 1492 grege
1438 1438 1615 1479 militare

172 1495 405 1547 subiunxit,
455 1498 502 1536 ut
546 1495 755 1548 modesto,
806 1496 866 1536 ita
913 1496 1050 1537 faceto
1097 1495 1415 1550 imprecaeionis
1460 1509 1615 1551 genere

170 1554 307 1609 patrui
341 1553 515 1595 diuicias
539 1550 784 1609 insecultus.
818 1552 902 1601 Qui
933 1567 1027 1595 cum
1050 1552 1164 1595 illum
1195 1553 1392 1608 prudenti
1414 1568 1617 1609 responso
1673 1567 1767 1602 p.141

142 1626 295 1657 ,usum
341 1607 598 1666 astruerent,
644 1612 737 1667 ipse
779 1624 948 1666 quoque
994 1626 1039 1653 se
1087 1611 1139 1653 de
1181 1611 1386 1653 industria
1426 1612 1618 1654 locutum

171 1669 457 1722 asseuerabat,
490 1683 542 1711 ne
575 1670 716 1725 aliqua
753 1684 805 1711 ex
838 1674 960 1725 parte
992 1669 1211 1711 mendacio
1245 1670 1468 1724 indulgere
1502 1669 1617 1711 uide-

101 1741 138 1769 25
169 1732 297 1771 retur.
341 1727 555 1770 Falsitatis
588 1728 698 1770 enim
730 1727 893 1770 alienus
925 1727 1074 1769 haberi
1107 1727 1290 1783 cupiens,
1322 1728 1379 1769 ita
1412 1728 1636 1770 astuciam.

169 1785 409 1841 ueriloquio
441 1785 737 1841 permiscebat,
769 1789 816 1827 ut
836 1800 914 1827 nec
937 1785 1058 1828 dictis
1089 1786 1296 1828 ueracitas
1330 1785 1508 1839 deesset,
1540 1799 1618 1828 nec

170 1844 374 1886 acuminis
406 1846 557 1885 modus
589 1857 789 1885 uerorum
821 1843 974 1885 indicio
1006 1843 1271 1899 proderetur.

311 1901 430 1944 Idem
471 1901 590 1943 littus
632 1902 888 1958 preteriens,
932 1915 1025 1943 cum
1067 1902 1262 1954 comites,
1301 1902 1472 1944 inuento
1513 1901 1618 1956 peri-

171 1960 315 2002 clitate
345 1959 465 2001 nauis
495 1959 802 2015 gubernaculo,
836 1959 1017 2001 cultrum
1048 1974 1072 2001 a
1103 1973 1149 2002 se
1182 1960 1337 2002 eximie
1369 1959 1617 2015 granditatis

103 2028 139 2055 30
170 2022 386 2073 repertum
418 2017 637 2071 dixissent,
671 2032 736 2073 eo,
779 2018 927 2074 inquit,
968 2017 1249 2074 pregrandem
1279 2032 1453 2073 pernam
1485 2017 1617 2059 secari

171 2075 383 2129 conuenit,
406 2075 601 2132 profecto
625 2091 741 2118 mare
765 2076 1022 2132 significans,
1046 2076 1162 2118 cuius
1177 2076 1448 2118 immensitati
1466 2076 1618 2130 guber-

172 2134 312 2176 naculi
344 2134 594 2191 magnitudo
630 2139 894 2190 congrueret.
943 2134 1214 2176 Harenarum
1246 2149 1414 2190 quoque
1445 2133 1618 2189 preteri-

173 2193 224 2234 tis
257 2192 387 2243 cliuis,
419 2192 614 2234 sabulum
646 2192 823 2248 perinde
854 2205 902 2234 ac
924 2191 1037 2234 farra
1068 2193 1256 2248 aspicere
1287 2192 1439 2245 iussus,
1473 2191 1617 2233 eadem

172 2250 455 2293 albicantibus
485 2251 612 2292 maris
644 2250 838 2306 procellis
859 2250 1084 2307 permolita
1106 2265 1200 2294 esse
1222 2249 1456 2305 respondit.
1507 2249 1618 2291 Lau-

104 2319 141 2347 35
173 2309 273 2351 dato
306 2323 331 2350 a
362 2309 587 2351 comitibus
628 2323 842 2364 responso,
888 2308 1000 2350 idem
1039 2324 1063 2350 a
1107 2323 1152 2351 se
1183 2308 1415 2364 prudenter
1455 2306 1614 2349 editum

172 2367 459 2409 asseuerabat.
523 2367 590 2409 Ab
622 2366 786 2420 iisdem,
819 2381 902 2422 quo
936 2367 1133 2409 maiorem
1167 2364 1403 2409 exercende
1434 2364 1615 2406 libidinis

173 2425 392 2467 audaciam
424 2428 633 2479 sumeret,
673 2424 726 2467 de
767 2424 975 2466 industria
1004 2425 1189 2477 relictus,
1232 2423 1459 2465 immissam
1491 2436 1515 2463 a
1544 2436 1618 2476 pa-

172 2487 269 2525 truo
301 2482 516 2535 feminam,
557 2482 734 2539 perinde
764 2496 814 2525 ac
853 2483 1029 2524 fortuitu
1069 2483 1268 2534 oblatam,
1300 2481 1481 2523 obscuro
1522 2480 1616 2521 loco

174 2541 344 2584 obuiam
375 2541 556 2597 recepit,
589 2544 1015 2596 constuprassetque,
1048 2540 1088 2582 ni
1121 2540 1350 2582 collacteus
1372 2538 1459 2580 eius
1490 2538 1618 2580 tacito

105 2613 143 2642 40
175 2599 337 2644 consilii
368 2613 524 2656 genere
556 2598 802 2642 insidiarum
824 2598 1025 2642 indicium
1049 2598 1288 2642 detulisset.
1337 2594 1621 2641 Consideraus
