1884 3126
264 238 346 282 20ss

196 1000 229 1027 10

195 1335 227 1362 15

196 1670 233 1697 ‘2ss

192 2371 229 2398 30

842 239 1133 283 „VI-

540 367 651 415 Quid
683 367 835 424 dapem
868 367 991 412 deses
1022 368 1137 423 colis,
1175 369 1361 425 ocioque,

538 425 709 467 Mollior
739 427 900 479 scortis,
932 427 1197 469 stomachum
1228 427 1436 470 reclinas?

523 483 607 524 -An
639 484 715 526 tibi
744 498 877 539 paruo
909 485 1041 540 patris
1072 485 1310 541 interempti

680 542 799 584 Vlcio
831 543 1025 584 constat?

537 645 734 688 Proxime
764 647 946 702 quando,
974 647 1151 700 Frotho,
1182 651 1224 690 te
1253 648 1418 704 reliqui,

538 703 681 747 Mente
713 719 892 760 presaga
924 706 1061 759 didici,
1093 705 1206 761 quod
1238 707 1363 748 armis

536 761 738 804 Hostium
770 768 881 805 certe
912 765 1124 819 periturus
1159 769 1285 816 esses,

674 820 860 862 Maxime
891 836 1057 877 regum3

539 922 730 979 Cumque
762 940 832 966 rus
862 925 1034 980 longum
1067 929 1244 967 tererem
1278 925 1426 978 uiator,

535 981 730 1024 l'rescius
763 987 946 1024 mentem
978 983 1158 1038 gemitus
1185 983 1367 1036 subibat,

537 1038 631 1093 Qui,
664 1040 777 1094 quod
809 1041 904 1083 hinc
935 1055 1050 1083 esses
1081 1041 1208 1083 miehi
1238 1054 1320 1081 non
1355 1040 1576 1094 uidendus,

673 1097 824 1140 Omine
856 1099 991 1140 finxit.

535 1204 618 1244 Pro
647 1202 790 1245 dolor!
823 1203 936 1258 quod
967 1208 1067 1245 tunc
1099 1203 1270 1245 aberam
1298 1208 1499 1255 remotus,

536 1261 730 1302 Extimos
764 1262 876 1303 orbis
908 1263 1091 1317 populos
1122 1262 1345 1314 lacessens,

538 1318 645 1360 Cum
678 1318 776 1360 dolo
809 1320 921 1374 regis
954 1320 1145 1374 iugulum
1178 1320 1350 1375 petebat

670 1377 866 1419 Perfidus
897 1378 1064 1433 hospes,

536 1482 622 1524 Aut
654 1481 762 1522 enim
795 1481 954 1523 uindex
986 1481 1143 1523 domini
1175 1482 1391 1537 probarer,

537 1541 624 1580 Aut
656 1553 796 1581 eomes
827 1553 952 1594 pene,
982 1541 1204 1595 sociusque
1237 1540 1329 1594 fati,

534 1598 590 1639 Et
622 1598 710 1653 pari
743 1598 934 1652 gaudens
956 1612 1163 1653 ‚sequerer
1193 1597 1364 1639 beatum

674 1655 843 1697 Funere
874 1670 1031 1710 regem.

533 1760 630 1802 Non
662 1761 806 1815 gulam
838 1761 937 1802 ueni
971 1760 1150 1817 dapibus
1182 1761 1323 1814 beare,

536 1818 665 1860 Cuius
698 1820 832 1860 enitar
864 1819 1020 1860 uicium
1051 1819 1197 1870 ferire3

535 1876 625 1917 Nec
658 1877 762 1917 cutis
795 1891 936 1918 eui-am
970 1891 1123 1932 sequar
1154 1881 1226 1918 aut
1260 1877 1374 1918 obesi

673 1935 840 1976 Gaudia
870 1934 1042 1977 uentris.

537 2027 673 2069 Nemo
705 2042 772 2068 me
803 2041 951 2083 regum
982 2029 1098 2083 prius
1130 2028 1399 2083 inclytorum,

532 2085 716 2126 Exteros
748 2087 882 2129 iuxta,
914 2085 1099 2127 medium
1130 2085 1299 2131 locauit,

535 2142 611 2184 Cui
643 2143 723 2184 frui
754 2144 897 2198 primis
929 2144 1046 2185 licuit
1076 2142 1288 2185 cathedris

670 2201 787 2242 Inter
818 2201 988 2243 amicos.

534 2293 679 2335 Suetia
711 2294 822 2347 ueni,
855 2293 1047 2349 spaciosa
1077 2308 1248 2335 mensus

532 2352 663 2404 Rura,
694 2351 930 2393 mercedem
961 2357 1079 2393 ratus
1112 2351 1352 2404 affuturam,

533 2409 576 2450 Si
608 2409 733 2451 modo
767 2410 851 2450 cari
879 2408 1040 2451 fruerer
1070 2414 1238 2464 reperta

670 2467 798 2509 Prole
830 2466 1067 2509 Frothonis.

539 2560 622 2601 Sed
656 2560 833 2615 probum
866 2574 1060 2615 querens,
1091 2560 1174 2601 adii
1206 2560 1419 2614 gulosum,

531 2617 732 2660 Deditum
765 2618 904 2660 uentri
936 2619 1131 2673 uieioque
1161 2631 1316 2672 regem,

1756 1910 1784 1934 p.
1801 1902 1852 1928 30⁶
