1884 3126
54 905 90 932 10

52 1485 92 1512 20

667 264 720 270 ——
781 238 920 281 XIIII
982 262 1033 268 ——
1494 240 1576 281 445

125 366 410 408 chonensibus
441 367 600 422 pariter
631 380 772 409 rerum
816 363 1068 422 diuinalrum
1101 366 1298 418 antistes,
1342 366 1411 421 qui
1444 368 1486 407 et
1517 365 1575 408 eis

126 425 321 467 culcioris
353 425 441 467 uite
473 424 655 467 formam
687 424 969 480 prescriberet
1000 429 1042 466 et
1073 438 1186 467 noue
1217 424 1434 479 religionis
1465 423 1579 465 rudi-

125 487 268 525 menta
301 483 585 525 contraderet.
633 483 716 525 Sed
750 487 848 538 post
870 483 1114 524 abscessum
1137 482 1250 524 Erici
1272 497 1366 524 cum
1389 482 1579 524 antistite

125 542 252 597 pulsa
299 542 462 596 religio.
539 541 756 597 Siquidem
803 540 1128 594 Archonenses,
1175 540 1341 582 abiecta
1386 540 1578 583 obsidum

125 600 327 651 caritate,
374 599 604 654 pristinum
651 602 790 641 statue
837 599 997 640 cultum
1048 602 1311 654 repetentes,
1363 613 1447 655 qua
1496 598 1580 640 fide

125 657 318 699 diuinum
351 662 643 713 susceperunt,
675 656 969 712 prodiderunt.

263 716 369 757 Post
412 715 491 758 hec
532 714 706 768 Ericus,
752 715 956 757 ordinatis
998 715 1041 757 in
1083 714 1224 757 Dania
1264 716 1415 769 rebus,
1457 715 1580 756 amici

124 788 284 828 curam,
308 773 629 830 importunitate
652 774 864 825 omissam,
896 778 1072 828 accepta
1102 787 1243 815 rerum
1269 774 1578 829 tranquillitate

123 833 365 888 resumpsit,
402 832 660 887 iuuandique
697 833 840 887 gracia
879 833 965 873 eius
1008 832 1155 873 urbem
1194 830 1378 886 As[y]lo‚
1421 831 1578 887 Magno

124 890 340 943 deuotam,
362 891 498 946 primo
523 890 709 945 diripuit,
728 905 830 932 mox
847 891 935 945 igni
952 889 1174 932 subuertit.
1207 889 1437 931 Interiecto
1455 903 1579 941 anno,

124 948 318 990 Haraldo
363 948 522 1001 eidem,
567 962 692 1003 opem
724 950 879 991 iterato
912 948 1124 1003 poscenti,
1164 949 1408 990 uniuersam
1440 948 1578 989 Danie

123 1007 300 1048 classem
334 1020 411 1060 pro
446 1006 745 1062 supplemento
779 1007 1023 1048 transmisit.
1073 1006 1241 1048 Collato
1268 1005 1393 1058 bello,
1417 1006 1578 1047 uiribus

123 1064 304 1119 Magnus
346 1064 522 1106 inferior
565 1066 739 1120 capitur.
804 1064 944 1117 Quem,
984 1063 1201 1105 Haraldus
1243 1064 1332 1106 uita
1370 1063 1454 1105 frui
1486 1078 1578 1120 per-

123 1124 322 1175 missum,
368 1123 502 1164 oculis
550 1137 598 1165 ac
644 1123 901 1178 genitalibus
948 1136 1091 1164 carere
1138 1123 1357 1178 precepit,
1406 1136 1460 1164 ne
1506 1127 1580 1162 aut

74 1196 90 1221 5
121 1181 330 1222 luminum
378 1182 603 1236 uoluptate
648 1195 826 1236 regnum
879 1180 1100 1237 appeteret
1147 1185 1220 1222 aut
1266 1180 1446 1222 Veneris
1498 1195 1578 1222 usu

122 1239 319 1281 ultricem
356 1240 419 1281 sui
451 1240 641 1281 sobolem
674 1244 931 1295 procrearet.
980 1238 1160 1280 Cecatus
1191 1239 1320 1294 igitur
1352 1243 1577 1280 castratus-

123 1311 206 1352 que
240 1312 336 1339 cum
368 1299 713 1354 interrogaretur,
747 1312 873 1353 quem
905 1312 959 1338 ex
991 1298 1075 1339 suis
1107 1311 1261 1352 penam
1303 1311 1446 1339 secum
1480 1311 1578 1338 ocu-

121 1355 260 1397 lorum
310 1356 453 1398 subire
505 1357 658 1410 uellet,
715 1369 871 1410 paucos
913 1370 964 1397 ea
1006 1370 1052 1398 re
1098 1356 1302 1397 delectari
1342 1355 1575 1410 respondit.

122 1413 244 1455 Tunc
289 1413 458 1468 quidam
508 1418 548 1455 et
593 1414 731 1455 forma
777 1415 815 1456 ei
861 1414 1099 1455 simillimus
1147 1418 1190 1455 et
1240 1413 1437 1455 miliciam
1487 1413 1576 1454 eius

124 1472 330 1527 singulari
377 1472 461 1513 fide
494 1472 764 1527 complexus,
808 1486 862 1514 ne
903 1485 953 1513 ex
999 1476 1118 1513 tanta
1160 1472 1356 1513 clientela
1396 1471 1576 1523 deesset,

123 1530 193 1585 qui
226 1544 322 1572 cum
354 1530 527 1571 domino
561 1530 743 1585 compati
774 1530 917 1582 uellet,
949 1530 1061 1572 ultro
1095 1543 1143 1571 se
1165 1530 1373 1585 supplicio
1407 1530 1575 1584 obtulit,

120 1587 328 1644 prefatus,
371 1593 418 1629 ut
459 1588 622 1629 uidenti
663 1589 936 1641 simillimum,
968 1589 1026 1629 ita
1057 1588 1286 1630 luminibus
1331 1588 1481 1630 orbato
1513 1587 1577 1628 fu-

122 1651 277 1688 turum.
352 1646 445 1694 Qui.
475 1661 577 1688 cum·
616 1647 775 1688 uirtute
806 1647 1131 1688 ueneracionem
1160 1649 1165 1698 Ι
1194 1647 1419 1693 meruerit,
1461 1645 1574 1701 apud

122 1705 338 1760 improbos
371 1718 529 1759 penam
560 1706 782 1760 persensit.
846 1704 1029 1759 Magnus
1062 1719 1180 1757 uero,
1212 1719 1296 1746 non
1329 1708 1413 1745 tam
1447 1704 1574 1745 animi

1632 386 1658 410 p.
1677 378 1729 404 662

1631 1667 1646 1691 p
1678 1658 1729 1684 663

52 1777 88 1804 25
118 1763 278 1804 uirtute
320 1776 445 1818 quam
478 1763 678 1818 {corporis
718 1762 961 1805 debilitate*
1008 1764 1274 1804 continencie
1321 1763 1567 1817 religionem
1590 1773 1768 1802 CXXXHn

52 2068 90 2095 30

47 2358 91 2385 35

55 2647 92 2675 40

121 1821 359 1876 amplexus,
392 1820 444 1861 de
476 1827 690 1876 sceptrato
725 1821 965 1863 cucullatus
997 1822 1146 1863 euasit.

259 1878 432 1920 Interea
463 1879 626 1928 Ericus‚
662 1880 869 1935 quesitam
901 1880 1027 1920 armis
1068 1893 1215 1935 pacem
1257 1879 1422 1920 iusticie
1455 1893 1576 1920 orna-

121 1937 276 1978 mentis
319 1938 519 1979 excolere
560 1939 761 1992 cupiens,
804 1937 995 1979 conditas
1036 1952 1059 1978 a
1100 1938 1329 1979 maioribus
1373 1938 1487 1992 leges
1527 1951 1575 1978 ac

121 1999 225 2036 tunc
257 2009 367 2050 pene
398 1995 564 2050 ingenti
597 1996 804 2037 bellorum
838 2000 1094 2052 tempestate
1135 1996 1364 2038 subuersas
1407 1995 1458 2036 ad
1491 1996 1575 2051 pri-

121 2053 218 2094 stini
250 2053 410 2107 uigoris
439 2053 628 2094 habitum
672 2055 915 2103 reuocauit,
956 2059 1087 2109 utque
1133 2054 1378 2095 fortitudine
1422 2053 1574 2105 fuerat,

121 2111 180 2152 ita
211 2111 378 2152 iusticia
409 2111 587 2166 insignis
619 2112 828 2167 apparuit.
891 2113 1109 2166 Irrogatas
1143 2113 1370 2154 minoribus
1402 2111 1574 2153 iniurias

122 2169 388 2224 superiorum
432 2170 648 2225 suppliciis
693 2171 924 2226 pensabat,
966 2170 1154 2226 nihilque
1193 2170 1468 2211 familiaritati
1501 2175 1575 2210 aut

122 2226 426 2269 necessitudini
467 2241 667 2282 parcens,
713 2234 786 2269 aut
826 2229 938 2270 ferro
982 2233 1055 2269 aut
1096 2229 1247 2284 laqueo
1290 2228 1575 2269 inconsultam

122 2284 329 2327 maiorum
364 2286 589 2327 auarieiam
622 2287 874 2341 castigabat.
939 2286 1033 2334 Quo
1075 2287 1212 2327 studio
1256 2290 1298 2327 et
1339 2286 1574 2340 principum

123 2343 217 2384 odia
252 2347 292 2385 et
322 2342 457 2397 plebis
487 2343 689 2399 obsequia
712 2345 939 2398 contraxit,
974 2345 1216 2399 euenitque,
1251 2349 1296 2385 ut
1323 2350 1363 2384 ct
1394 2343 1575 2399 potenti-

122 2401 201 2442 bus
232 2400 532 2442 formidolosus
566 2408 607 2443 et
639 2402 918 2457 popularibus
941 2417 1141 2458 percarus
1174 2403 1390 2444 existeret.
1453 2401 1574 2442 Idem

122 2472 262 2500 rerum
306 2473 330 2499 a
376 2472 421 2499 se
467 2464 685 2513 gestarum
725 2460 926 2501 uirtutem
968 2461 1095 2502 tantis
1136 2460 1333 2502 laudibus
1374 2459 1575 2515 prosequi

123 2521 427 2569 consueuerat,
472 2520 519 2558 ut
559 2519 649 2559 ueri
689 2518 900 2559 interdum
942 2519 1068 2560 fidem
1111 2518 1355 2560 excederet.
1430 2515 1574 2559 Semel

124 2589 293 2630 quoque
325 2575 436 2616 Erici
469 2575 582 2618 salus
615 2576 806 2618 satellitis
839 2577 927 2618 eius
960 2577 1124 2618 somnio·
1162 2579 1332 2618 seruata
1362 2575 1571 2631 proditur.

122 2631 233 2674 Nam
265 2646 360 2675 cum
392 2646 444 2674 ex
475 2632 583 2676 freto
617 2633 872 2676 Slesuicensi
894 2634 1148 2677 Sialandiam
1172 2637 1316 2690 petere
1339 2634 1571 2685 statuisset,
