1884 3126
313 210 394 252 606
845 227 896 232 -—
957 199 1097 243 XIIII
1156 223 1212 229 —-

318 337 557 375 concretum
601 332 834 384 putaretur.
907 328 1022 376 Quas
1064 327 1195 369 nostri
1243 327 1403 382 ingenti
1444 325 1582 368 studio
1621 327 1751 369 lectas

315 390 522 447 pharetris
561 387 849 429 reddiderunt.
919 385 1024 427 Post
1069 386 1146 427 hec
1192 386 1515 439 nauigacionem
1557 385 1749 438 remensi,

317 453 439 502 capto
470 445 678 500 Lyubino,
710 442 905 498 Rulgiam
931 442 1220 496 ‘reuehuntur3
1252 447 1294 484 et
1326 443 1526 498 quoniam
1556 442 1752 497 Rugiane
1807 454 1883 486 1³·86

314 503 560 559 piscacionis
603 506 771 557 tempus
811 505 1142 556 superuenerat‚
1184 500 1226 541 in
1259 514 1482 542 commune
1515 501 1750 541 consultum

264 582 281 606 5
313 567 390 613 est,
422 574 470 601 eo
505 559 586 601 loci
626 559 755 601 tercia
801 559 935 600 tocius
968 558 1112 600 classis
1152 562 1275 613 parte
1318 558 1519 599 excubias
1552 558 1749 611 ordinari,

312 632 364 659 ne
386 617 562 673 publicis
585 616 794 658 alimentis
817 616 1009 671 petendis
1032 616 1194 657 hostilis
1215 615 1367 657 uicinie
1390 621 1526 657 metus
1551 615 1748 657 officeret.

312 675 425 716 Huic
455 674 597 716 manui
630 674 827 716 Kanutus
859 673 1061 715 Priszlaui
1095 673 1205 714 filius
1227 688 1252 714 a
1275 687 1374 727 rege
1395 687 1565 729 preesse
1597 675 1748 727 iussus,

312 733 555 774 deformiter
594 732 771 787 imperio
804 731 1085 786 repugnauit,
1129 730 1346 786 prefatuS,
1387 747 1434 773 se
1475 731 1579 773 nihil
1609 737 1751 787 preter

311 794 513 845 angustos
546 790 749 831 Lalandie
791 790 896 832 fines
935 789 976 829 in
1009 789 1149 830 Dania
1180 789 1422 844 possidere,
1456 803 1612 845 eosque
1645 790 1749 831 tanti

240 867 277 894 10
307 862 390 890 non
428 862 532 898 esse,
564 852 610 888 ut
642 861 716 902 pro
758 848 807 888 iis
839 846 1007 888 tuendis
1041 861 1084 888 se
1116 847 1251 902 ipsum
1284 847 1520 889 indubitato
1562 847 1749 903 periculo

313 905 496 947 obiicere
528 905 681 960 cupiat.
745 904 941 946 Ceterum
973 904 1015 945 id
1047 904 1214 959 negocii
1246 905 1396 946 iustius
1428 905 1481 946 ad
1514 906 1749 960 pontifices,

310 976 414 1018 quos
447 963 557 1004 solos
588 977 664 1004 rex
697 963 876 1004 arbitros
920 962 1098 1016 habeat,
1130 962 1362 1018 pertinere,
1395 963 1507 1018 quod
1540 967 1658 1005 tanto
1689 963 1749 1003 in-

310 1021 476 1076 dignius
510 1020 564 1062 ad
595 1035 640 1062 se
673 1020 832 1074 referri,
866 1026 1023 1075 quanto
1068 1021 1348 1062 remociorem
1380 1035 1404 1061 a
1437 1021 1547 1075 regis
1577 1019 1750 1062 familia-

309 1079 434 1120 ritate
465 1078 642 1134 gradum
677 1079 878 1120 obtineat.
939 1078 1043 1119 Tam
1075 1078 1309 1133 impudenti
1349 1079 1514 1120 iuuenis
1546 1092 1749 1134 responso

240 1156 277 1183 15
307 1137 491 1192 percitus
514 1135 826 1187 Waldemarus,
859 1136 1014 1191 exigua
1043 1136 1162 1177 illum
1185 1136 1403 1190 beneficia,
1437 1137 1550 1192 quod
1584 1137 1753 1191 exiguis

309 1194 461 1248 dignus
504 1194 581 1248 sit,
623 1195 834 1249 accepisse
876 1194 1119 1249 respondit,
1161 1194 1213 1236 de
1245 1199 1409 1244 cetero,
1451 1209 1495 1236 se
1529 1194 1749 1247 efficiente,

309 1251 577 1307 spoliandum
609 1251 742 1306 magis
789 1252 1020 1293 honoribus
1067 1265 1192 1308 quam
1240 1252 1464 1294 beandum.
1541 1251 1625 1294 Sed
1671 1266 1749 1294 nec

310 1323 405 1351 eum
427 1310 671 1365 pontificum
695 1310 1026 1351 familiaritatem
1049 1310 1157 1351 inter
1178 1309 1335 1365 probra
1356 1310 1510 1352 ducere
1534 1315 1748 1366 oportere,

310 1381 332 1408 e
354 1381 532 1423 quorum
562 1381 738 1410 numero
771 1367 955 1423 reperire
985 1367 1107 1409 facile
1139 1367 1204 1420 sit,
1237 1367 1307 1422 qui
1329 1382 1502 1423 presens
1524 1368 1747 1423 negocium

238 1443 277 1471 20
308 1440 383 1467 suo
415 1425 545 1466 ductu
589 1426 708 1466 finire
739 1439 821 1466 non
865 1426 1038 1467 abnuat.
1100 1425 1167 1466 Ita
1198 1425 1372 1467 Kanuto
1414 1426 1636 1481 imperium
1678 1425 1749 1467 de-

311 1488 532 1537 trectante,
565 1483 827 1525 Absalonem
860 1483 1048 1536 accersit,
1081 1483 1204 1539 eique
1235 1483 1397 1525 Kanuti
1428 1485 1746 1539 responsionem

312 1543 506 1596 exponit3
538 1540 702 1591 deinde,
736 1555 788 1581 an
819 1554 967 1593 naues,
998 1540 1151 1596 quibus
1175 1541 1315 1596 ipsum
1336 1556 1508 1596 preesse
1541 1546 1747 1597 oporteat,

309 1599 592 1651 instruxisset,
623 1599 840 1654 perquirit.
890 1598 1050 1640 Contra
1080 1599 1285 1651 Absalon,
1316 1600 1592 1654 interrogato,
1624 1614 1677 1641 an
1700 1613 1749 1640 ea

310 1670 377 1698 res
409 1656 652 1712 pontificum
687 1671 816 1712 opera
847 1656 1012 1698 absolui
1045 1661 1200 1711 posset,
1233 1671 1354 1699 suam
1384 1657 1578 1711 cupidius
1612 1657 1748 1708 offert,

240 1733 278 1761 25
308 1714 591 1770 predicando,
634 1720 963 1756 consentaneum
1014 1714 1247 1756 desercioni
1291 1729 1398 1771 opus
1442 1715 1556 1770 fore,
1602 1729 1746 1768 regem
1875 1727 1878 1747 ¹

311 1772 509 1827 periculis
541 1772 753 1825 relictum,
795 1773 976 1814 reditum
1021 1772 1285 1828 affectando,
1323 1773 1548 1815 dimittere.
1612 1773 1747 1821 Quem

311 1828 612 1872 Waldemarus
655 1831 707 1872 ob
757 1831 950 1885 responsi
995 1831 1195 1872 uirtutem
1241 1831 1560 1886 impensioribus
1605 1831 1747 1872 uerbis

310 1886 544 1942 laudatum,
566 1888 725 1929 Kanuti
758 1888 946 1929 moribus
977 1888 1221 1931 dissimilem
1242 1888 1501 1944 predicabat,
1533 1888 1647 1944 quod
1678 1889 1748 1930 ille

310 1944 488 2000 imperio
531 1960 677 2001 parere
717 1960 802 1987 non
842 1946 1022 1999 audeat,
1062 1945 1128 1988 hic
1169 1947 1328 1988 iussum
1361 1947 1554 1989 ultronea
1597 1947 1749 1989 suimet

242 2021 279 2048 30
309 2002 527 2045 oblacione
567 2009 796 2058 precurrat.
856 2004 1092 2058 Regressus
1123 2018 1147 2045 a
1186 2019 1287 2060 rege
1319 2004 1507 2046 Absalon
1550 2005 1692 2047 amicis
1725 2019 1747 2046 e

311 2059 525 2102 Sialandia
558 2062 800 2115 denunciat,
832 2076 885 2103 ne
916 2077 965 2104 eo
986 2062 1193 2117 torpidius
1224 2066 1658 2105 remansuras'naues
1688 2063 1748 2105 in-

311 2122 500 2172 struant,
545 2119 656 2175 quod
697 2119 750 2161 ab
789 2121 882 2174 ipso
914 2119 1077 2161 ductari
1117 2120 1288 2176 regique
1328 2121 1522 2163 debeant.
1581 2121 1748 2162 Primus

310 2175 584 2219 Thorbernus
605 2178 895 2219 incunctanter
917 2190 960 2219 se
984 2178 1177 2220 comitem
1199 2180 1287 2220 eius
1305 2178 1494 2221 futurum
1517 2179 1746 2234 respondit,

312 2234 429 2276 cuius
460 2249 662 2276 succursu
695 2236 908 2291 quondam
943 2236 1123 2291 patriam
1156 2237 1273 2277 exuli
1303 2237 1381 2278 sibi
1413 2237 1620 2278 redditam
1654 2251 1745 2278 esse

243 2307 280 2335 35
310 2292 559 2334 meminerit.
600 2292 752 2334 Petrus
774 2306 943 2348 quoque
966 2293 1194 2334 Thorstani
1215 2294 1324 2336 filius
1356 2309 1442 2336 non
1474 2295 1561 2337 sine
1593 2309 1746 2350 magno

311 2350 463 2392 rubore
489 2352 495 2403 1
525 2364 620 2393 eum
653 2364 678 2391 a
709 2366 754 2393 se
787 2350 925 2392 deseri
955 2365 1089 2405 posse,
1121 2365 1244 2406 quem
1278 2357 1320 2393 et
1350 2352 1673 2394 necessitudinis
1707 2356 1748 2393 et

311 2408 563 2449 matrimonii
594 2407 798 2450 affinitate
830 2409 1104 2463 contingeret,
1136 2409 1394 2464 predicabat.
1457 2410 1587 2452 Cuius
1619 2410 1746 2451 comi-

313 2465 427 2506 tandi
462 2465 580 2508 Suno
613 2480 695 2508 non
728 2467 865 2507 minus
896 2466 975 2508 sibi
996 2480 1122 2521 quam
1152 2466 1252 2522 ipsis
1285 2467 1473 2509 debitum
1506 2467 1747 2509 incumbere

313 2523 524 2577 professus
548 2528 626 2576 est,
651 2531 736 2580 quo
787 2524 826 2565 ei
845 2523 991 2565 intima
1010 2525 1174 2566 iunctus
1195 2525 1512 2581 propinquitate
1532 2531 1745 2567 noscatur.

245 2591 282 2621 40
311 2579 542 2636 Esbernus,
576 2595 699 2639 quem
730 2597 749 2623 s
779 2581 866 2627 lum
897 2581 1068 2637 fratrem
1101 2581 1305 2636 habebat,
1337 2583 1538 2624 comitatu
1571 2597 1647 2625 suo
1681 2597 1746 2626 or-
