1884 3126
90 881 122 908 10

86 1171 120 1198 15

82 1461 118 1488 ‘20

80 1751 118 1778 25

80 2040 118 2068 30

79 2331 115 2359 35

78 2624 117 2653 40

701 246 755 251 —
817 222 929 264 VIlI
989 245 1041 252 —-
1511 220 1594 263 283

290 347 409 390 Tunc
442 349 610 405 quidam
643 348 942 403 petulancioris
974 350 1086 404 gule,
1117 351 1388 406 proscriptam
1426 349 1595 393 bibendi

154 407 502 449 consuetudinem
535 406 710 458 deflens,
743 407 873 448 altum
906 408 1144 450 calliditatis
1173 423 1305 463 genus
1335 408 1595 464 complexus,

153 478 308 506 nouam
331 465 542 521 uoluptati
563 465 782 506 licenciam
806 466 1006 521 repperit,
1029 480 1078 507 ac
1100 467 1308 521 publicam
1332 467 1593 508 continencie

155 523 290 577 legem
330 523 496 579 priuata
539 523 871 578 intemperancia
918 524 1065 577 soluit,
1114 524 1355 566 deliciarum
1404 539 1525 565 usum
1569 539 1593 565 a

154 581 317 622 ridiculi
364 581 503 636 operis
551 581 742 622 acumine
788 586 1018 624 mut-uatus.
1089 582 1220 624 Vetiti
1269 584 1379 624 enim
1422 583 1594 637 liquoris

152 644 278 694 gustu
321 639 512 680 minutim
553 638 792 693 liguriendo
838 654 939 681 usus
971 640 1226 682 desiderium
1263 641 1476 682 ebrietatis
1524 655 1593 681 ex-

153 698 298 752 pleuit.
362 697 498 745 Quam
534 697 587 739 ob
619 711 708 738 rem
740 703 973 739 conuentus
1006 713 1030 739 a
1060 713 1173 752 rege,
1205 699 1516 753 integerrimum
1550 713 1594 739 se

153 756 409 808 frugalitatis
433 756 749 797 obseruatorem
773 757 965 805 asseruit,
989 761 1133 812 utpote
1155 756 1396 798 auiditatem
1420 757 1594 798 haustus

154 813 372 856 moderate
405 814 662 869 sumpcionis
706 814 875 868 ingenio
907 815 1199 869 castigantem,
1231 814 1486 869 affixamque
1518 815 1593 855 sibi

153 872 318 927 culpam
369 872 617 914 sorbicionis
675 872 800 913 titulo
858 873 966 914 tueri
1018 874 1316 927 perseuerauit.
1387 872 1593 927 Denique,

151 929 318 971 adiecto
353 931 559 971 minarum
592 934 765 979 terrore,
801 944 886 971 non
918 930 1046 972 modo
1079 931 1234 984 bibere,
1274 945 1419 972 uerum
1462 932 1593 972 eciam

151 988 346 1043 pitissare
395 988 653 1043 prohibitus,
712 989 1009 1030 consuetudini
1061 994 1198 1030 tamen
1252 989 1458 1043 imperare
1510 1003 1591 1030 non

152 1047 303 1101 potuit.
350 1046 409 1087 Vt
432 1047 542 1087 enim
574 1052 773 1101 tanquam
797 1047 908 1088 licite
939 1047 1092 1088 illicitis
1113 1048 1322 1088 frueretur
1356 1061 1430 1089 nec
1451 1047 1592 1100 gulam

153 1104 310 1145 alieno·
344 1105 578 1147 subiectam
632 1104 809 1151 liaberet
859 1105 1059 1160 imperio,
1111 1104 1356 1147 madefactis
1415 1105 1593 1160 pocione

153 1162 371 1216 crustulis,
416 1176 572 1219 capace
617 1163 793 1217 liquoris
839 1162 967 1204 offula
1008 1164 1280 1212 uescebatur,
1324 1163 1592 1218 cupitamque

153 1221 369 1275 crapulam
425 1222 541 1262 lento
601 1226 726 1275 gustu
782 1221 1007 1276 prouexit,
1060 1221 1345 1264 interdictum
1382 1221 1592 1262 sacietatis

152 1278 325 1320 modum
357 1279 462 1321 haut
493 1293 615 1321 secus
647 1293 695 1320 ac
727 1279 885 1320 licitum
919 1285 1183 1321 consecutus.
1258 1279 1378 1320 Adeo
1411 1280 1594 1334 pertinav-

151 1337 317 1378 cissima
338 1338 438 1392 gule
460 1337 612 1385 rabies,
645 1337 823 1379 salutem
858 1351 932 1392 pro
955 1338 1060 1378 luxu
1085 1337 1100 1389 Η
1123 1338 1354 1387 deuouens,
1377 1350 1455 1378 nec
1476 1338 1591 1390 regia

152 1394 324 1449 quidem
355 1396 686 1437 comminacione
720 1395 933 1448 deterrita,
967 1394 1019 1437 ad
1052 1410 1174 1437 omne
1205 1395 1437 1451 periculum
1479 1409 1592 1449 sper-

148 1452 334 1494 nendum
366 1454 636 1495 temerarium
670 1454 928 1495 solidauerat
960 1455 1207 1509 appetitum.
1260 1452 1455 1495 Secundo
1490 1468 1591 1507 quo-

150 1525 232 1566 que
270 1511 445 1565 perinde
489 1526 539 1553 ac
581 1511 738 1553 uiolate
783 1513 1101 1554 constitucionis
1142 1526 1237 1554 reus
1277 1511 1526 1553 conuenitur
1568 1524 1592 1550 a

149 1581 263 1623 rege.
340 1569 434 1611 Sed·
470 1584 523 1611 ne
561 1574 680 1611 'tunc
730 1570 898 1625 quidem
946 1569 1046 1611 facti
1093 1570 1378 1612 defensionem
1426 1567 1590 1618 abiecit,

149 1641 412 1682 nequaquam
446 1642 470 1669 a
503 1642 548 1668 se
578 1628 792 1682 regalibus
815 1628 1017 1670 institutis
1048 1629 1212 1670 obuiam
1246 1628 1349 1668 itum
1382 1639 1472 1667 esse
1494 1640 1589 1667 con-

150 1684 341 1738 tendens,
374 1691 447 1727 aut
480 1686 693 1727 decretam
715 1686 851 1728 edicto
886 1687 1192 1727 continenciam
1215 1685 1300 1727 suis
1323 1684 1588 1739 profanatam

147 1743 372 1793 illecebris,
395 1744 614 1798 presertim
639 1758 732 1786 cum
764 1744 850 1785 lata
870 1744 1126 1799 frugalitatis
1158 1744 1228 1785 lex
1250 1744 1307 1783 ita
1340 1743 1590 1797 parsimonie

148 1800 325 1842 formam
359 1801 591 1853 tradiderit,
623 1808 671 1843 ut
702 1802 875 1858 potandi
909 1803 1042 1857 magis
1076 1816 1201 1857 quam
1233 1800 1386 1842 edendi
1417 1800 1589 1856 liquoris

148 1858 329 1901 facultas
361 1860 538 1901 inhibita
571 1860 804 1903 uideretur.
866 1860 972 1901 Tum
1004 1874 1079 1900 rex
1113 1860 1325 1901 obtestans
1358 1858 1470 1908 deos,
1515 1872 1590 1912 per

150 1931 414 1959 communem
445 1919 587 1959 iurare
620 1919 820 1971 salutem,
866 1918 948 1960 tale
981 1917 1078 1972 quid
1123 1917 1319 1971 deinceps
1362 1916 1588 1958 audentem

149 1975 382 2029 capitaliter
425 1989 518 2017 esse
559 1977 800 2031 plexurum.
869 1976 948 2017 Ille
979 1979 1158 2017 mortem
1192 1975 1498 2029 temperan*cia
1528 1974 1584 2013 le-

148 2033 307 2074 uiorem
340 2034 560 2090 uitamque
592 2048 716 2089 quam
749 2035 898 2075 luxum
922 2034 1135 2089 deponere
1166 2031 1427 2074 tolerabilius
1460 2035 1586 2083 ratus,

147 2105 313 2132 rursum
344 2092 464 2147 aquis
499 2093 700 2147 excoquit
722 2091 902 2146 frugem,
936 2092 1187 2146 detostoque
1220 2092 1394 2146 liquore,
1426 2104 1518 2130 cum
1543 2104 1587 2131 se

149 2149 305 2190 nullam
335 2150 513 2191 ulterius
547 2150 791 2192 excusande
821 2149 1060 2205 cupiditatis
1094 2149 1378 2190 defensionem
1402 2148 1586 2189 obiectu-

149 2221 238 2248 rum
274 2212 476 2262 speraret,
508 2209 649 2262 palam
680 2209 850 2264 pocioni
885 2207 1141 2262 indulgendo
1173 2206 1224 2247 ad
1258 2207 1432 2247 calicum
1464 2219 1586 2246 usum

148 2265 282 2306 libera
312 2265 454 2307 fronte
478 2267 702 2319 conuertit,
734 2271 915 2321 astuque
946 2266 987 2306 in
1010 2265 1230 2306 audaciam
1262 2277 1398 2313 uei-sc,
1430 2263 1584 2317 regiam

147 2322 562 2377 animaduersionem
593 2324 774 2379 opperiri
805 2336 931 2379 quam
963 2322 1075 2377 frugi
1106 2323 1197 2364 fieri
1233 2321 1391 2363 maluit.
1454 2321 1585 2361 [nter-

147 2386 325 2434 rogante
365 2395 467 2435 ergo
511 2396 635 2437 rege,
683 2396 754 2423 cur
796 2381 927 2423 tocies
967 2381 1027 2422 rei
1066 2384 1069 2431 Ι
1108 2379 1326 2422 interdicte
1369 2378 1584 2419 licenciam

147 2443 408 2493 usurpasset,
440 2439 713 2482 Desiderium
744 2440 837 2492 hoc,
869 2439 1016 2494 inquit,
1049 2452 1138 2489 rex,
1174 2451 1256 2478 non
1291 2441 1371 2498 tam
1404 2435 1584 2476 auiditas

148 2510 267 2549 mea,
312 2510 436 2551 quam
478 2496 622 2538 habita
653 2497 693 2538 in
734 2502 776 2538 te
808 2496 1099 2538 beniuolencia
1141 2494 1327 2550 peperit3
1367 2493 1583 2535 funeribus

148 2554 260 2594 enim
306 2555 432 2609 regiis
483 2554 658 2597 inferias
705 2555 902 2596 conuiuio
949 2552 1249 2608 persoluendas
1299 2550 1583 2593 memineram.

147 2611 303 2668 Itaque
334 2625 387 2654 ne
419 2613 614 2668 epulum,
657 2627 739 2671 quo
772 2617 843 2657 tue
874 2616 1133 2670 peragantur
1170 2609 1367 2665 exequie,
1411 2609 1465 2650 ob
1499 2607 1587 2651 fru-

1647 1337 1740 1371 (159)

1608 1969 1776 1999 Lxxxvn

1640 2383 1666 2408 p.
1686 2375 1738 2400 418
