1884 3126
350 249 430 291 108
912 270 962 276 —
1026 246 1121 290 IIII
1181 272 1232 279 —

346 391 498 420 uerum
531 388 657 417 omne
687 375 856 417 uirtutis
888 374 1055 418 Suetice
1099 377 1228 419 robur
1258 377 1503 432 aduectans,
1534 379 1708 435 perinde
1741 394 1789 423 ac

347 436 482 477 tocius
507 433 642 475 Danie
675 433 896 488 imperium
927 438 1134 489 r.apturus
1179 435 1304 501 Quod
1330 435 1513 477 Frowini
1543 437 1652 478 filius
1676 437 1787 480 Keto

347 509 421 549 pei
452 491 710 548 primipilum
741 506 876 543 suum,
907 491 1137 534 Folconem
1167 494 1345 544 nomine,
1378 493 1654 548 Wer,mundo
1691 500 1790 538 tunc

347 553 457 593 forte
490 550 637 591 uillam
669 548 893 604 Ialungam
933 551 1116 602 tenenti,
1156 550 1439 593 nunciandum
1470 554 1647 595 curauit.
1708 553 1789 601 Qui

347 623 491 664 regem
524 621 619 649 cum
651 607 795 649 amieis
827 608 1072 663 epulantem
1102 610 1329 664 reperiens,
1361 609 1607 652 mandatum
1638 611 1789 653 adhor-

347 667 514 709 tacione
544 669 820 721 prosecutus,
862 664 1010 707 adesse
1051 667 1148 708 belli
1181 667 1424 709 facultatem
1455 667 1615 710 diutule
1648 674 1790 723 postu-

347 726 479 766 latam
527 729 568 765 et
599 723 710 764 ultro
743 736 787 764 se
817 722 1071 765 We11nundi
1100 725 1211 766 uotis
1242 725 1435 780 ingerere
1469 725 1585 779 dixit,
1624 741 1717 768 cum
1749 731 1791 770 et

346 786 544 839 prompta
573 781 768 823 uincendi
799 786 1010 836 pr·estetu1
1042 783 1229 836 occasio,
1272 788 1315 824 et
1355 788 1546 825 maturus
1588 785 1790 840 triumphi

347 842 492 882 titulus
532 839 721 895 opcionis
756 840 843 880 eius
874 839 1047 881 arbitrio
1079 840 1299 883 tribuatur.
1342 841 1544 896 Magnam
1574 842 1720 897 itaque
1751 847 1792 884 et

278 915 314 941 10
344 900 563 962 inopinam
593 897 808 939 felicitatis
841 897 1106 939 dulcedinem
1144 912 1256 948 esse,
1298 913 1424 954 quam
1456 900 1494 941 ei
1525 900 1662 954 longis
1693 900 1792 942 affe-

278 1204 314 1231 15

278 1783 314 1809 25

279 2072 315 2098 30

281 2362 317 2388 35

281 2649 318 2677 40

347 958 501 999 ctatam
533 956 723 1010 suspiriis
769 956 976 1010 presentis
1007 960 1187 997 euentus
1218 957 1404 1012 auspicia
1432 957 1676 1024 largiantur.
1707 957 1792 1001 Ve-

347 1016 458 1057 nisse
490 1013 699 1068 siquidem
722 1012 935 1055 Athislum
967 1013 1198 1055 innumeris
1222 1013 1437 1056 Sueonum
1469 1015 1601 1070 copiis
1632 1017 1791 1058 succin-

347 1078 482 1124 ctum,
522 1070 697 1127 perinde
738 1085 786 1112 ac
816 1071 992 1112 uictorie
1033 1071 1328 1114 certitudinem
1354 1073 1359 1125 1
1387 1072 1624 1115 indubitata
1663 1074 1791 1115 animi

347 1130 670 1187 presumpcione
721 1129 1242 1185 complexun130umque
1298 1131 1572 1185 preliaturum
1623 1130 1790 1174 hostem

345 1190 479 1230 fatum
510 1188 610 1241 fuge
641 1187 857 1228 anteferre
877 1186 1049 1228 dubium
1081 1201 1165 1228 non
1196 1188 1263 1242 sit,
1278 1188 1459 1230 felicem
1489 1190 1667 1232 recentis
1699 1189 1789 1231 uul-

346 1248 457 1289 neris
487 1245 698 1287 ulcionem
729 1245 873 1286 oblata
905 1245 1002 1286 belli
1034 1245 1234 1287 facultate
1266 1247 1462 1301 prestari

485 1304 622 1352 Quem
638 1302 929 1344 Wermundus
950 1303 1139 1358 preclare
1158 1317 1205 1345 ac
1222 1302 1388 1345 fortiter
1406 1305 1631 1359 legacionis
1648 1307 1789 1360 partes

349 1366 575 1404 executum
597 1364 785 1413 testatus,
812 1361 1028 1416 paulisper
1052 1362 1185 1417 epulis
1206 1362 1319 1403 refici
1340 1362 1470 1416 iubet,
1503 1362 1613 1418 quod
1637 1363 1790 1404 itinera

347 1418 551 1473 ieiuni[i]s
593 1418 764 1461 officere
795 1419 970 1461 soleant.
1034 1419 1115 1467 Qui
1149 1434 1243 1461 cum
1274 1434 1540 1475 nequaquam
1569 1421 1648 1462 sibi
1678 1421 1787 1476 capi-

278 1494 293 1520 2
348 1478 445 1521 endi
476 1478 557 1519 cibi
604 1477 741 1519 ocium
782 1480 1006 1532 suppetere
1047 1477 1243 1528 dixisset,
1286 1478 1466 1534 pocione
1508 1478 1620 1526 sitim
1658 1478 1789 1519 lenire

347 1537 599 1592 deposcitur.
661 1534 755 1583 Quo
797 1534 984 1589 prebito‚
1031 1536 1230 1590 poculum
1261 1549 1429 1591 quoque
1462 1534 1582 1589 (nam
1614 1550 1789 1577 aureum

348 1594 456 1646 erat)
491 1593 719 1635 adseruare
749 1593 930 1644 iubetur,
962 1592 1198 1644 affirmante
1222 1593 1502 1647 Wermundo,
1525 1594 1790 1635 commeandi

347 1653 487 1694 calore
529 1651 707 1693 defessis
748 1650 1009 1692 commodius
1050 1655 1211 1693 cratere
1242 1665 1368 1706 quam
1398 1652 1541 1707 palma
1571 1652 1787 1707 lympham

348 1709 525 1765 *excipi,
557 1709 793 1764 meliusque
825 1708 998 1751 bibendi
1028 1723 1150 1750 usum
1181 1709 1314 1765 ciphi,
1356 1723 1481 1764 quam
1512 1723 1658 1751 manus
1691 1709 1787 1751 sub-

347 1768 451 1810 sidio
484 1767 701 1809 celebrari.
756 1766 849 1814 Quo
882 1769 969 1807 tam
1001 1766 1209 1808 beniuolis
1241 1767 1381 1809 uerbis
1413 1768 1597 1809 muneris
1629 1768 1791 1823 magni-

349 1825 539 1867 tudinem
570 1827 863 1891 prosequente,
895 1824 1130 1867 delectatus
1161 1830 1342 1891 utroque
1372 1826 1561 1879 iuuenis,
1602 1839 1646 1866 se
1675 1826 1790 1881 prius

348 1883 400 1925 ad
423 1890 623 1939 percepte
645 1883 835 1939 pocionis
859 1896 1102 1924 mensuram
1132 1883 1291 1938 proprii
1321 1883 1479 1924 cruoris
1512 1883 1664 1924 haustu
1693 1897 1790 1924 usu-

348 1957 454 1993 ium,
486 1955 613 1995 quam
643 1941 756 1995 regis
789 1941 1086 1995 conspectibus
1117 1945 1238 1995 terga
1268 1939 1539 1983 admoturum
1570 1941 1791 1996 promittit.

348 2000 455 2041 Tam
473 1998 629 2042 fortem
647 1999 734 2040 eius
751 1999 1077 2054 promissionem
1090 1998 1379 2040 Wermundus
1397 1998 1601 2040 mercedis
1618 1999 1789 2041 nomine

346 2061 588 2110 ueneratus,
610 2057 826 2112 aliquanto
850 2056 944 2112 plus
966 2057 1198 2111 uoluptatis
1224 2071 1275 2098 ex
1298 2055 1396 2098 dato
1422 2056 1639 2103 beneficio
1663 2070 1790 2112 quam

348 2115 466 2157 miles
499 2129 554 2157 ex
592 2118 765 2170 accepto
807 2115 1009 2170 percepit.
1068 2113 1159 2156 Nec
1198 2114 1428 2156 animosius
1466 2105 1652 2156 locutum
1693 2127 1790 2155 eum

349 2187 474 2229 quam
505 2173 730 2228 preliatum
762 2177 962 2228 expertus
995 2175 1070 2213 est.

487 2231 724 2273 Commisso
757 2244 940 2285 namque
973 2229 1082 2271 bello
1115 2230 1303 2284 contigit,
1334 2233 1381 2271 ut
1410 2231 1519 2272 inter
1540 2230 1682 2272 uarios
1703 2233 1789 2270 tur-

350 2303 514 2330 marum
544 2302 769 2345 procursus
812 2288 1155 2330 concurrentibus
1186 2288 1370 2330 Folcone
1404 2292 1445 2329 et
1475 2287 1662 2338 Athislo‚
1702 2301 1789 2328 ma-

350 2360 535 2413 numque
581 2346 744 2388 diutule
788 2346 1127 2400 conserentibus,
1167 2345 1383 2387 Sueonum
1425 2346 1634 2388 exercitus
1675 2344 1791 2387 ducis

351 2406 415 2446 sui
446 2408 648 2446 euentum
679 2407 847 2446 secutus
893 2404 1037 2458 fugam
1068 2404 1370 2459 ingrederetur,
1398 2402 1591 2445 Athislus
1623 2417 1791 2458 quoque

350 2463 517 2504 saucius
547 2461 602 2503 ad
632 2475 764 2504 naues
797 2476 853 2504 ex
883 2461 972 2502 acie
1004 2463 1263 2504 conuolaret.
1316 2461 1505 2516 Cumque
1535 2460 1664 2502 Folco
1694 2460 1788 2501 uul-

350 2520 523 2561 neribus
554 2533 604 2561 ae
634 2520 781 2561 labore
812 2518 1051 2572 hebetatus,
1083 2519 1157 2562 sed
1190 2524 1232 2561 et
1265 2522 1356 2560 estu
1388 2524 1429 2560 et
1459 2518 1605 2560 labore
1635 2517 1790 2573 pariter

351 2578 504 2633 sitique
536 2577 744 2643 perfusus,
776 2576 923 2632 fugam
953 2576 1115 2632 insequi
1146 2575 1386 2631 destiltisset
1415 2576 1623 2630 hostilem,
1654 2573 1807 2617 recre->

349 2635 445 2678 andi
488 2636 674 2693 corporis
718 2634 859 2691 gracia
895 2628 1116 2691 lproprium
1163 2634 1323 2677 casside
1370 2647 1560 2676 cruorem
1622 2633 1790 2690 excepit

1813 1718 1884 1747 XX]
