1884 3126
677 267 730 272 —
792 241 908 284 XIII
970 267 1021 272 —
1501 242 1578 284 431

127 371 335 413 mittebat.
399 371 511 420 Quin
543 371 699 425 eciam,
742 370 932 413 detracto
963 371 1114 427 pilleo,
1146 367 1412 414 consternato
1444 370 1585 412 multi-

126 430 262 471 tudini
294 430 443 484 capitis
474 430 538 472 sui
569 430 835 472 maiestatem
868 430 1034 471 obiecit.
1096 430 1282 471 Tantum
1322 435 1464 471 autem
1496 429 1585 470 eius

127 488 241 543 apud
272 486 444 529 Ericum
475 489 665 544 precacio
694 488 852 541 ualuit,
885 493 932 528 ut
962 488 1054 542 regi
1085 503 1167 530 non
1201 488 1323 529 modo
1355 488 1479 539 salus,
1512 487 1586 529 sed

127 547 261 587 eciam
305 546 348 587 in
389 547 584 601 proximo
627 546 811 601 petende
858 546 1067 588 concionis
1112 546 1288 588 licencia
1335 546 1584 588 deferretur.

79 618 95 644 5
127 603 379 659 Quanquam
427 605 540 645 enim
585 605 766 659 populus
813 604 1108 646 ardentissimo
1151 604 1289 646 studio
1335 605 1378 645 in
1425 603 1587 645 Kanuti

127 662 336 703 ulcionem
369 662 572 716 ferretur,
606 663 903 704 auctoritatem
936 666 1077 703 tamen
1111 663 1332 716 antistitis,
1365 676 1445 718 que
1478 663 1587 704 inter

126 719 272 762 Danos
304 722 564 776 amplissima
595 726 708 769 erat,
751 724 849 762 ante
892 721 1033 762 oculos
1064 734 1323 775 proponens,
1362 721 1456 776 plus
1498 722 1587 763 eius

127 778 322 833 precibus
346 793 473 834 quam
505 779 589 820 suis
621 779 844 820 sentenciis
875 779 1182 833 indulgendum
1215 779 1393 833 putauit.
1435 779 1586 834 Itaque

126 851 217 888 rex,
250 838 449 879 concione
481 838 570 879 sine
600 837 686 878 filio
719 838 875 892 petita,
914 851 1001 878 non
1032 837 1155 878 aliter
1188 837 1475 878 defensionem
1507 837 1586 879 sibi

63 910 94 935 10
127 895 348 936 conciliare
390 896 617 950 permissus
661 901 746 945 est,
791 893 951 950 quam*
982 900 1029 936 ut
1060 909 1103 936 se
1136 895 1283 949 Magni
1324 896 1585 949 presenciam
1601 913 1792 942 cxxv111·

126 953 380 1005 uitaturum,
424 968 603 1009 eumque
635 954 759 995 domo
791 968 840 995 ac
870 954 1010 1008 patria
1041 967 1333 995 excessurum«
1378 968 1455 995 nec
1486 958 1584 995 ante

125 1015 342 1066 receptam
373 1025 398 1052 a
428 1012 584 1067 populo
615 1012 784 1053 ueniam
823 1025 1093 1053 reuersurum
1138 1012 1309 1053 iuraret.
1371 1011 1585 1066 Ceterum,

125 1083 178 1111 ne
220 1070 340 1124 uulgi
380 1070 488 1111 iram
534 1074 828 1125 exasperaret,
870 1069 1090 1111 diuiduum
1136 1084 1230 1111 cum
1270 1084 1319 1111 eo
1360 1070 1585 1111 concilium

126 1127 288 1180 habuit,
311 1128 586 1169 internunciis
607 1129 797 1183 parcium
822 1128 1023 1169 mandata
1045 1128 1323 1181 gestantibus.
1368 1127 1584 1182 Arbitriffi]

61 1200 94 1227 15
126 1185 332 1240 siquidem
349 1186 474 1240 regis,
497 1186 746 1228 facultatem
764 1186 892 1240 exilii,
911 1186 1022 1241 quod
1040 1186 1221 1241 Magnus
1238 1186 1351 1241 apud
1370 1186 1584 1240 Gothiain,

127 1244 244 1284 cuius
275 1258 351 1284 rex
383 1249 505 1297 esset,
539 1258 666 1299 agere
698 1249 889 1299 poterat,
921 1246 1155 1295 intuentes,
1188 1244 1433 1301 condicione
1466 1249 1585 1286 uten-

126 1301 227 1342 dum
260 1303 502 1355 monebant,
534 1302 724 1343 futurum
756 1303 850 1356 rati,
882 1307 928 1343 ut
959 1303 1127 1344 interim
1151 1303 1192 1344 in
1216 1303 1403 1344 omnium
1436 1303 1586 1344 animis

126 1359 211 1400 odii
242 1361 330 1401 eius
362 1360 531 1402 habitus
572 1361 852 1414 exolesceret,
893 1362 1066 1416 ipseque
1106 1361 1348 1416 prolixioris
1390 1362 1586 1402 absencie

126 1417 330 1459 beneficio
376 1419 593 1460 miciorem
635 1419 772 1474 patrie
804 1420 1061 1461 sentenciam
1094 1420 1309 1474 reperiret.
1371 1419 1584 1474 Populum

57 1489 94 1516 20
126 1476 280 1531 quippe
304 1477 420 1517 exilii
442 1477 531 1518 eius
554 1477 825 1518 miseracione
850 1477 1122 1527 mouendum,
1144 1479 1264 1518 iram.
1288 1491 1415 1532 quam
1438 1478 1585 1518 sceleri

125 1534 360 1588 inflixerat,
412 1535 648 1590 penitencie
699 1536 973 1576 remissurum
1021 1536 1260 1590 sperabant.
1326 1535 1389 1576 Ita
1435 1540 1586 1591 pacato

125 1592 392 1647 popularium
409 1596 539 1646 motu,
557 1607 634 1634 rex
651 1592 820 1647 Iutiam,
840 1591 1022 1648 Magnus
1037 1593 1250 1648 Gothiain,
1269 1594 1386 1635 exilii
1403 1594 1586 1649 speciem

125 1651 381 1705 prebiturus,
413 1651 595 1706 petiuit(
625 1650 637 1659 “
701 1671 721 1695 ι

266 1707 406 1750 Huius
457 1709 672 1763 paccionis
735 1710 1038 1751 obtrectatores
1100 1709 1221 1751 amici
1283 1710 1394 1764 regis
1446 1709 1584 1752 fuere.

59 1779 95 1806 25
130 1765 314 1822 Quippe,
349 1767 418 1821 qui
443 1766 599 1821 Magno
624 1767 841 1809 occidendi
866 1768 1085 1809 Kanutum
1114 1769 1332 1809 consilium
1365 1768 1584 1820 dederant,

129 1825 388 1866 condicionis
436 1825 626 1866 habitum
686 1832 961 1875 execrantes,
1025 1828 1241 1867 teterrima
1291 1827 1365 1867 sibi
1416 1827 1586 1868 racione

128 1895 271 1937 regem
295 1883 559 1925 consuluisse
583 1884 793 1937 (licebant,
814 1885 951 1925 sacius
975 1884 1248 1937 affirmantes,
1267 1890 1312 1926 ut
1333 1885 1424 1940 ipse
1445 1899 1586 1925 rerum

130 1955 333 1982 summam
361 1941 608 1996 deponeret,
641 1956 765 1997 quam
799 1943 968 1984 unicum
1002 1942 1131 1983 tilium
1167 1948 1208 1983 et
1240 1944 1282 1984 in
1315 1958 1433 1999 spem
1468 1943 1586 1996 regni

128 2004 400 2054 procreatum
443 2000 496 2040 ob
539 2000 656 2041 leues
698 2002 927 2056 agrestium
972 2001 1105 2041 minas
1154 2002 1269 2042 exilii
1316 2001 1586 2042 deformitate

59 2069 96 2097 30
129 2057 386 2099 damnasset.
449 2056 738 2105 Quamobrem
770 2064 967 2114 oportere
1001 2059 1203 2112 Magnum
1236 2059 1491 2100 reuersionis
1522 2059 1585 2099 ius

129 2120 306 2169 paterno
348 2116 493 2170 pocius
536 2130 663 2171 quam
704 2117 899 2172 populari
941 2117 1114 2158 arbitrio
1148 2118 1380 2159 subiectum
1416 2117 1586 2169 habere,

131 2172 419 2228 citissimoque
465 2175 752 2216 reuocacionis
801 2175 1005 2216 beneficio
1054 2175 1190 2229 patrie
1239 2182 1279 2217 et
1322 2176 1585 2231 propinquis,

129 2231 368 2272 inconsulta
397 2231 532 2297 plebis
566 2233 842 2298 malignitate,
877 2233 1052 2274 restitui.
1096 2233 1176 2274 His
1198 2234 1374 2275 uocibus
1396 2234 1585 2274 irritatus

129 2288 347 2342 Nicolaus,
381 2289 529 2342 missis,
562 2291 634 2356 qui
667 2291 868 2345 Magnum
904 2296 1181 2333 accerseiffent
1219 2292 1460 2333 abdicatam
1493 2293 1583 2332 vius

63 2358 100 2386 35
131 2348 469 2388 communionem
491 2348 658 2389 inimica
681 2349 871 2402 religioni
907 2350 1080 2391 caritate
1112 2350 1298 2404 repeciit.
1341 2349 1429 2392 Nec
1461 2349 1583 2403 pensi

132 2404 253 2445 duxit
301 2419 396 2446 cum
442 2410 691 2460 contemptu
743 2407 910 2461 periurii
963 2407 1205 2448 damnatam
1259 2408 1473 2461 sanguinis
1520 2406 1584 2449 sui

130 2464 397 2518 presenciam
441 2464 689 2518 amplexari.
754 2464 885 2505 Cuius
925 2465 1192 2520 indulgencie
1233 2466 1451 2507 temeritas
1485 2479 1582 2520 pro-

133 2520 279 2561 cellam
304 2520 449 2575 Magni
471 2518 670 2577 dislcessu
691 2526 885 2577 pacitam
907 2523 1043 2564 reditu
1067 2524 1305 2571 concitauit
1340 2522 1584 2577 Enimuerou
1643 2542 1668 2567 p.
1688 2533 1739 2560 644

131 2579 281 2620 Ericus
321 2592 370 2619 ac
402 2578 618 2621 Haraldus
650 2579 897 2632 Nicolaum,
939 2581 1004 2623 cui
1047 2587 1223 2623 eatenus
1264 2581 1582 2622 indemnitatem
1637 2591 1729 2625 (242)

62 2650 101 2680 40
131 2637 392 2689 detulerant,
441 2643 585 2694 utpote
631 2652 736 2680 uoce
776 2638 1050 2694 sacrilegum,
1100 2640 1273 2681 consilio
1318 2639 1583 2695 parricidam,
