1884 3126
267 199 291 238 6
874 207 1103 238 PREFACIO.

267 323 450 377 figurate
496 321 812 378 proltraccionis
858 323 1044 378 speciem
1093 324 1250 365 obtrito
1299 324 1404 365 calle
1445 324 1709 367 confuderat.
1739 334 1820 367 11-13

267 379 395 421 Vnde
443 379 739 435 conspi*cuum
785 386 871 433 est,
927 381 1059 423 eciam
1105 383 1268 436 petrine
1320 382 1541 424 soliditatis
1588 384 1711 424 rimas
1758 391 1807 420 Ilb

270 438 434 480 diutino
482 438 652 480 madore
700 439 955 493 complutas,
1002 442 1076 480 aut
1122 440 1310 481 sordium
1355 440 1593 483 colluuione
1640 445 1712 483 aut

269 496 428 550 irrigua
460 496 697 537 nimborum
727 496 1007 538 instillacione
1040 511 1328 540 concrescere.

216 567 232 592 5
405 555 464 596 At
496 554 693 608 quoniam
733 554 850 606 regio
895 555 973 596 hec
1013 554 1202 596 Suetiam
1235 555 1583 611 Noruagiamque
1625 561 1712 599 tam

267 611 380 653 uocis
422 626 548 666 quam
591 611 695 653 situs
736 612 942 654 affinitate
975 613 1295 667 complectitur:
1339 628 1484 656 earum
1526 629 1713 670 quoque,

266 669 374 710 sicut
418 674 461 711 et
492 669 653 721 Danie,
694 674 838 724 partes
879 685 928 711 ac
960 671 1130 712 climata
1171 672 1430 714 memorabo.
1493 673 1586 720 Que
1618 688 1712 729 pro-

266 726 402 768 uincie
445 728 764 782 septentrionali
806 728 905 782 polo
948 728 1139 770 subiecte
1172 729 1439 785 Bootemque
1480 734 1520 771 et
1551 731 1710 773 Arcton

265 784 565 840 respicientes,
611 785 747 840 ipsum
789 785 981 840 frigentis
1022 800 1125 828 zone
1166 787 1416 841 paralellum
1460 788 1608 830 ultima
1649 789 1714 831 sui

201 854 234 881 10
269 843 541 896 porreccione
574 843 849 898 contingunt;
883 848 980 898 post
1005 858 1110 899 quas
1142 844 1337 886 humanis
1369 846 1541 887 sedibus
1572 847 1712 888 locum

265 900 467 942 inusitata
498 901 657 954 algoris
690 901 848 943 seuicia
868 916 953 943 non
976 901 1187 957 relinquit.
1229 902 1297 943 Ex
1320 903 1472 958 quibus
1495 903 1714 960 Noruagia

265 959 386 999 saxei
418 959 522 1000 situs
555 959 869 1001 deformitatem
902 963 1052 1001 nature
1081 961 1232 1001 sortita
1255 959 1505 1012 discrimine,
1537 961 1713 1017 rupibus

264 1017 493 1059 infecunda
516 1032 564 1058 ac
588 1017 772 1073 scopulis
805 1017 991 1073 undique
1013 1031 1134 1059 secus
1162 1018 1311 1072 obsita,
1344 1020 1563 1073 glebarum
1586 1021 1712 1062 uasti-

265 1080 354 1116 tate
388 1075 526 1117 tristes
558 1076 748 1117 locorum
787 1075 975 1117 salebras
1006 1081 1290 1130 representat.
1353 1077 1401 1118 In
1434 1077 1551 1119 cuius
1594 1083 1714 1133 parte

202 1142 234 1169 15
267 1133 427 1174 extima
458 1147 510 1174 ne
543 1138 671 1175 noctu
706 1133 874 1189 quidem
914 1133 1108 1175 diurnum
1149 1133 1265 1175 sidus
1308 1135 1536 1185 occulitur,
1578 1135 1637 1178 ita
1670 1143 1714 1178 ut

266 1191 453 1232 continui
496 1192 594 1234 solis
635 1191 854 1247 presencia
895 1192 1082 1233 alternos
1124 1192 1323 1234 horarum
1360 1193 1590 1248 dedignata
1622 1210 1713 1237 suc-

267 1263 411 1290 cessus
454 1251 623 1305 utrique
667 1250 848 1304 tempori
885 1250 977 1304 pari
1020 1250 1188 1292 luminis
1222 1249 1593 1293 administracione
1640 1253 1709 1294 de-

268 1307 439 1349 seruiat.

405 1365 472 1406 Ab
520 1365 644 1407 huius
691 1367 825 1407 latere
872 1365 1123 1407 occidentali
1168 1366 1327 1420 insula,
1380 1381 1463 1422 que
1510 1367 1709 1410 Glacialis

197 1433 233 1460 20
266 1422 441 1476 dicitur,
483 1437 637 1478 magno
672 1423 910 1465 circunfusa
950 1424 1160 1479 reperitur
1194 1422 1391 1478 OceanO,
1435 1425 1626 1467 obsolete
1657 1426 1710 1467 ad

264 1481 436 1523 modum
455 1479 744 1537 habitalcionis
760 1482 898 1533 tellus,
917 1495 1141 1536 rerumque
1158 1482 1384 1524 uerifidem
1405 1483 1709 1525 excedencium
1740 1505 1766 1530 p.
1790 1498 1817 1522 14

264 1543 306 1580 et
338 1539 603 1581 insolitorum
636 1545 867 1582 euentuum
906 1540 1118 1587 miraculis
1158 1539 1431 1594 predicanda.
1491 1541 1582 1582 Illic
1616 1542 1710 1583 fons

265 1600 341 1648 est,
374 1596 443 1652 qui
475 1597 720 1653 fumigantis
751 1612 862 1653 aque
904 1598 1014 1639 uicio
1056 1597 1244 1639 natiuam
1281 1599 1342 1639 rei
1374 1599 1598 1640 cuiuslibet
1630 1600 1709 1640 ori-

264 1656 406 1710 ginem
439 1655 679 1699 demolitur.
741 1656 852 1698 Sane
896 1655 1092 1710 quicquid
1135 1655 1239 1696 fumi
1278 1656 1402 1697 huius
1435 1657 1708 1699 exhalacione

195 1722 233 1749 25
262 1714 534 1768 respergitur,
567 1715 609 1756 in
641 1713 807 1769 lapidee
838 1718 990 1755 nature
1023 1713 1227 1755 duriciam
1251 1718 1570 1757 transmutatur.
1615 1715 1709 1763 Quo

263 1785 330 1812 res
373 1771 602 1814 mirabilior
642 1786 696 1813 an
736 1772 1011 1826 periculosior
1056 1771 1235 1825 existat,
1278 1772 1318 1812 in
1362 1771 1491 1813 dubio
1524 1773 1710 1827 positum

263 1833 442 1883 constat,
475 1844 569 1871 cum
601 1829 774 1872 fluidam
806 1843 915 1885 aque
956 1829 1286 1871 teneritudinem
1330 1832 1474 1872 tantus
1513 1831 1710 1873 obsideat

264 1887 391 1941 rigor,
426 1892 470 1929 ut
502 1887 720 1930 admotum
762 1887 967 1943 quidlibet
1007 1887 1254 1942 fumidoque
1296 1887 1385 1929 eius
1424 1902 1584 1943 uapore
1615 1903 1709 1944 per-

264 1945 406 1987 fusum
438 1946 479 1987 in
512 1945 664 2001 lapidis
696 1946 1023 2001 proprietatem,
1055 1944 1192 1986 forma
1223 1944 1433 1987 duntaxat
1465 1947 1709 2001 superstite,

197 2012 233 2038 30
264 2003 405 2045 subita
437 2004 718 2047 conuersione
758 2006 1024 2045 transmutet.
1084 2001 1339 2058 Ibidemque
1375 2005 1608 2058 complures
1640 2004 1709 2045 alii

264 2061 409 2104 latices
442 2062 705 2113 referuntur,
750 2062 820 2118 qui
850 2059 977 2103 modo
1011 2061 1238 2103 crescentis
1279 2060 1436 2116 limphe
1481 2063 1606 2117 copiis
1637 2062 1708 2104 ad-

264 2120 377 2161 aucti
399 2120 620 2175 plenisque
643 2119 912 2162 exundantes
934 2118 1066 2160 alueis
1101 2118 1268 2160 crebras
1300 2119 1341 2159 in
1365 2119 1541 2161 sublime
1565 2124 1708 2176 guttas

264 2177 448 2230 iaciunt,
489 2177 616 2220 modo
649 2178 911 2234 torpentibus
942 2176 1144 2219 scatebris
1184 2177 1258 2218 uix
1289 2176 1343 2218 ab
1374 2177 1457 2219 imo
1489 2179 1707 2234 conspecti

264 2235 484 2291 profundis
516 2235 804 2278 subduccioris
832 2239 943 2278 terre
974 2234 1160 2277 latibulis
1188 2234 1481 2277 absorbentur.
1529 2236 1623 2284 Quo
1647 2238 1705 2290 fit,

196 2300 233 2329 35
264 2298 311 2335 ut
343 2294 627 2336 exuberantes
658 2294 852 2350 proxima
883 2306 1049 2348 queque
1071 2291 1086 2346 [l
1108 2306 1354 2347 spumarum
1392 2293 1576 2336 candore
1608 2308 1705 2336 con·
1753 2302 1799 2338 (4)

265 2357 481 2408 spergant,
515 2352 718 2394 exinaniti
749 2352 866 2394 nullo
899 2351 1016 2392 uisus
1044 2351 1217 2404 ingenio
1251 2351 1482 2406 capiantur.
1543 2351 1596 2393 In
1627 2352 1705 2393 hac

263 2410 409 2452 itidem
453 2410 590 2453 insula
632 2424 753 2452 mons
799 2414 885 2462 est,
929 2409 1000 2464 qui
1029 2422 1180 2463 rupem
1215 2410 1221 2459 1
1255 2408 1459 2450 sideream
1500 2414 1704 2464 perpetue
1735 2419 1816 2452 1¹·15

263 2467 531 2521 flagracionis
553 2467 712 2510 estibus
738 2468 937 2519 imitatus,
968 2465 1165 2507 incendia
1190 2465 1447 2521 sempiterna
1477 2467 1566 2522 iugi
1587 2469 1704 2508 flam-

264 2540 430 2568 marum
461 2526 727 2569 eructacione
754 2525 984 2567 continuat.
1033 2523 1165 2566 Cuius
1191 2524 1253 2566 rei
1286 2524 1527 2566 ammiracio
1559 2539 1705 2580 supra-

194 2590 232 2618 40
264 2582 384 2627 dictis
415 2589 607 2649 equatur,
639 2598 734 2632 cum
765 2583 890 2632 tellus
913 2582 1113 2631 extremis
1134 2582 1325 2627 subiecta
1346 2582 1573 2640 frigoribus
1595 2583 1703 2629 tanti
