1884 3126
342 232 423 272 602
872 246 919 253 -
982 221 1120 263 XIIII
1184 244 1229 250 —

474 354 653 394 Postera
699 354 832 392 estate
877 347 1115 400 Henricus,
1167 346 1348 389 Bauaria
1395 360 1611 400 reuersus,
1658 347 1767 402 apud
1825 357 1884 390 με

340 411 554 468 Eydoram
587 409 761 450 solenne
792 420 884 448 cum
918 405 1053 447 Danis
1089 404 1341 460 colloquium
1386 403 1547 446 habuit.
1608 404 1658 446 In
1690 419 1772 460 quo

341 470 393 511 ob
425 480 649 524 prosperos
672 478 811 505 rerum
835 477 1055 505 successus
1079 462 1184 503 adeo
1208 476 1252 504 se
1275 461 1503 502 insolenter
1530 475 1580 503 ac
1610 462 1772 504 tumide

338 526 450 579 egit,
482 528 527 565 ut
557 523 740 564 medium
781 521 940 575 pontis,
984 520 1090 561 sicut
1129 525 1225 561 ante
1264 523 1567 568 consueuerat,
1610 520 1774 562 uisendi

290 594 304 618 5
336 584 449 637 regis
484 594 605 622 causa
642 577 878 633 transgredi
901 582 1128 630 recusaret,
1159 592 1212 619 ne
1233 576 1311 618 sibi
1340 575 1543 629 dignitate
1573 583 1772 632 prestare,

340 654 462 695 quem
495 641 672 693 peteret,
706 636 920 684 fateretur,
950 636 1168 676 immemor
1189 648 1371 690 morsm,
1403 633 1519 674 illum
1549 640 1772 689 paternum

334 698 580 750 auitumque
612 694 800 749 regimen
834 706 996 747 gerere,
1028 692 1106 734 sibi
1138 691 1260 733 alieni
1293 691 1458 746 imperii
1489 692 1773 748 prefecturam

335 754 523 795 cessisse.
567 751 702 799 Quam
720 751 988 792 insolenciam
1013 764 1085 791 rex
1110 750 1220 792 adeo
1243 749 1458 804 pacienter
1480 764 1528 791 ac
1550 750 1773 793 moderate

334 811 450 861 tulit,
491 813 538 851 ut
579 809 619 849 in
653 809 743 850 eius
777 822 1010 859 occursum,
1043 808 1264 862 exequatis
1296 807 1436 861 pontis
1467 808 1643 862 spaciis,
1683 814 1774 850 tan—

270 876 302 902 10
334 883 457 923 quam
493 881 580 921 par,
612 881 696 908 non
721 866 863 916 maior,
895 865 1188 915 descenderet,
1210 864 1532 906 honoraciorem
1567 879 1611 906 se
1642 872 1773 916 ratus,

332 926 366 967 si
400 939 493 966 cum
526 924 784 978 indignantis
808 923 885 964 uiri
907 922 1018 963 fastu
1042 922 1277 964 humilitate
1301 925 1517 965 certasset.
1559 923 1771 979 Siquidem

333 983 522 1037 preditus
574 981 898 1024 mansuetudine
949 981 1114 1022 animus
1166 979 1457 1022 celsitudinem
1504 995 1621 1022 suam
1671 982 1772 1023 citra

332 1040 515 1081 debitam
548 1040 761 1081 maiestati
802 1038 1128 1080 ueneracionem
1170 1038 1446 1090 submittere,
1479 1052 1605 1093 quam
1636 1039 1772 1080 aliene

331 1097 527 1152 superbie
570 1097 764 1152 exemplo
806 1096 1061 1138 insolescere
1105 1096 1265 1138 maluit.
1336 1095 1487 1150 Itaque
1526 1110 1628 1151 pace
1671 1105 1769 1138 'cum

268 1162 299 1188 15
330 1154 517 1196 Hem·ico
566 1152 833 1210 compolsita,
879 1153 1094 1203 Absalon,
1149 1168 1241 1195 cum
1286 1167 1406 1194 secus
1457 1153 1769 1197 Stethiumense
1823 1162 1884 1195 μδ

331 1212 661 1266 promontorium
700 1212 1025 1267 nauigacionem
1064 1211 1258 1261 haberet,
1301 1211 1465 1253 leuibus
1500 1212 1613 1253 saxis
1645 1217 1687 1254 et
1717 1212 1768 1253 ad

328 1270 562 1311 iaciendum
586 1269 795 1311 habilibus
818 1271 859 1310 in
882 1269 970 1310 eius
991 1269 1131 1312 littore
1150 1269 1348 1311 lectitatis
1365 1269 1581 1322 nauigium
1605 1273 1768 1323 onerat,

328 1341 480 1369 usurus
513 1328 570 1369 eis
603 1326 655 1368 ad
689 1327 846 1369 castelli
875 1327 1129 1380 tuicionem,
1163 1327 1274 1382 quod
1308 1327 1349 1367 in
1380 1326 1546 1381 publico
1575 1328 1770 1383 negocia-

329 1388 469 1426 torum
499 1389 626 1441 portu
657 1385 913 1427 condiderat.
959 1384 1122 1432 Quibus
1144 1385 1316 1439 nauigio
1341 1385 1558 1439 impositis,
1580 1385 1633 1426 ad
1658 1386 1770 1427 idem

261 1449 297 1475 20
328 1443 546 1484 castellum
591 1447 758 1498 postera
800 1443 868 1485 die
911 1443 1117 1498 peruenit.
1192 1442 1278 1484 Vbi
1323 1456 1415 1483 cum
1463 1442 1769 1485 mundiciarum

328 1501 470 1555 gracia
510 1501 668 1543 balneis
712 1505 927 1554 uteretur,
968 1500 1289 1553 animaduertit,
1333 1500 1552 1541 cuiusdam
1593 1502 1714 1544 nauis
1746 1516 1769 1543 e

329 1559 618 1613 septentrione
659 1559 869 1601 uenientis
913 1559 1173 1602 mencionem
1214 1558 1316 1600 foris
1349 1559 1554 1599 stancium
1589 1559 1771 1602 collocu-

329 1616 447 1658 cione
479 1616 758 1659 crebrescere.
822 1616 959 1664 Quam
994 1621 1039 1657 ut
1071 1616 1291 1672 piraticam
1323 1616 1546 1669 intellexit,
1578 1617 1770 1659 semiloto

329 1687 505 1729 corpore
527 1680 689 1716 uestem
712 1675 918 1730 poposcit,
942 1687 1190 1729 nauemque,
1215 1687 1342 1729 quam
1364 1673 1405 1714 in
1427 1678 1551 1728 portu
1587 1675 1768 1716 uelatam

258 1737 296 1764 ‘25
327 1731 559 1782 dimiserat,
591 1732 820 1787 remigibus
851 1732 955 1773 lituo
990 1732 1229 1784 contractis,
1262 1745 1536 1773 conscensam
1565 1732 1606 1773 in
1638 1733 1770 1773 altum

328 1788 507 1840 dirigere
540 1791 717 1832 curauit.
778 1789 979 1831 Nicolaus
1023 1804 1218 1845 quoque,
1262 1790 1331 1845 qui
1374 1789 1567 1830 clientele
1607 1791 1696 1832 eius
1729 1795 1770 1832 et

327 1847 478 1888 stabuli
504 1861 645 1889 curam
669 1847 866 1902 habebat,
900 1847 1013 1889 aliud
1035 1849 1267 1902 nauigium,
1288 1847 1537 1902 iampridem
1571 1847 1770 1890 rimarum
1879 1867 1884 1897 ιι

326 1904 435 1946 uicio
467 1905 785 1960 pessundatum,
820 1904 1030 1947 exhausta
1052 1906 1229 1957 sentina,
1262 1905 1314 1946 ad
1338 1905 1573 1959 pacientem
1596 1906 1769 1961 nauiga-
1876 1906 1884 1948 i

328 1962 459 2004 cionis
491 1963 682 2004 habitum
706 1964 900 2005 celeriter
922 1963 1135 2019 perduxit.
1183 1962 1264 2004 Sed
1290 1962 1480 2004 Absalon
1511 1963 1623 2016 uelo,
1645 1963 1770 2005 Nico-

257 2028 294 2055 30
325 2021 416 2062 laus
447 2021 621 2075 remigio
651 2021 810 2075 piratas
841 2021 1027 2076 petebat.
1090 2021 1173 2069 Qui
1203 2034 1298 2062 cum
1321 2018 1767 2076 Absallonisnauiga-
1825 2034 1850 2058 1>-

326 2078 491 2119 cionem
531 2093 651 2119 suam
696 2093 896 2134 superare
938 2079 1256 2134 conspicerent,
1298 2077 1496 2120 callidum
1526 2078 1627 2134 fuge
1658 2092 1769 2120 com·
1871 2090 1876 2092 ·

326 2140 516 2178 mentum
549 2136 744 2190 amplexi,
777 2137 985 2179 submisso
1017 2137 1127 2191 uelo,
1161 2135 1411 2177 contrariam
1436 2140 1564 2178 uento
1596 2137 1770 2191 nauiga-

326 2194 491 2235 cionem
524 2194 698 2248 remigio
731 2195 974 2237 moliuntur.
1028 2194 1078 2235 Id
1112 2193 1419 2236 attentantibus
1443 2194 1646 2236 Nicolaus
1677 2200 1767 2235 rate

326 2250 477 2293 obuius
519 2250 613 2293 fuit.
685 2251 821 2299 Quam
864 2253 1045 2294 aduersa
1086 2252 1368 2306 nauigacione
1407 2255 1622 2305 petentes,
1665 2252 1769 2293 mira

255 2317 292 2344 35
323 2309 621 2363 gubernatoris
662 2310 840 2351 solercia
882 2309 1082 2352 fefellere.
1143 2309 1254 2350 Nam
1295 2323 1388 2351 cum
1431 2308 1484 2350 ad
1518 2310 1605 2351 eius
1637 2307 1768 2365 penell

325 2370 564 2408 contactum
595 2367 902 2422 peruenissent,
937 2368 1153 2422 obliquato
1187 2367 1375 2421 remigio,
1408 2367 1450 2407 in
1482 2366 1584 2407 illud
1606 2368 1766 2422 nauigii

324 2424 388 2465 sui
408 2423 533 2477 latus,
558 2423 671 2479 quod
695 2425 745 2466 ab
764 2424 957 2467 hostibus
980 2439 1177 2467 auersum
1201 2429 1304 2477 erat,
1336 2425 1495 2479 pariter
1516 2438 1765 2466 concurrere

323 2482 439 2533 iussi,
462 2482 612 2537 reliqui
635 2496 680 2524 se
704 2483 903 2538 erigentis
927 2483 1126 2538 oppositu
1159 2481 1334 2538 perinde
1356 2495 1405 2522 ac
1435 2495 1556 2524 muro
1579 2482 1764 2533 hostilia,

324 2539 476 2593 quibus
521 2540 863 2590 incessebantur,
910 2540 1046 2582 iacula
1091 2541 1298 2581 uitauere.
1374 2539 1442 2581 Sic
1487 2540 1608 2581 hoste
1651 2539 1764 2581 eluso

256 2609 292 2636 40
325 2597 619 2644 diuerticulum
644 2598 766 2650 nacti,
800 2598 958 2641 callidis
982 2597 1269 2654 nauigacionis
1293 2597 1543 2652 ambagibus
1575 2611 1765 2639 recessus
