1884 3126
202 873 238 899 10

202 1160 238 1187 12')

199 1449 235 1476 ‘20

196 2025 235 2052 30

276 212 358 257 526
811 232 860 238 -
922 204 1058 250 XIIII
1119 233 1172 240 -—

274 341 435 380 bamur.
450 337 551 378 Eius
567 341 671 378 nutu
688 335 863 390 perinde
878 349 925 376 ac
939 335 1153 390 regalibus
1170 334 1317 377 edictis
1334 335 1522 376 contenti
1540 333 1709 377 fuimus.

277 397 383 444 Quia
407 409 506 435 uero
529 395 710 434 filiorum
733 394 820 434 eius
843 407 964 435 nemo
988 398 1195 448 superest,
1224 392 1433 447 supplices
1465 392 1519 434 ad
1542 394 1709 447 nepotis

273 468 411 508 genua
443 466 589 492 manus
622 451 856 505 tendimus,
888 465 941 492 ne
973 456 1326 498 extra,consuete
1368 450 1525 492 familie
1557 451 1707 492 seriem

273 510 432 551 auxilia
475 509 808 562 circunspexisse
851 508 1087 551 uideamur.
1158 507 1248 549 Nec
1288 508 1378 563 pari
1421 508 1626 550 industria
1667 508 1707 549 in

271 568 397 608 fratre
428 570 500 607 tuo
533 566 834 621 pretereundo,
867 580 1107 621 quanquam
1138 570 1241 607 natu
1274 570 1457 620 prestet,
1499 580 1600 607 usos
1632 580 1708 607 nos

273 639 367 666 esse
400 628 574 664 constat.
620 623 713 665 Tibi
736 625 847 665 enim
871 624 1134 665 auctoritatis
1156 624 1489 678 prerogatiuam,
1521 622 1708 679 honoris,

271 696 356 722 non
388 683 511 722 animi
545 695 620 723 nec
654 681 776 722 etatis
807 682 1054 736 priuilegia,
1096 682 1168 723 sed
1213 681 1428 735 dignitatis
1462 687 1710 722 ornamenta

273 740 508 780 conciliant.
585 740 698 780 Ante
744 753 844 781 uero
890 754 1016 794 quam
1068 753 1214 794 pacem
1267 739 1542 780 domesticam
1589 739 1707 780 bellis

272 797 464 838 ciuilibus
510 797 731 847 fedam-mis,
783 803 1048 838 constantem
1093 797 1312 838 Danorum
1360 797 1535 852 imperio
1582 797 1709 838 fidem

268 855 538 910 prestitimus.
613 855 668 896 At
710 864 934 910 postquam
976 856 1017 895 in
1056 859 1197 896 uestra
1239 855 1455 910 republica
1502 855 1709 897 sediciosa

270 913 470 967 suffragia
503 912 754 967 adoleuere,
787 914 992 967 regnique
1034 913 1299 954 affectatores
1338 913 1463 968 armis
1503 912 1709 954 instruere

272 971 450 1025 cepistis,
469 972 638 1024 proprie
659 971 865 1012 liberattis
897 985 1020 1025 quam
1045 971 1182 1012 aliene
1209 969 1409 1012 faceionis
1432 970 1709 1013 studiosiores

271 1029 498 1082 euasimus,
530 1029 738 1083 vestrique
769 1029 950 1069 nominis
984 1043 1112 1082 quam
1143 1029 1313 1082 pictatis
1345 1027 1582 1070 desertores
1617 1043 1708 1070 esse

270 1086 506 1127 maluimus.
554 1086 638 1127 Sed
670 1091 710 1127 et
733 1086 887 1127 bellum
912 1087 1034 1128 uobis
1059 1085 1277 1127 inferendo
1312 1086 1411 1141 quid
1443 1086 1557 1127 aliud
1581 1100 1707 1141 quam

269 1145 447 1198 ingeniis
490 1145 642 1184 uestris
684 1144 967 1185 finiendarum
1009 1145 1270 1185 simultatum
1315 1157 1484 1185 causam
1530 1144 1709 1198 prebere

273 1202 553 1253 tentauimus,
600 1201 725 1256 idque
774 1202 964 1256 efficere,
1010 1206 1082 1256 ut,
1128 1207 1269 1243 nostra
1309 1216 1424 1242 arma
1475 1203 1707 1257 excepturi,

273 1264 421 1300 mutua
471 1259 696 1300 concordia
744 1259 1018 1314 indigeretis?
1098 1259 1249 1315 Itaque
1300 1273 1468 1301 secures
1529 1265 1707 1313 uestras,

273 1317 385 1358 ciuili
426 1318 630 1370 sanguine
663 1317 907 1371 madentes,
951 1318 993 1358 in
1035 1324 1202 1359 nosmet
1242 1318 1356 1373 ipsos
1402 1318 1706 1371 conuertimus,

272 1374 469 1429 bellaque
501 1379 639 1416 uestra
675 1375 822 1416 alicnis
867 1389 991 1430 quam
1038 1377 1172 1430 patrie
1214 1376 1450 1430 perniciosa
1490 1374 1582 1416 fore
1623 1389 1707 1415 ma-

266 1432 430 1473 luimus.
465 1432 680 1487 Siquidem
705 1433 969 1474 aduersarios
992 1438 1158 1474 uestros
1182 1434 1338 1489 specie,
1366 1447 1410 1474 re
1430 1447 1527 1474 uera
1550 1435 1706 1474 amicos

268 1491 443 1544 egimus,
476 1491 749 1545 caritatisque
781 1495 922 1546 partes
954 1491 1198 1532 hostilitatis
1230 1491 1500 1532 simulacione
1539 1492 1707 1545 prebui-

267 1562 372 1589 mus.
446 1548 616 1589 Etenim
658 1549 926 1590 concordiam
975 1554 1161 1590 uestram
1208 1549 1342 1603 magis
1389 1563 1514 1603 quam
1558 1549 1706 1602 spolia,

266 1607 497 1661 pyraticam
521 1620 544 1646 a
565 1606 859 1648 beniuolencia
886 1606 1119 1662 profectam
1150 1607 1400 1660 exercendo,
1434 1607 1704 1661 quesiuimUS.

266 1663 322 1704 Et
353 1678 463 1704 nunc
504 1664 684 1718 quidem,
718 1672 858 1720 opelra
890 1669 1033 1706 nostra
1065 1670 1280 1719 ceptorum
1323 1664 1457 1705 deuiis
1495 1678 1544 1705 ac
1574 1665 1706 1719 parri—

220 1738 231 1744 *
268 1721 472 1762 cidalibus
508 1723 625 1763 bellis
658 1723 871 1772 abstracti,
904 1724 1054 1764 merito
1088 1723 1195 1764 tanti
1237 1722 1428 1763 beneficii
1463 1723 1703 1764 auctoribus

266 1780 468 1832 gratulari
503 1779 677 1821 debetis.
741 1780 825 1821 Cur
859 1794 971 1834 ergo,
1004 1781 1160 1822 cunctis
1187 1781 1294 1821 inter
1325 1794 1403 1821 uos
1436 1781 1570 1821 amice
1594 1794 1706 1821 com-

266 1837 428 1891 positis,
461 1838 538 1877 soli
571 1839 874 1880 communionis
906 1843 1048 1880 uestre
1081 1839 1230 1879 ianuas
1256 1838 1412 1879 intrare
1445 1852 1526 1880 non
1559 1851 1705 1892 possu-

266 1909 378 1947 mus,
427 1908 601 1949 quarum
642 1896 717 1951 ipsi
761 1896 945 1937 claustra
976 1896 1280 1949 reserauimus,
1313 1896 1472 1936 aditum
1505 1896 1704 1951 patefeci-

268 1954 391 1993 mus‘?
437 1952 521 1993 Cur
554 1968 605 1994 ea
635 1954 843 1995 factorum
875 1958 1114 1995 nostrorum
1136 1954 1377 2009 prudencia,
1410 1954 1552 1994 delicti
1576 1954 1702 1994 uestri

265 2010 540 2051 saluberrima
571 2012 814 2062 correctrix,
847 2026 871 2052 a
892 2012 992 2053 uiris
1014 2013 1226 2067 sapiencia
1257 2012 1379 2052 claris
1411 2025 1559 2066 parum
1581 2016 1702 2065 grata

266 2069 536 2109 estimacione
568 2069 806 2123 colligitur?
869 2069 1060 2125 Cumque
1103 2069 1287 2119 finisset,
1318 2068 1456 2110 adhuc
1486 2069 1702 2110 Absalone

266 2130 454 2167 uastatas
499 2126 635 2167 Danie
675 2127 915 2181 prouincias
957 2131 1238 2182 supputante,
1282 2126 1351 2168 Nil
1391 2125 1591 2181 factu<1n>
1625 2133 1702 2179 est,

264 2183 421 2238 inquit,
463 2184 572 2239 quod
613 2184 803 2226 homines
846 2186 1067 2239 patrocinii
1097 2185 1157 2225 tui
1187 2184 1352 2240 indigos
1394 2185 1446 2224 ab
1477 2185 1589 2226 illius
1621 2185 1702 2226 cle-

266 2242 427 2283 mencie
459 2242 547 2282 sinu
583 2242 772 2296 repellis,
804 2257 928 2297 quam
961 2256 1083 2283 nemo
1116 2242 1355 2297 supplicum
1394 2255 1593 2297 umquam
1626 2242 1702 2283 dif-

217 2315 228 2320 ·
263 2299 416 2340 ficilem
467 2300 624 2341 habuit.
699 2300 869 2342 Etenim
915 2301 1072 2355 repulsi
1117 2300 1347 2341 identidem
1394 2301 1475 2341 tuis
1520 2300 1700 2354 genibus

264 2356 560 2409 aduoluemur,
594 2370 826 2412 puerorum
858 2358 1220 2413 perseueranciam
1253 2358 1477 2411 imitaturi,
1516 2358 1587 2413 qui
1619 2372 1700 2412 quo

264 2415 444 2456 atrocius
481 2415 586 2456 irate
628 2416 770 2457 matris
810 2416 1058 2458 uerberibus
1105 2416 1367 2469 lacerantur,
1416 2415 1494 2456 hoc
1538 2415 1701 2456 auidius

265 2472 351 2513 eius
383 2473 551 2526 gremiis
583 2473 707 2513 allabi
741 2474 943 2516 nituntur.
1006 2473 1127 2521 Quod
1171 2474 1205 2513 si
1236 2487 1386 2528 parum
1423 2473 1617 2528 supplicii
1649 2473 1699 2514 de

266 2531 380 2571 nobis
412 2534 623 2585 sumptum
657 2530 835 2585 creditis,
867 2531 971 2572 iram
1004 2536 1207 2584 uestram,
1255 2530 1393 2586 quoad
1428 2531 1541 2582 libet,
1573 2531 1700 2572 cladi-

198 2599 234 2626 ,ιο
265 2586 339 2628 bus
382 2588 536 2630 nostris
576 2588 747 2643 impune
790 2590 1003 2630 exsaciare
1045 2589 1252 2644 poteritis.
1325 2588 1559 2630 Vastentur
1600 2588 1699 2630 licet
