1884 3126
260 276 343 317 404
828 291 875 297 -
938 265 1030 309 XII
1090 287 1144 294 --

260 401 347 443 eius
378 398 531 441 intuitu
562 401 701 449 mota,
742 395 943 450 peticioni
989 395 1159 447 annuit,
1200 408 1332 450 seque
1362 408 1539 448 regnum
1571 394 1702 450 ipsius

258 457 409 500 summi
441 454 670 496 sacerdocii
702 453 935 506 insignibus
969 453 1267 494 adornaturam
1301 452 1543 507 spopondit,
1574 457 1702 508 atque

258 529 307 556 ea
338 512 640 568 promissorum
673 525 747 565 spe
779 525 919 566 regem
952 524 976 551 a
1008 524 1051 552 se
1086 511 1369 551 exhilaratum
1401 509 1571 552 dimisit.

372 570 453 612 Sed
478 569 671 609 tristioris
694 569 877 618 fortune,
910 569 1023 623 quod
1049 569 1250 622 sequitur.
1283 567 1497 609 Reuersus
1521 581 1703 622 namque

257 629 418 680 Ericus,
435 640 527 668 cum
545 640 662 666 more
678 627 796 680 regio
812 626 925 668 domi
946 627 985 667 in
1003 626 1230 680 propatulo
1247 626 1462 676 cenitaret,
1477 627 1584 667 inter
1599 626 1702 666 alios

256 685 464 741 quendam
488 684 646 724 musice
671 684 852 725 racionis
885 684 1172 739 professorem
1203 683 1353 725 adesse
1385 684 1573 738 contigit.
1620 683 1701 731 Qui

255 757 349 784 cum
372 741 504 782 multa
526 754 653 795 super
676 743 776 782 artis
800 756 874 783 sue
898 742 1094 782 laudibus
1120 740 1391 796 disputasset,
1423 742 1532 782 inter
1564 749 1703 782 cetera

255 814 426 856 quoque
455 813 656 840 sonorum
694 799 829 840 modis
871 799 1061 840 homines
1093 799 1135 839 in
1166 800 1399 841 amenciam
1430 799 1702 853 furoremque

216 876 222 881 ·
253 857 440 913 pertrahi
482 870 608 912 posse
648 857 857 898 firmabat.
921 857 1033 905 Quin
1069 857 1201 898 eciam
1233 862 1374 899 tantas
1410 857 1559 899 fidibus
1590 858 1703 899 uires

188 925 224 952 10

188 1212 219 1239 15

183 1500 220 1527 20

183 1790 220 1816 ‘25

187 2081 224 2107 30

190 2369 226 2395 :35

254 917 390 957 inesse
415 914 594 965 dicebat,
618 920 676 967 ut,
700 915 911 969 perceptis
936 928 1078 955 earum
1104 914 1482 964 modulacionibus,
1514 918 1702 957 astantes

253 978 396 1014 mente
445 977 712 1014 constaturos
758 976 944 1026 negaret.
1008 972 1222 1027 Cumque,
1274 987 1324 1013 an
1373 972 1578 1014 eiusmodi
1623 987 1702 1013 usu

255 1031 440 1081 calleret,
466 1030 753 1084 interrogatus
775 1031 974 1084 periciam
997 1030 1214 1083 fateretur,
1246 1034 1336 1072 tum
1357 1030 1556 1086 precibus
1578 1031 1702 1085 regis,

253 1093 341 1130 tum
392 1088 521 1129 eciam
573 1088 694 1128 minis
743 1089 936 1129 effectum
982 1092 1226 1143 presentare
1275 1088 1554 1143 compellitur.
1618 1088 1700 1136 Qui

253 1160 348 1188 cum
370 1160 446 1187 nec
468 1146 665 1187 uecordic
690 1151 801 1187 metu
825 1160 903 1188 nec
926 1147 1099 1200 periculi
1125 1146 1391 1201 prediccione
1422 1149 1698 1202 imperantem

250 1208 442 1245 auertere
485 1204 713 1258 potuisset,
754 1219 808 1245 ne
841 1204 971 1244 furori
1003 1204 1184 1245 n‘ocendi
1216 1206 1393 1246 materia
1425 1201 1693 1259 suppeiteret,

250 1262 432 1317 primum
465 1261 542 1303 ede
582 1262 708 1302 armis
747 1261 1018 1313 uacuefacta,
1060 1262 1298 1316 complures
1342 1267 1461 1304 extra
1502 1261 1694 1303 auditum*

252 1320 412 1360 cithare
455 1319 495 1359 in
539 1319 696 1361 ambitu
751 1319 1017 1361 collocandos
1070 1321 1256 1373 curauit,
1309 1321 1469 1361 oriente
1522 1320 1694 1362 uesanie

251 1377 428 1432 strepitu
460 1377 572 1418 fores
603 1378 841 1432 irrumpere
866 1383 1142 1433 ereptamque
1164 1378 1359 1419 manibus
1381 1378 1467 1419 suis
1491 1377 1694 1419 citharam

252 1435 378 1489 capiti
418 1434 578 1477 illidere
623 1435 782 1487 iussos,
832 1449 885 1476 ne
926 1435 1097 1476 ulterior
1137 1436 1225 1477 eius
1267 1435 1507 1476 modulacio
1553 1449 1696 1491 super-

250 1493 468 1534 uenientes
502 1506 670 1548 quoque
703 1498 844 1534 mente
876 1497 1022 1547 captos
1068 1493 1268 1535 efficeret.
1332 1493 1496 1535 Monuit
1529 1507 1694 1548 quoque

251 1555 396 1604 presto
430 1564 542 1604 esse,
585 1551 654 1606 qui
685 1551 919 1592 furencium
964 1552 1136 1593 uesanie
1178 1551 1371 1592 ualenter
1413 1556 1694 1603 occurrerent,

252 1622 305 1649 ne
339 1607 622 1663 lymphantes,
656 1608 876 1650 demencia
906 1609 948 1649 in
980 1610 1118 1649 rixam
1149 1622 1285 1661 uersa,
1318 1610 1475 1650 mutuis
1507 1623 1551 1651 se
1582 1609 1696 1662 ipsos

253 1665 411 1706 uiribus
447 1666 748 1708 interimerent.
811 1666 1164 1721 Obtemperatum
1210 1667 1379 1708 consilio
1424 1670 1499 1709 est.
1561 1666 1697 1721 Igitur

253 1723 378 1765 armis
429 1723 555 1764 domo
609 1725 763 1778 egestis
815 1724 1176 1780 claustrorumque
1229 1724 1420 1766 custodia
1478 1724 1696 1773 obseratis,

253 1780 405 1822 fidibus
437 1794 608 1837 operam
642 1782 742 1824 dare
776 1796 972 1833 exorsus,
1016 1783 1216 1824 inusitate
1262 1783 1503 1825 seueritatis
1537 1795 1696 1823 musam

253 1838 394 1880 edidit.
457 1839 585 1880 Cuius
627 1840 763 1895 prima
803 1840 942 1894 specie
987 1846 1202 1895 presentes
1250 1841 1382 1882 ueluti
1421 1841 1609 1882 mesticia
1649 1853 1696 1880 ac

253 1899 425 1952 stupore
472 1898 712 1952 compleuit.
778 1898 860 1946 Qui
906 1905 1002 1953 post
1048 1899 1221 1940 modum
1268 1899 1320 1939 ad
1364 1898 1697 1953 petulanciorem

254 1954 407 1996 mentis
438 1959 592 1996 statum
626 1957 922 2010 uegecioribus
956 1957 1045 2011 lyre
1079 1956 1191 1998 sonis
1223 1956 1416 2009 adducti,
1450 1955 1698 1998 iocabundis

255 2025 474 2067 corporum
522 2014 702 2056 motibus
749 2014 969 2068 gestiendo
1019 2014 1210 2056 dolorem
1261 2015 1414 2069 plausu
1458 2019 1699 2068 permutare

255 2073 469 2124 ceperunt.
513 2070 734 2112 Postremo
767 2072 819 2113 ad
853 2072 1014 2113 rabiem
1038 2076 1079 2113 et
1101 2072 1382 2114 temeritatem
1406 2085 1540 2126 usque
1561 2071 1697 2112 modis

257 2127 489 2169 acrioribus
520 2128 695 2182 incitati,
729 2134 897 2184 captum
929 2129 1182 2183 amencia[e]
1223 2130 1415 2184 spiritum
1447 2128 1698 2171 clamoribus

254 2184 546 2240 prodiderunt.
623 2187 689 2227 Ita
739 2189 973 2228 animorum
1027 2187 1193 2228 habitus
1244 2187 1464 2228 modorum
1516 2187 1698 2228 uarietas

255 2243 512 2285 inflectebat.
573 2244 729 2298 Igitur,
772 2246 842 2300 qui
881 2245 931 2287 in.
963 2246 1070 2286 atrio
1103 2245 1284 2286 melodie
1317 2249 1514 2300 expertes
1547 2245 1697 2286 consti-

257 2305 409 2351 terant,
440 2315 582 2356 regem
617 2317 710 2344 cum
743 2303 934 2344 admissis
958 2303 1190 2345 dementire
1216 2308 1487 2358 cognoscunt,
1518 2303 1699 2358 irrupta-

257 2372 338 2413 que
380 2358 479 2411 ede,
520 2358 733 2402 furentem
777 2359 1041 2416 complexi‚*
1086 2361 1437 2415 comprehensum
1484 2362 1699 2402 continere

258 2416 503 2471 nequibant.
565 2417 733 2472 Quippe
766 2419 892 2460 nimio
926 2424 1052 2473 captu
1082 2418 1233 2460 furoris
1264 2419 1506 2470 instinctus,
1554 2432 1698 2460 eorum

259 2487 303 2514 se
326 2474 465 2515 ualide
490 2475 778 2530 complexibus
813 2476 1012 2523 eruebat3
1045 2481 1194 2518 nature
1226 2476 1432 2531 siquidem
1466 2477 1554 2517 eius
1587 2477 1698 2516 uires

261 2531 391 2572 eciam
414 2531 551 2574 rabies
574 2532 826 2575 cumulabat.
874 2534 998 2574 Victo
1021 2534 1165 2590 itaque
1189 2534 1510 2575 colluctancium
1534 2534 1698 2585 robore,

260 2601 509 2642 procursum
539 2595 698 2641 nactus,
731 2591 944 2632 conuulsis
975 2592 1092 2646 regie
1123 2592 1278 2633 foribus
1310 2596 1564 2646 arreptoque
1588 2605 1698 2643 ense,

196 2657 231 2684 ⁴0
262 2650 441 2700 quatuor
482 2648 680 2701 militum,
723 2649 964 2691 continendi
998 2650 1088 2691 eius
1120 2650 1262 2704 gracia
1292 2650 1464 2705 propius
1496 2649 1698 2691 acceden-

1748 1217 1779 1242 p.
1799 1207 1851 1235 607

1755 2369 1862 2399 cxxb
