1884 3126
54 892 89 920 10

56 1185 87 1212 15

50 1473 89 1500 20

51 1763 89 1790 25

52 2052 88 2080 30

53 2344 89 2371 35

53 2635 89 2663 40

669 255 720 261 —
782 229 899 272 XIII
961 255 1011 261 -—
1486 231 1570 272 415

118 358 278 400 fecture
320 357 541 411 beneficio,
573 356 646 399 sed
688 357 818 399 eciam
852 356 1092 411 patrimonii
1132 355 1261 398 rebus
1293 354 1573 410 ignominiose

120 421 297 468 exutus,
338 416 486 458 ultima
526 416 670 471 inopia
710 415 987 457 sordidissimi
1029 415 1134 456 lucri
1174 428 1304 470 penas
1352 413 1571 469 persoluit.

119 474 180 515 At
211 474 449 528 Henricus,
497 475 550 517 ob
581 473 813 529 superioris
854 487 996 528 pugne
1027 486 1273 514 successum
1303 471 1480 513 audacie
1511 471 1572 512 in-

119 534 343 574 crementis
376 537 562 582 euectus,
594 532 800 574 littorales
823 530 972 572 Danos
1003 530 1183 586 piratica
1214 530 1462 572 lacessendo
1487 543 1571 571 non

119 591 255 632 solum
289 590 448 632 Eidore
479 591 670 643 finitima,
702 589 776 631 sed
801 589 933 630 eciam
957 594 1111 630 cuncta
1133 588 1323 630 Slesuico
1358 588 1570 643 ualloque,

120 649 230 704 quod
265 649 484 690 Danorum
516 663 620 704 opus
653 662 870 700 uocamus,
902 647 1123 688 interiecta
1155 647 1365 689 uastabat.
1428 647 1572 702 Ipsam

118 706 329 748 interdum
363 708 536 759 urbem,
567 706 693 748 illatis
727 707 833 747 clam
866 719 940 760 per
972 704 1144 759 nauigia
1175 705 1327 759 copiis,
1369 705 1572 760 improui-

119 765 218 805 dam
250 765 592 820 aggrediebatur.
653 764 829 830 Itaque,
869 767 967 819 post
1001 767 1198 805 exactum
1230 763 1400 804 Eliuum
1433 762 1572 804 adhuc

119 823 273 865 finibus
296 823 375 865 illis
400 823 618 878 prouisore
640 823 800 874 uacuis,
823 822 1075 864 creberrime
1099 826 1343 863 exterorum
1366 821 1572 863 uiolencie

120 881 250 922 eciam
298 881 530 923 domestica
567 881 681 922 furta
721 894 965 930 accessere,
1009 883 1214 934 tantoque
1262 879 1412 921 ciuitas
1459 880 1571 922 intus

121 953 247 994 quam
269 939 370 981 foris
393 939 586 981 acerbius
609 939 853 994 urgebatur,
885 943 1043 993 quanto
1066 937 1118 978 ad
1142 938 1383 978 nocendum
1407 938 1572 979 occulta

120 998 354 1039 manifestis
386 997 584 1053 proniora
615 994 876 1052 noscunltur.
953 995 1075 1051 Eque
1107 996 1210 1036 ciuis
1248 1000 1294 1036 ut
1325 995 1458 1045 hostis
1489 996 1571 1039 for-

119 1055 375 1097 midabatur.
426 1055 595 1111 Quippe
616 1055 830 1097 Fresones
859 1068 953 1096 cum
978 1053 1184 1096 Holsatiis
1216 1067 1264 1095 ac
1284 1054 1572 1109 Dytmerchis,

120 1113 382 1168 impunitatis
424 1128 499 1169 spe
542 1114 595 1155 ob
627 1112 868 1168 prefecture
910 1113 1185 1155 uacacionem
1227 1111 1447 1168 concepta,
1482 1113 1570 1154 dies

118 1171 368 1225 latrociniis,
418 1176 565 1214 noctes
615 1171 738 1213 furtis
789 1171 1126 1223 emeciebantur,
1165 1174 1230 1224 et,
1282 1170 1355 1212 ubi
1404 1170 1572 1226 fastigia

120 1229 372 1285 nequibant,
415 1230 519 1271 imas
554 1229 695 1271 edium
736 1233 880 1285 partes
921 1229 1135 1284 ligonibus
1168 1229 1326 1282 adorti,
1368 1229 1571 1272 cuniculis

120 1287 341 1329 custodem
372 1287 590 1329 fallebant.
652 1287 742 1329 Nec
775 1288 911 1328 minor
943 1287 1181 1328 edituorum
1228 1287 1268 1327 in
1302 1287 1570 1337 asseruandis

119 1346 245 1387 rebus
289 1359 390 1387 cura
431 1346 643 1401 flagrauit.
714 1345 823 1400 Equi
863 1346 975 1386 intra
1015 1345 1293 1399 repagulum,
1334 1360 1386 1386 ne
1427 1345 1569 1387 furtim

120 1404 306 1445 abstrahi
339 1404 518 1459 quirent,
549 1403 660 1446 ferro
684 1403 1077 1458 compediebantur.
1118 1403 1274 1444 Edium
1298 1403 1570 1445 excubitores

121 1461 328 1503 uberioris
361 1462 528 1503 cautele
551 1462 695 1517 gracia
719 1462 855 1503 ualuis
879 1461 996 1502 affixi
1017 1461 1226 1502 iacebant.
1269 1460 1359 1503 Nec
1380 1476 1570 1503 serarum

121 1520 313 1561 claustris
359 1520 567 1569 contenti,
614 1520 747 1562 eciam
793 1519 908 1561 fossa
954 1519 1093 1561 aditus
1136 1519 1430 1561 obfirmabant.
1501 1520 1569 1561 Ita

121 1582 340 1632 grassante
371 1578 619 1631 latrocinio,
663 1577 836 1633 quidam
877 1579 1060 1633 ingenue
1091 1577 1256 1632 stirpis,
1289 1576 1568 1632 plurimorum

120 1640 419 1691 paupertatem
437 1634 685 1691 *partarum*
706 1637 899 1691 nequiter
922 1649 1052 1691 opum
1073 1636 1343 1678 incrementis
1361 1635 1568 1677 abolitam

120 1708 318 1744 cernens,
351 1694 512 1749 absque
543 1700 738 1750 respectu
784 1694 1040 1736 uerecundie
1073 1693 1222 1736 eadem
1253 1695 1451 1749 amplecti
1482 1695 1570 1736 ani-

121 1767 238 1793 mum
268 1751 448 1806 induxit,
483 1752 846 1807 clarissimamque
877 1752 1063 1794 indolem
1098 1755 1233 1806 suam,
1268 1767 1341 1808 spe
1375 1753 1479 1794 lucri
1510 1753 1569 1793 in-

121 1810 313 1862 citatam,
361 1824 415 1852 ex
458 1824 622 1852 summo
668 1810 900 1852 nobilitatis
932 1810 1099 1865 fastigio
1138 1811 1178 1850 in
1223 1811 1568 1854 obscenissimam

121 1873 248 1924 atque
279 1867 651 1923 profundissimam
695 1868 967 1924 turpitudinis
1008 1868 1217 1910 sentinam
1260 1869 1441 1911 abiicere
1483 1883 1565 1910 non

122 1927 303 1968 erubuit.
346 1926 413 1968 Ita
435 1927 652 1981 sanguinis
675 1927 831 1968 decore
853 1927 1100 1969 indecenter
1121 1941 1234 1976 usus,
1267 1927 1377 1968 uires
1400 1928 1568 1982 generis

122 1984 173 2025 ad
207 1984 415 2026 scelerum
446 1985 668 2026 licenciam
691 1985 921 2036 transtulit,
955 1989 1010 2036 et,
1041 1984 1155 2040 quod
1178 1985 1404 2026 uirtutibus
1436 1986 1568 2026 nutri-

119 2046 306 2083 mentum
340 2057 431 2083 esse
464 2042 680 2095 debuerat,
713 2043 831 2084 uiciis
855 2043 1047 2084 obtentui
1069 2043 1181 2084 fecit.
1226 2043 1440 2098 Siquidem
1466 2043 1566 2084 nulli

119 2100 231 2141 facta
278 2100 366 2141 eius
413 2106 560 2155 aperta
613 2101 908 2142 criminacione
953 2101 1203 2155 insequendi
1250 2101 1427 2142 audacia
1477 2101 1567 2152 fuit,

121 2162 325 2211 tantoque
366 2159 614 2214 propensior
656 2159 819 2200 delictis
851 2160 1080 2213 impunitas
1115 2159 1372 2213 habebatur,
1408 2165 1566 2215 quanto

123 2216 393 2271 conspeccior
425 2217 708 2271 delinquentis
741 2218 995 2259 noscebatur
1027 2217 1270 2258 auctoritas.

260 2273 324 2314 Ea
356 2279 613 2329 tempestate
645 2276 759 2316 missi
791 2290 813 2315 a
848 2274 1036 2327 Kanuto,
1070 2276 1140 2330 qui
1172 2275 1408 2331 pecuniam,
1439 2289 1565 2329 quam

122 2329 340 2375 edulcator
371 2333 461 2373 eius
493 2332 671 2387 depositi
704 2333 874 2374 nomine
908 2339 1262 2385 conseruauerat,
1293 2333 1333 2373 in
1369 2332 1563 2373 Fioniam

123 2405 145 2432 e
178 2389 392 2431 Sialandia
423 2390 717 2443 transferrent,
753 2405 860 2438 cum,
893 2391 946 2432 ab
978 2396 1160 2446 utroque
1191 2391 1333 2432 littore
1367 2404 1475 2445 eque
1508 2390 1567 2432 di-

123 2452 262 2489 stante
296 2447 487 2502 nauigio,
531 2448 678 2503 procul
711 2450 869 2504 piratas
901 2449 1118 2490 imminere
1151 2449 1460 2504 conspicerent,
1494 2463 1568 2490 ex-

122 2519 297 2560 pensam
346 2506 446 2546 fune
497 2520 739 2548 crumenam
789 2506 912 2548 undis
965 2507 1245 2548 occultauere.
1327 2505 1566 2560 Postremo,

124 2578 217 2605 cum
250 2579 294 2605 se
326 2578 478 2619 parum
510 2571 706 2618 potentes
730 2565 890 2619 remigii
922 2565 1321 2608 animaduerterent,
1355 2564 1456 2618 fuge
1490 2565 1567 2605 dif-

120 2622 299 2663 fidencia
338 2622 554 2678 implicati,
598 2623 733 2665 reciso
766 2623 983 2673 tenaculo,
1028 2628 1219 2665 uetustas
1266 2637 1419 2678 regum
1465 2636 1567 2679 opes

1631 1010 1657 1034 p.
1678 1000 1728 1028 622

1589 1642 1749 1672 CXXle

1620 2353 1644 2378 p.
1665 2344 1717 2371 623
