1884 3126
194 930 230 957 10

194 1218 231 1245 15

191 1793 226 1819 25

192 2081 228 2107 30

193 2367 228 2395 35

191 2655 228 2684 40

263 278 346 318 422
819 292 862 298 -
924 264 1039 308 XIII
1103 288 1152 294 -

264 402 487 457 spoliorum
530 401 763 451 raptorem,
805 394 1056 447 sacrilegum
1103 395 1337 434 autumant.
1411 389 1495 431 Sed
1541 389 1704 431 utinam

263 459 394 500 iniciis
426 457 514 498 eius
545 455 683 495 exitus
715 451 1011 506 respondisset.

399 513 559 554 Verum
591 511 800 566 plerisque
823 508 1028 563 Magnum
1061 507 1265 561 sanguine
1297 507 1367 548 uel
1399 505 1705 547 necessitudine

263 570 596 625 contingentibus
637 567 797 608 Kanuti
843 566 979 607 inuisa
1026 566 1203 607 felicitas
1250 569 1353 606 erat.
1429 563 1545 604 Nihil
1593 563 1705 604 enim

264 630 367 671 adeo
398 627 555 668 inuidie
587 626 699 666 faces
731 639 855 679 quam
888 624 1054 678 parium
1091 624 1228 677 impar
1250 622 1386 663 uirtus
1408 622 1578 663 excitat.
1622 620 1705 662 Sed

262 686 460 741 precipue
501 684 685 725 emulum
728 683 765 723 ei
805 681 1038 722 Henricum
1080 680 1257 734 genialis
1297 680 1406 722 thori
1452 679 1705 721 contumelia

262 743 456 784 faciebat.
536 741 779 794 Margareta
833 744 998 791 autem,
1047 738 1346 791 benignissima
1397 737 1705 791 consanguinee

263 800 446 842 caritatis
478 799 633 845 alitriX,
668 797 827 838 consilii
858 798 920 837 sui
953 796 1304 851 tranquillitatem
1336 796 1554 837 concitatis
1591 795 1706 836 iuue-

261 872 363 899 num
392 857 571 911 ingeniis
604 855 859 910 opponebat,
883 855 1243 908 saluberrimaque
1265 853 1482 908 discipline
1515 852 1705 894 modera-

262 916 378 956 cione
418 914 659 955 insidiosam
702 913 987 967 petulancium
1031 912 1192 953 rabiem
1228 915 1233 960 l
1271 912 1550 966 temperabat.
1614 911 1704 960 Que

264 987 358 1014 cum
401 972 616 1013 intercutis
655 971 838 1012 humoris
882 971 989 1011 uicio
1035 969 1257 1011 immodico
1298 970 1497 1010 tibiarum
1538 975 1708 1024 turgore

263 1034 545 1085 premeretur,
587 1042 721 1083 neque
761 1027 973 1069 letiferam
1016 1028 1150 1069 morbi
1189 1027 1350 1069 rabiem
1391 1028 1708 1069 medicamentis

265 1089 405 1129 leuare
438 1087 650 1142 quiuisset,
683 1086 735 1126 ad
757 1086 949 1126 ultimam
981 1100 1090 1140 pene
1112 1086 1253 1127 tabem
1284 1085 1467 1135 redacta,
1489 1085 1707 1127 Kanutum

265 1146 434 1199 egregie
465 1144 618 1185 indolis
648 1143 800 1184 fiducia
822 1143 1017 1197 aduocat,
1049 1144 1322 1198 impenseque
1343 1144 1549 1196 hortatur,
1572 1144 1708 1199 patrie

262 1217 411 1257 pacem
459 1202 873 1257 propinquorumque
930 1202 1195 1243 concordiam
1239 1202 1338 1243 fidei
1388 1216 1460 1243 sue
1506 1202 1708 1244 beneficio

264 1260 430 1312 foueat,
463 1263 699 1300 tutamento
734 1259 940 1313 stabiliat,
974 1263 1222 1314 tantumque
1266 1274 1310 1301 se
1340 1260 1382 1300 in
1413 1260 1537 1301 rebus
1569 1259 1708 1302 dome-

263 1318 376 1358 sticis
408 1321 542 1371 gerat,
575 1321 780 1371 quantum
812 1322 956 1371 egerat
988 1319 1030 1358 in
1063 1318 1261 1359 externis.
1323 1316 1492 1359 Adiecit
1528 1332 1708 1373 quoque,

263 1376 457 1428 existere,
482 1375 552 1429 qui
575 1375 690 1429 regie
713 1375 872 1416 familie
895 1376 1114 1417 caritatem
1138 1375 1232 1417 odio
1251 1375 1438 1417 disiicere
1455 1377 1688 1417 niterentur
1697 1390 1708 1429 3

264 1447 307 1474 se
348 1447 448 1474 uero
491 1433 627 1487 plenis
673 1433 931 1474 salubritatis
978 1434 1144 1475 monitis
1190 1433 1409 1488 pestiferos
1454 1434 1602 1475 talium
1648 1434 1709 1475 in-

193 1505 206 1518 0
262 1491 435 1531 stinctus
466 1491 677 1545 pressisse.
730 1491 809 1532 Ille
842 1491 967 1532 deum
999 1492 1277 1546 simplicitatis
1309 1506 1381 1533 sue
1413 1496 1562 1533 testem
1594 1491 1707 1533 affir-

261 1551 362 1600 mat,
395 1562 521 1603 seque
556 1562 680 1589 omne
711 1549 797 1590 uite
820 1553 986 1604 tempus
1008 1550 1251 1590 innocencia
1272 1564 1320 1590 ac
1341 1550 1423 1591 fide
1446 1553 1707 1603 exacturum,

260 1606 541 1660 periculorum
584 1607 791 1660 procellas
833 1608 1030 1662 excipere
1078 1622 1203 1662 quam
1235 1608 1426 1662 infligere
1458 1608 1584 1649 malle
1617 1621 1708 1662 pro-

261 1664 409 1715 mittit,
443 1663 620 1718 odiaque
664 1664 876 1706 beneficiis
908 1680 1182 1720 repensurum
1210 1664 1427 1707 testatu1·.²³²
1486 1665 1581 1718 Illa,
1615 1679 1707 1720 pro-

260 1721 465 1762 missionis
506 1721 705 1762 beneficio
749 1722 984 1776 delectata,
1028 1728 1144 1764 tante
1174 1723 1273 1764 fidei
1304 1738 1493 1765 securam
1525 1737 1631 1778 equo
1663 1737 1705 1765 se

260 1779 397 1820 animo
431 1779 640 1820 obituram
674 1781 863 1821 asseruit.
926 1781 1016 1828 Que
1059 1785 1106 1821 ut
1136 1782 1331 1822 iuuenilis
1368 1782 1526 1823 inuidie
1557 1782 1706 1823 fluctus

259 1836 358 1877 uiua
390 1836 601 1889 cohibuit,
643 1838 702 1878 ita
743 1845 989 1893 consumpta
1027 1839 1201 1879 laxauit.
1262 1838 1373 1880 Nam
1414 1840 1467 1881 ab
1499 1840 1587 1880 eius
1618 1839 1705 1880 fato

259 1894 490 1935 iuuentutis
536 1895 795 1948 inpaciencia
826 1897 1008 1950 primam
1052 1897 1258 1951 propositi
1290 1897 1457 1939 sceleris
1487 1897 1707 1938 licenciam

261 1956 452 1992 mutuata
492 1956 566 1993 est.
632 1952 714 1993 Sed
760 1958 801 1994 et
833 1954 1067 2006 Henricus,
1100 1959 1243 2009 preter
1273 1969 1536 1997 communem
1566 1955 1706 1996 simul-

260 2013 391 2050 tatem
415 2010 548 2050 eciam
571 2011 738 2064 priuata
760 2011 980 2053 Kanutum
1003 2012 1297 2066 indignacione
1330 2026 1512 2067 perosus,
1534 2013 1707 2054 iniectos

259 2067 514 2121 malignitati
545 2082 617 2108 sue
650 2068 788 2110 frenos
821 2070 971 2111 audaci
993 2070 1208 2124 impietate
1231 2070 1434 2113 discussit.
1482 2069 1704 2112 Vbbonem

260 2138 424 2179 quoque
455 2125 689 2179 prefectum
721 2132 762 2168 et
794 2127 1041 2183 Haquinum
1071 2128 1226 2179 filium,
1260 2143 1340 2184 quo
1370 2129 1530 2170 firmius
1562 2129 1704 2169 dolum

260 2187 440 2224 strueret
472 2184 864 2240 prompcioremque
886 2186 1034 2227 sceleri
1060 2186 1222 2227 aditum
1254 2187 1505 2235 conciliaret,
1536 2186 1705 2228 insidia-

261 2254 353 2281 rum
394 2241 620 2295 participes
661 2242 775 2284 facit.
848 2243 908 2284 Hi
939 2248 1037 2296 tres,
1063 2244 1264 2285 eximium
1297 2244 1457 2286 Kanuti
1496 2245 1705 2298 fulgorem

260 2298 426 2340 uirtutis
464 2299 723 2341 emulacione
763 2302 937 2354 pertesi,
977 2316 1108 2356 graue
1150 2302 1356 2343 mendacii
1387 2303 1704 2344 incitamentum

260 2355 484 2397 aduersum
515 2358 796 2399 excellentem
819 2359 909 2400 eius
931 2359 1223 2400 claritudinem
1247 2359 1575 2401 destrinxerunt.
1619 2359 1705 2401 Ita-

260 2427 351 2467 que,
383 2414 770 2466 splendidissimum
804 2418 937 2470 patrie
970 2418 1113 2458 lumen
1144 2417 1398 2459 densissimis
1430 2418 1612 2459 tenebris
1643 2418 1705 2458 in-

258 2471 431 2513 uoluere
476 2473 715 2527 cupientes,
762 2474 866 2514 nihil
918 2489 1014 2515 euin
1065 2475 1175 2529 regis
1222 2476 1309 2516 uite
1360 2475 1704 2531 temporibusque

260 2527 436 2582 deferre,
468 2530 540 2571 sed
571 2531 700 2586 ipsius
733 2531 895 2572 exitum
922 2546 1178 2588 prepropera
1204 2533 1436 2575 ambicione
1459 2547 1704 2588 precurrere

259 2585 429 2642 iamque
456 2587 616 2642 regiam
649 2587 728 2630 sibi
759 2590 998 2643 potenciam
1030 2604 1228 2645 arrogare
1258 2590 1466 2633 dicebant.

393 2645 526 2689 Mouit
555 2660 700 2702 regem
732 2647 841 2689 tanti
872 2652 1134 2709 contemptus
1165 2649 1328 2706 opini0,
1369 2649 1704 2705 denunciataque

1760 522 1787 546 p.
1807 513 1856 539 1531

1761 928 1786 953 p.
1806 919 1856 945 632

1746 1671 1874 1701 CXXV¹
