1884 3126
286 258 365 299 196
859 286 911 291 -
979 259 1041 303 VI
1101 285 1154 291 -

281 384 388 426 laret
431 383 640 437 excubiis,
680 385 965 428 uoluntariam
1010 385 1250 442 uigiliarum
1297 398 1440 427 curam
1487 385 1722 441 amplexus,

281 441 478 484 reductas
501 442 682 484 cubiculi
703 442 816 484 fores
849 444 978 486 obicis
1010 444 1103 486 loco
1136 443 1277 498 gladio
1311 443 1493 496 obserat,
1525 444 1723 485 stacionis

281 515 358 542 sue
400 500 606 542 beneficio
648 514 841 543 securam
881 502 1044 558 nupciis
1084 502 1267 557 quietem
1311 501 1500 542 daturus.
1561 500 1724 556 Exper-

280 563 421 600 rectus
454 558 620 613 HelgO,
665 573 784 613 cum,
829 560 962 601 somni
1000 565 1173 615 stupore
1216 558 1429 611 discusso,
1473 559 1724 614 promissum

234 628 249 653 5
279 616 481 658 memorie
532 616 800 669 subiecisset,
859 618 983 659 armis
1035 631 1189 672 corpus
1234 616 1498 659 induendum
1545 616 1722 658 curauit.

213 917 247 944 10

208 1494 246 1521 ‘20

207 2073 243 2100 30

205 2361 242 2386 35

204 2645 241 2672 40

279 673 637 716 Animaduertens
677 679 840 727 autem,
881 675 1102 730 paruulam
1142 675 1279 717 noctis
1324 674 1463 716 adhuc
1501 688 1722 729 superesse

280 730 548 786 caligi*nem,
593 747 687 773 cum
727 733 952 787 prestolari
996 733 1125 775 uellet
1168 733 1341 774 diluculi
1384 737 1572 787 tempus,
1616 732 1715 773 dum

280 790 418 831 animo
441 790 456 843 Η
480 790 706 845 propinqui
723 790 970 833 discriminis
986 791 1211 846 negocium
1229 791 1460 842 uolutaret,
1480 790 1719 844 obrepentis

277 847 420 888 furtim
443 849 579 889 somni
600 849 812 889 suauitate
834 854 1078 903 preuentus,
1111 854 1337 903 grauatum
1369 853 1542 902 stupore
1573 860 1724 902 corpus

277 905 384 948 lecto
415 906 611 947 restituit.
675 906 813 954 Quem
855 911 902 947 ut
935 905 1232 949 Starcatherus
1273 906 1408 961 prima
1452 906 1547 947 luce
1577 919 1724 960 super-

278 964 453 1005 ueniens
485 962 763 1005 dormientem
794 965 939 1005 uxoris
971 965 1238 1019 amplexibus
1282 964 1476 1006 inherere
1509 963 1723 1018 cognouit,

277 1022 514 1076 importune
560 1022 845 1063 concussionis
891 1023 1086 1064 molestia
1128 1037 1152 1063 a
1195 1022 1345 1077 quietis
1391 1021 1481 1063 ocio
1529 1021 1724 1062 reuocari

277 1093 426 1134 passus
458 1093 542 1120 non
577 1083 654 1132 est,
686 1094 740 1121 ne
770 1093 846 1135 per
876 1080 1092 1135 ignauiam
1124 1079 1338 1122 excitandi
1371 1078 1559 1120 officium
1578 1092 1722 1133 presu-

277 1150 393 1179 mere
426 1142 467 1179 et
500 1142 584 1178 tam
616 1138 796 1179 recentis
829 1139 977 1193 copule
1009 1137 1273 1179 dulcedinem
1305 1136 1573 1190 interpellare
1605 1135 1721 1178 uide-

232 1206 248 1231 5
278 1198 407 1236 retur.
466 1195 590 1236 Solus
622 1195 766 1250 itaque
796 1196 1025 1250 periculum
1058 1200 1214 1251 petere,
1248 1209 1373 1250 quam
1405 1194 1539 1236 aliene
1572 1194 1719 1250 uolup-

278 1253 376 1294 tatis
409 1252 641 1294 offensione
674 1253 869 1295 comitem
902 1267 1077 1308 querere
1111 1253 1340 1309 speciosius
1372 1251 1506 1293 duxit.
1551 1251 1721 1293 Tacitus

277 1311 405 1365 igitur
450 1310 676 1364 uestigium
724 1311 893 1364 retulit,
937 1325 1241 1367 campumque,
1284 1310 1354 1366 qui
1392 1309 1538 1364 lingua
1577 1314 1721 1350 nostra

277 1368 466 1423 Roliung
496 1368 668 1420 dicitur,
709 1383 801 1410 cum
834 1373 1084 1425 contemptu
1123 1368 1464 1410 aduersariorum
1494 1368 1721 1421 ingressus,

277 1425 356 1467 sub
374 1426 528 1467 montis
551 1426 766 1467 cuiusdam
791 1426 898 1468 cliuo
922 1428 1110 1469 sessione
1134 1426 1312 1482 quesita,
1335 1425 1560 1467 aduersum
1582 1426 1721 1467 uentis

276 1497 326 1525 ac
358 1483 524 1525 niuibus
559 1497 710 1539 corpus
742 1485 925 1539 prebuit.
978 1484 1109 1538 Tunc,
1141 1498 1190 1525 ac
1223 1485 1258 1525 si
1287 1497 1420 1525 uerna
1452 1483 1528 1525 celi
1561 1486 1721 1538 tempe-

276 1541 358 1582 ries
389 1542 608 1597 aspiraret,
641 1541 836 1597 deposita
868 1547 1011 1597 ueste,
1057 1541 1272 1584 demendis
1307 1555 1478 1596 operam
1510 1540 1720 1596 pulicibus

278 1599 419 1641 dabat.
481 1599 750 1654 Purpureum
785 1614 964 1656 quoque,
998 1615 1080 1656 quo
1116 1613 1251 1655 nuper
1281 1599 1334 1640 ab
1365 1598 1507 1653 Helga
1539 1598 1719 1640 donatus

276 1656 428 1710 fuerat,
460 1658 648 1699 sentibus
679 1659 905 1700 amiculum
937 1658 1093 1710 iniecit,
1123 1671 1176 1699 ne
1197 1661 1343 1699 contra
1363 1656 1575 1698 seuiencia
1597 1669 1720 1710 gran-

278 1715 385 1756 dinis
424 1715 508 1756 tela
549 1715 894 1758 indumentorum
938 1716 1186 1758 umbracula
1232 1719 1447 1757 mutuatus
1487 1713 1717 1756 uideretur.

229 1784 244 1809 ι’»
275 1772 394 1814 Tunc
415 1773 634 1815 uenientes
671 1774 830 1816 athlete
863 1777 1051 1816 montem
1076 1789 1128 1816 ex
1153 1774 1348 1830 opposito
1372 1773 1569 1825 subeunt,
1596 1786 1718 1813 auer-

278 1845 455 1886 sumque
477 1831 613 1872 uentis
636 1832 810 1873 sedendi
839 1833 978 1874 locum
1010 1836 1215 1887 petentes,
1248 1845 1426 1873 accenso
1458 1830 1590 1885 frigus
1621 1831 1719 1884 igne

276 1889 507 1945 depellunt.
549 1889 759 1944 Denique,
790 1905 875 1932 non
907 1891 997 1931 uiso
1022 1890 1302 1941 Starcathero‚
1332 1888 1541 1943 quendam
1563 1888 1718 1928 montis

275 1947 446 2001 fastigio
488 1948 738 2001 immittunt,
783 1948 853 2003 qui
893 1953 1092 2003 tanquam
1127 1962 1149 1989 e
1181 1947 1355 2002 specula
1393 1946 1591 2001 liquidius
1628 1946 1717 1986 eius

275 2005 629 2061 contemplaretur
659 2006 900 2048 aduentum.
963 2005 1005 2047 ls
1038 2009 1260 2060 postquam
1306 2009 1507 2046 montane
1550 2004 1718 2044 celsitu-

274 2062 381 2104 dinis
426 2064 628 2104 uerticem
675 2063 943 2113 conscendit,
989 2063 1030 2103 in
1075 2063 1241 2104 deuexa
1285 2063 1373 2103 eius
1412 2065 1532 2117 parte
1572 2074 1715 2102 senem

272 2120 487 2175 prospicit,
518 2121 702 2175 scapulis
734 2126 858 2163 tenus
886 2123 891 2171 Ι
919 2121 1049 2162 niuali
1079 2120 1263 2175 desuper
1283 2120 1550 2176 respersione
1572 2122 1714 2160 conte-

274 2181 401 2220 ctum.
462 2178 746 2220 Percontatur
776 2179 932 2235 itaque,
968 2192 1021 2220 an
1052 2179 1086 2219 is
1118 2179 1183 2230 sit,
1215 2179 1286 2233 qui
1317 2178 1542 2233 promissas
1571 2189 1715 2231 pugne

273 2240 414 2291 partes
455 2249 581 2290 agere
622 2236 786 2278 debeat.
851 2236 1045 2292 Cumque
1076 2249 1122 2277 se
1152 2236 1264 2277 hunc
1295 2249 1385 2277 esse
1417 2233 1713 2276 Starcatherus

274 2298 495 2347 astrueret,
529 2294 881 2349 superuenientes
914 2294 1052 2346 ceteri,
1083 2294 1298 2348 pariterue
1329 2306 1475 2334 omnes
1498 2307 1549 2333 an
1573 2291 1714 2345 singil-

272 2352 389 2392 latim
430 2353 625 2406 excipere
664 2353 905 2405 statuisset,
950 2353 1224 2406 interrogant.
1285 2351 1344 2392 At
1383 2351 1481 2403 ille,
1530 2349 1713 2398 Quocies

272 2409 410 2461 michi,
437 2409 584 2465 inquit,
616 2410 735 2451 triste
766 2424 915 2451 canum
947 2423 1101 2465 agmen
1132 2409 1329 2461 oblatrat,
1361 2408 1506 2460 simul,
1538 2421 1621 2448 non
1653 2406 1714 2447 ui-

274 2467 433 2520 cissim,
476 2480 548 2509 eos
590 2467 759 2522 abigere
802 2467 932 2509 soleo.
994 2467 1061 2509 Ita
1093 2481 1137 2509 se
1178 2480 1274 2508 cum
1316 2466 1546 2519 uniuersis,
1587 2477 1713 2520 quam

273 2524 459 2579 singulis,
488 2525 715 2579 confligere
736 2525 862 2566 malle
883 2525 1137 2580 significans,
1169 2524 1434 2565 aduersarios
1456 2523 1570 2578 prius
1593 2522 1713 2563 dictis

274 2582 564 2636 quam'armis
608 2583 937 2624 contemnendos
979 2582 1170 2637 putabat.
1231 2581 1342 2623 Inito
1376 2581 1595 2632 conflictu,
1636 2593 1713 2621 sex

272 2652 418 2681 eorum
461 2640 623 2695 absque
663 2645 807 2682 mutuo
849 2640 1074 2682 uulnerum
1114 2643 1287 2696 receptu
1332 2638 1582 2694 prostrauit3
1627 2641 1712 2678 tres

1787 736 1882 765 ῙΛΧὴ

1783 800 1876 833 (111)
