1884 3126
226 838 257 863 10

291 182 343 222 12
881 180 1124 221 -Ι-

424 305 707 348 Precurrebat
760 306 888 361 igitur
931 307 1124 349 Seioldus
1172 306 1323 348 uirium
1368 305 1723 360 complementum

288 363 414 404 animi
454 363 715 415 maturitate,
757 365 1060 420 conflictusque
1101 365 1250 420 gessit,
1295 378 1470 418 quorum
1515 364 1587 404 uix
1629 377 1721 418 spe-

289 425 422 462 ctator
454 421 507 461 ob
539 421 864 464 teneritudinem
888 437 980 464 esse
1001 426 1183 478 poterat.
1230 422 1281 462 In
1305 435 1388 477 quo
1414 435 1620 462 annorum
1641 421 1724 461 uir-

289 478 476 532 tutisque
525 492 752 532 procursu,
800 480 853 521 ob
895 480 1109 521 Aluildam
1159 480 1379 521 Saxonum
1431 479 1539 533 regis
1583 478 1722 532 filiam,

289 550 414 591 quam
445 550 607 578 summe
638 537 932 590 pulcritudinis
969 538 1127 579 intuitu
1158 538 1417 593 postulabat,
1456 550 1550 577 cum
1582 536 1723 589 Scato,

290 594 549 635 Allemannie
571 599 753 650 satrapa,
786 594 974 636 eiusdem
994 596 1136 650 puelle
1159 595 1450 650 competitore,
1482 593 1723 635 Teutonum

287 652 593 707 Danorumque
625 653 814 694 exercitu
845 654 1130 708 inspectante,
1171 667 1224 694 ex
1255 652 1564 707 prouocacione
1608 651 1724 692 dimi-

286 710 418 750 cauit:
474 709 782 766 interfectoque
830 724 879 752 eo
928 725 1094 753 omnem
1143 710 1489 752 Allemannorum
1541 715 1723 764 gentem,

288 767 460 822 perinde
483 782 530 808 ac
553 766 670 809 ducis
692 769 755 809 sui
778 768 948 810 interitu
972 768 1240 820 debellatam,
1272 767 1492 809 tributaria
1519 767 1723 819 pensione

290 825 542 878 perdomuit.
598 824 677 865 Hic
708 839 790 867 non
815 826 941 867 armis
965 826 1103 876 modo,
1136 840 1284 867 uerum
1307 826 1437 867 eciam
1459 826 1594 880 patrie
1616 825 1721 866 cari-

288 887 374 924 tate
408 883 659 936 conspicuus
694 883 843 925 extitit.
906 883 1124 939 Siquidem
1153 883 1300 938 impias
1333 885 1448 938 leges
1482 883 1722 937 abrogauit,

288 941 494 982 salutares
526 941 635 992 tulit,
679 946 719 982 et
749 941 944 996 quicquid
976 941 1029 982 ad
1060 941 1368 983 emendandum
1404 941 1540 995 patrie
1570 946 1750 985 statum.

288 999 472 1048 attinuit,
505 1012 668 1040 summa
695 998 918 1053 diligencia
938 1001 1132 1054 prestitit.
1188 998 1269 1040 Sed
1303 1003 1345 1040 et
1366 1013 1560 1053 regnum,
1592 999 1724 1053 patris

287 1056 555 1111 improbitate
588 1057 807 1107 amissum,
841 1057 998 1099 uirtute
1029 1057 1308 1111 recuperauit.
1372 1057 1538 1098 Primus
1571 1057 1724 1097 rescin-

225 1126 254 1152 ιε)
285 1114 516 1156 dendarum
535 1115 908 1156 manumissionum
927 1115 1063 1169 legem
1081 1115 1223 1157 edidit.
1265 1114 1400 1167 Serui,
1427 1115 1431 1166 Ι
1461 1128 1584 1169 quem
1615 1113 1724 1155 forte

221 1416 258 1442 ‘20

224 1993 261 2021 30

224 2283 261 2312 35

184 2565 263 2601 '40

288 1172 482 1214 libertate
506 1172 754 1226 donauerat,
782 1172 1048 1214 clandestinis
1066 1173 1224 1214 insidiis
1241 1172 1397 1228 petitus
1415 1185 1554 1213 acrem
1572 1185 1727 1225 penam

290 1231 446 1284 exegit,
480 1236 682 1284 tanquam
704 1231 745 1271 in
769 1231 954 1272 omnium
976 1231 1221 1272 libertorum
1243 1244 1395 1285 penam
1425 1230 1549 1271 unius
1571 1230 1726 1271 crimen

288 1288 523 1329 redundare
565 1302 641 1343 par
682 1293 805 1330 esset.
869 1288 1068 1330 Omnium
1109 1303 1152 1329 es
1195 1288 1376 1330 alienum
1418 1301 1472 1329 ex
1512 1288 1612 1329 fisco
1652 1301 1728 1328 suo

288 1346 502 1398 soluebat,
546 1351 587 1387 et
620 1347 741 1399 quasi
773 1361 868 1387 cum
901 1346 1079 1387 aliorum
1110 1359 1256 1400 regum
1288 1345 1563 1397 fortitudine,
1595 1345 1751 1386 muni--

289 1404 462 1445 ficcncia
496 1417 544 1445 ac
575 1404 829 1446 liberalitate
862 1405 1064 1446 certabat.
1118 1403 1255 1458 Egros
1287 1403 1483 1444 fomentis
1514 1402 1727 1459 prosequi,

289 1461 559 1517 remediaque
602 1463 789 1516 grauiter
838 1461 998 1503 affectis
1041 1462 1262 1516 benignius
1308 1460 1507 1502 exhibere
1552 1460 1728 1513 solebat,

289 1535 335 1562 se
367 1534 452 1561 non
484 1520 561 1572 sui,
594 1519 667 1561 sed
698 1520 835 1575 patrie
857 1533 1000 1560 curam
1022 1519 1257 1574 suscepisse
1279 1522 1471 1560 testatus.
1523 1519 1728 1559 Proceres

289 1593 375 1620 non
408 1578 543 1619 solum
576 1577 815 1619 domesticis
847 1577 1064 1633 stipendiis
1096 1577 1280 1630 colebat,
1314 1576 1386 1618 sed
1420 1576 1552 1617 eciam
1583 1576 1728 1630 spoliis

289 1651 344 1677 ex
375 1635 496 1677 hoste
529 1636 728 1691 quesitis,
770 1632 980 1676 affirmare
1013 1635 1182 1688 solitus,
1227 1634 1447 1690 pecuniam
1480 1633 1533 1675 ad
1564 1633 1728 1688 milites,

219 1705 253 1731 2.-
288 1694 465 1749 gloriam
499 1694 552 1734 ad
586 1693 738 1735 ducem
767 1693 1006 1735 redundare
1041 1693 1212 1735 debere.

431 1751 637 1804 Puellam,
671 1752 788 1793 euius
811 1765 954 1793 amore
977 1751 1235 1803 conflixerat,
1258 1750 1458 1791 acerrimo
1480 1749 1727 1805 nupciarum

290 1808 429 1851 emulo
462 1809 688 1861 liberatus,
719 1810 761 1850 in
792 1823 933 1864 pugne
964 1808 1170 1863 premium
1205 1808 1385 1862 recepit,
1433 1821 1609 1862 eamque
1651 1806 1727 1848 sibi

289 1867 558 1909 matrimonio
590 1867 817 1922 copulauit.
869 1865 935 1907 Ex
967 1881 1050 1922 qua
1079 1879 1213 1921 paruo
1244 1870 1340 1921 post
1373 1869 1563 1920 tempore
1597 1864 1726 1906 Gram

290 1925 422 1966 filium
454 1925 635 1967 sustulit.
698 1924 828 1967 Cuius
859 1924 1031 1966 mirifica
1061 1923 1222 1965 indoles
1245 1924 1305 1965 ita
1326 1926 1525 1978 paternas
1548 1923 1728 1964 uirtutes

289 1982 485 2036 redoluit,
518 1988 563 2024 ut
585 1996 759 2038 prorsus
780 1996 856 2038 per
878 1996 1022 2025 earum
1043 1982 1224 2036 uestigia
1247 1981 1470 2022 decurrere
1492 1984 1727 2036 putaretur.

292 2041 492 2096 Corporis
537 2041 749 2096 animique
788 2040 1134 2097 prestantissimis
1174 2039 1343 2080 dotibus
1382 2038 1591 2094 preditam
1630 2037 1730 2079 ado-

289 2100 541 2141 lescenciam
572 2099 623 2140 ad
658 2113 869 2141 summum
901 2098 1031 2153 glorie
1064 2098 1276 2139 cumulum
1301 2097 1512 2152 perduxit,
1546 2100 1729 2139 tantum-

293 2172 376 2213 que
422 2156 701 2212 magnitudini
761 2157 848 2199 eius
892 2171 916 2197 a
960 2156 1140 2211 posteris
1198 2155 1402 2196 tributum
1456 2159 1544 2204 est,
1599 2158 1646 2195 ut
1689 2154 1729 2194 in

291 2215 590 2257 uetustissimis
631 2214 852 2256 Danorum
894 2214 1146 2256 carminibus
1186 2213 1316 2268 ipsius
1360 2213 1571 2254 uocabulo
1615 2213 1730 2266 regia

292 2273 491 2315 nobilitas
532 2277 765 2314 censeatur.
827 2271 1032 2327 Quicquid
1076 2271 1130 2313 ad
1169 2271 1395 2312 firmandas
1434 2270 1730 2325 acuendasque

292 2332 402 2373 uires
446 2331 620 2384 attinet,
664 2331 865 2372 acerrima
904 2330 1061 2380 ingenii
1100 2327 1479 2383 ex[c]ercitacione
1507 2328 1730 2369 tractabat.

298 2389 337 2430 A
369 2388 676 2443 gladiatoribus
715 2387 875 2430 uitandi
914 2386 1207 2443 inserendique
1248 2387 1355 2428 ictus
1387 2385 1731 2428 consuetudinem

299 2446 490 2488 studioso
515 2446 710 2489 exercicii
730 2459 886 2501 genere
909 2445 1196 2488 contrahebat.
1242 2443 1495 2486 Educatoris
1517 2443 1581 2484 sui
1602 2443 1732 2485 Roari

299 2505 444 2556 filiam,
467 2518 643 2547 coenam
664 2503 741 2546 sibi
763 2504 1107 2559 collacteamque,
1139 2516 1222 2558 quo
1245 2502 1447 2544 maiorem
1468 2500 1733 2543 incunabulis

297 2563 481 2619 graciam
513 2562 705 2618 referret,
735 2576 914 2604 uxorem
935 2561 1104 2613 adciuit,
1137 2574 1261 2618 quam
1290 2559 1579 2617 postmodum
1599 2558 1733 2602 Besso

1758 1765 1785 1790 p.
1804 1758 1818 1782 2

1800 1122 1835 1149 21')
