1884 3126
249 856 285 883 10

246 1144 282 1169 15

242 1433 278 1459 20

239 2010 276 2037 30

238 2299 274 2326 35

322 196 402 238 33ss
910 193 1172 236 —X—

321 335 483 364 summa
535 319 725 373 cederet,
785 321 912 362 saluti
962 321 1093 376 ipsius
1143 320 1403 376 parcendum
1453 322 1754 365 existimarent.

321 379 607 428 Quamobrem
650 392 753 433 opes
795 379 898 430 eius,
948 393 1027 421 non
1075 381 1237 420 exitum
1276 380 1481 429 sicientes,
1523 385 1757 434 egestatem

319 452 438 479 suam
470 450 597 478 censu
629 436 755 477 solari
786 449 914 491 quam
945 437 1151 489 sanguine
1182 437 1431 478 maluerunt.

455 493 545 535 Nec
596 499 736 535 tamen
789 508 891 548 erga
944 495 1202 536 desertorem
1252 507 1470 535 sacrorum
1523 495 1756 550 principem

317 552 457 593 diuine
490 552 769 607 correpcionis
801 551 936 593 aculei
966 552 1233 606 quieuerunt.
1295 551 1403 593 Nam
1437 551 1623 594 Suetiam
1652 567 1756 608 quo—

318 624 399 664 quc
433 609 650 651 Danorum
693 609 818 650 rebus
860 608 1054 650 infestam
1097 609 1248 652 fecere.
1312 609 1440 651 Cuius
1478 625 1553 651 rex
1596 610 1755 662 Ericus,

317 680 527 721 agnomen
573 681 598 708 a
635 667 823 709 uictoriis
863 671 1092 721 mutuatus,
1133 681 1208 722 per
1242 667 1477 708 Harald‘um
1507 668 1754 722 iamprid‹·m

319 726 444 764 latam
508 723 797 780 Sty<r>biorno
858 725 1060 767 aduersus
1124 726 1313 767 Sueones
1373 739 1498 780 opem
1548 727 1754 767 memorie

317 783 539 824 subiiciens
589 796 791 837 perquam
841 783 1027 837 grauiter
1072 783 1113 823 in
1160 782 1367 824 Suenonis
1414 787 1541 838 caput
1583 785 1751 825 exarsit.

316 841 461 894 thue
512 840 576 881 sui
626 839 857 881 uindictam
908 845 1143 895 perageret,
1195 841 1429 882 exercitum
1479 841 1520 881 in
1570 841 1751 883 Daniam

316 898 496 951 traiecit,
529 898 852 953 expugnacione
873 898 948 938 filii
969 899 1155 953 parentis
1178 912 1335 938 noxam
1356 911 1536 952 pensare
1564 900 1752 953 cupiens.

317 957 567 1010 Quanquam
614 956 723 997 enim
773 970 865 996 eum
914 956 1100 997 arcciore
1151 956 1328 996 materni
1373 956 1587 1011 sanguinis
1638 970 1753 997 nexu

314 1013 592 1068 contingeret,
624 1014 726 1053 iram
749 1017 890 1054 tamen
913 1013 1107 1054 affinitati
1130 1014 1317 1068 pretulit,
1347 1027 1397 1055 eo
1420 1014 1592 1068 quidem
1624 1013 1752 1055 fidene

314 1071 413 1122 cius,
445 1070 558 1126 quod
590 1070 798 1113 Suenonis
829 1070 1041 1112 fortunam
1073 1072 1213 1126 sepius
1245 1085 1389 1125 egram
1421 1076 1548 1126 atque
1576 1072 1749 1113 fractam

314 1143 363 1170 ac
395 1128 550 1170 crebris
581 1128 930 1170 detrimentorum
971 1129 1204 1169 incursibus
1246 1129 1497 1182 lacessitam,
1539 1143 1657 1170 suam
1688 1130 1750 1170 iu-

314 1187 422 1241 giter
452 1187 492 1227 in
532 1200 696 1227 summo
738 1186 951 1228 felicitatis
981 1189 984 1237 Ι
1013 1186 1181 1228 cardine
1212 1192 1426 1228 uersatam
1459 1191 1649 1229 nouerat.
1710 1188 1748 1228 A

314 1259 393 1299 quo
426 1244 565 1285 Sueno
611 1244 721 1286 bello
765 1244 939 1285 Scanico
983 1244 1133 1294 uictus,
1179 1245 1327 1285 relicta
1368 1245 1617 1286 excellentis
1660 1244 1750 1300 pul-

314 1301 529 1343 critudinis
565 1301 647 1342 filia
669 1301 809 1352 Thira,
842 1302 934 1343 auie
968 1316 1121 1342 nomen
1144 1300 1367 1353 referente,
1391 1302 1491 1357 (que
1513 1315 1595 1356 qua
1615 1307 1749 1343 matre

314 1365 404 1400 orta
444 1359 584 1408 fuerit,
621 1359 807 1413 ignoro,)
852 1359 1037 1400 Olauum
1078 1358 1303 1413 Tliirgonis
1347 1359 1492 1413 filium,
1534 1359 1749 1414 Noruagie

310 1418 498 1472 regimen
529 1422 760 1472 gerentem,
793 1417 920 1458 exilio
954 1418 1116 1471 petiuit,
1149 1431 1200 1458 eo
1233 1416 1400 1472 quidem
1433 1417 1626 1472 ampliori
1657 1431 1749 1472 spe,

312 1474 425 1530 quod
457 1479 618 1530 patrem
653 1475 740 1516 eius
773 1475 1018 1530 iampridem
1052 1488 1183 1529 regno
1217 1480 1411 1516 exactum
1444 1474 1623 1516 Haraldi
1655 1489 1745 1516 suc-

310 1547 433 1574 cursu
464 1533 785 1575 restitucionem
828 1533 1074 1587 impetrasse
1106 1533 1369 1574 meminerat.
1430 1532 1472 1573 Is
1505 1546 1747 1588 quanquam

309 1590 427 1644 regio
480 1590 667 1631 nondum
713 1590 835 1632 titulo
885 1594 1140 1642 censeretur,
1191 1590 1316 1644 regiis
1363 1595 1503 1632 tamen
1555 1591 1746 1646 partibus

309 1649 435 1703 pleno
485 1647 798 1703 procuracionis
850 1647 988 1688 officio
1040 1647 1311 1702 fungebatur.
1394 1648 1487 1696 Quo
1541 1648 1745 1690 beneficio

263 1723 273 1729 ·
310 1720 547 1761 quanquam
594 1705 804 1758 obligatus
856 1709 966 1747 esset
1013 1705 1189 1758 Olauus,
1237 1706 1508 1747 nihilominus
1559 1706 1746 1747 debitam

310 1764 438 1820 patris
471 1764 561 1805 eius
592 1764 751 1805 meritis
782 1764 964 1818 graciam
997 1763 1152 1804 referre
1184 1764 1416 1817 negligens,
1449 1763 1676 1819 profugum
1697 1777 1746 1805 ac

310 1822 542 1876 supplicem
565 1822 737 1877 spreuit,
752 1821 984 1876 omniaque
1006 1825 1223 1862 momenta
1244 1822 1375 1876 petite
1406 1822 1495 1877 opis
1519 1822 1746 1876 abnegans,

310 1880 468 1922 nullum
500 1893 609 1934 pene
642 1880 791 1920 misero
823 1879 1070 1932 suffragium
1101 1879 1278 1934 prebuit.
1321 1879 1470 1934 Neque
1495 1880 1607 1920 enim
1629 1880 1746 1920 exuli

310 1938 526 1990 succurrit,
554 1951 631 1979 nec
654 1942 905 1991 aspernatur
929 1936 1047 1977 illum
1076 1950 1099 1977 a
1130 1950 1174 1977 se
1197 1937 1356 1992 repelli,
1388 1952 1410 1978 a
1433 1938 1550 1978 cuius
1570 1941 1744 1992 parente

306 2011 406 2037 suus
437 1995 570 2051 patrie
603 1994 792 2036 redditus
825 1995 974 2035 fuerat.
1038 1993 1167 2035 Cuius
1212 1995 1380 2049 repulse
1414 1994 1557 2036 Sueno
1600 2000 1745 2036 contu-

307 2054 432 2095 melia
464 2053 729 2107 suggillatus,
762 2053 811 2094 ad
831 2052 1069 2106 Anglorum
1097 2051 1274 2107 presidia
1311 2052 1567 2094 conuolauit.
1631 2052 1743 2100 Quo-

308 2126 403 2152 rum
434 2125 509 2153 rex
533 2110 791 2164 Ethuardus,
826 2114 936 2151 etate
967 2108 1021 2149 ad
1052 2110 1223 2150 modum
1258 2115 1417 2163 tenera,
1449 2108 1603 2164 aulxilii
1634 2111 1742 2165 peti-

308 2173 448 2211 torem
479 2168 722 2210 ambicionis
755 2172 852 2209 nota
882 2167 1074 2222 perculit,
1106 2168 1362 2217 existimans,
1393 2182 1478 2208 non
1499 2173 1586 2209 tam
1617 2181 1740 2223 opem

307 2240 331 2267 a
362 2225 546 2281 profugo
577 2226 678 2282 peti,
714 2239 837 2280 quam
869 2224 984 2266 exilii
1016 2225 1288 2267 simulacione
1318 2238 1495 2279 regnum
1527 2240 1551 2266 a
1585 2225 1737 2266 callido

304 2284 461 2339 repeti3
494 2283 751 2338 fortuneque
782 2283 969 2338 inopiam
1000 2288 1296 2336 argumentum
1335 2284 1495 2324 astucie
1526 2287 1738 2338 reputans,

307 2341 510 2383 obseratis
555 2342 723 2383 exulem
775 2341 946 2381 auribus
990 2345 1211 2382 auersatus
1259 2345 1334 2382 est.
1395 2340 1515 2382 Adeo
1561 2346 1739 2396 paterna

306 2399 484 2441 felicitas
515 2404 752 2455 suspectam
777 2398 863 2445 nati
888 2397 1096 2438 miseriam
1125 2397 1296 2440 fecerat.
1327 2398 1396 2439 Ita
1417 2399 1589 2453 maligni
1612 2397 1738 2439 animi

307 2456 483 2499 ducibus
528 2471 625 2512 spes
671 2471 768 2498 suas
813 2463 1045 2510 precesque
1090 2454 1411 2507 frustrantibus,
1463 2457 1505 2497 in
1553 2456 1738 2498 Scotiam

306 2515 534 2570 profectus,
567 2514 853 2564 clemenciam,
895 2527 1019 2569 quam
1059 2513 1100 2554 in
1146 2514 1360 2568 aliquanto
1401 2514 1571 2555 miciore
1613 2518 1738 2568 gente

237 2571 274 2599 ⁴⁰
301 2586 387 2614 non
431 2573 599 2629 reperit,
645 2571 756 2628 apud
810 2569 985 2616 efferata
1039 2570 1314 2613 barbarorum
1369 2572 1540 2627 ingenia
1592 2571 1735 2614 sensit.

1808 1204 1836 1228 p.
1853 1196 1884 1224 49
