1884 3126
275 881 307 906 10

267 1458 308 1484 ‘20

265 2035 301 2062 30

266 2325 302 2352 35

265 2612 300 2640 40

347 228 429 269 512
881 247 931 253 -—
993 222 1131 265 XIIII
1192 249 1244 255 -

347 351 600 407 ceptallest.
674 349 887 401 Antistes,
934 363 1027 390 cum
1078 353 1198 404 parte
1249 350 1463 403 copiarum
1508 348 1781 403 longinquam

344 410 526 463 legionis
569 408 739 462 plagam
782 407 952 448 diuerso
998 407 1246 472 complexus
1285 407 1458 459 itine1e,
1498 419 1549 446 eo
1590 407 1781 447 locorum

344 470 617 521 peruenerat,
661 469 704 505 ut
736 479 760 505 a
800 465 916 519 regia
961 465 1135 506 cohorte
1176 464 1329 506 eximie
1360 463 1527 518 paludis
1558 464 1782 506 interiectu

345 525 529 564 distaret
591 522 657 562 De
691 522 807 562 cuius
840 522 892 562 ad
925 522 1130 563 modum
1120 536 1286 563 lnCOSSu
1310 521 1476 574 dubius,
1509 535 1559 562 ne
1593 520 1779 576 direptos

341 595 365 621 a
397 595 441 621 se
474 581 589 621 uicos
623 580 742 620 exuri
774 583 1003 634 pateretur,
1036 581 1187 622 illustri
1221 579 1395 620 consilio
1428 579 1626 634 prouidit.
1671 579 1780 620 Tan-

343 638 434 678 dem
478 637 623 691 procul
663 637 782 690 ignes
815 651 839 678 a
869 651 969 692 rege
1002 637 1139 679 editos
1172 637 1460 691 conspicatus,
1500 637 1576 677 sibi
1609 651 1780 692 quoque

341 695 566 735 consimilis
611 695 709 735 facti
755 699 1012 750 potestatem
1059 699 1305 750 suppetere,
1364 695 1609 747 confestim,
1663 695 1778 736 illato

341 753 461 794 tectis
492 751 697 803 incendio,
731 752 972 804 declarauit,
1004 754 1210 807 sociisque
1253 753 1316 794 sui
1347 753 1672 807 prosperitatem
1708 768 1780 794 ex-

342 824 497 861 cursus,
531 823 721 864 resperso
756 811 932 851 flammis
964 825 1072 863 rure,
1106 810 1389 852 nunciandam
1421 812 1597 852 curauit.
1651 809 1775 852 Oum-

339 882 420 922 que
451 867 625 922 predam
666 867 833 909 abunde
874 873 1012 910 actam
1057 868 1392 919 existimassent,
1436 869 1515 909 iter
1554 868 1606 908 ad
1647 882 1778 909 naues

339 926 531 978 remensi,
564 939 802 981 quanquam
835 926 984 980 grandi
1015 926 1195 968 inuicem
1230 940 1254 967 a
1288 940 1333 967 se
1364 925 1592 968 intersticio
1625 925 1779 967 disces-

338 983 499 1035 sissent,
532 984 709 1037 uestigia
741 989 883 1025 tamen
914 998 1004 1037 sua,
1027 998 1110 1039 quo
1133 985 1271 1026 minus
1303 984 1587 1026 clandestinos
1619 983 1778 1025 reditus

339 1046 532 1096 captasse
548 1041 804 1093 uiderentur,
816 1055 926 1083 neue
942 1043 1048 1083 alter
1063 1042 1242 1083 alterum
1254 1043 1490 1097 impetuosa
1503 1041 1779 1083 festinacione

338 1104 613 1154 precurreret,
648 1100 803 1140 mutuis
835 1100 993 1153 ignium
1026 1099 1210 1154 fumigiis
1250 1099 1543 1155 prodiderunt.
1603 1099 1778 1142 Interea

291 1171 307 1196 5
339 1157 539 1212 Skyalmo
584 1157 776 1211 quidam,
825 1162 1102 1211 cognomento
1146 1158 1377 1209 Barbatus,
1428 1157 1470 1197 in
1521 1158 1778 1198 asseruande

339 1215 481 1256 classis
523 1214 705 1256 officium
749 1215 942 1269 relictus,
986 1229 1060 1265 ne,
1105 1215 1243 1257 hostili
1274 1215 1449 1269 remigio
1491 1215 1777 1270 preueniente,

338 1274 470 1313 amnis
505 1273 622 1314 exitu
655 1272 968 1327 prohiberetur,
1013 1274 1063 1313 ad
1100 1288 1214 1314 mare
1258 1273 1430 1327 nauigia
1461 1273 1635 1314 reducit.
1697 1272 1779 1313 Vbi

337 1330 438 1371 dum
470 1330 763 1384 Rugianorum
796 1331 936 1371 nauali
968 1331 1256 1373 incursacione
1287 1334 1518 1386 peteretur,
1549 1331 1591 1371 in
1623 1344 1777 1385 paucas

337 1393 449 1428 rates
500 1389 635 1429 tocius
688 1389 832 1430 classis
883 1389 1113 1443 presidium
1166 1390 1385 1442 transfert,
1433 1388 1776 1429 instruccioribus

339 1459 462 1500 quam
485 1446 846 1500 frequencioribus
870 1447 1050 1501 nauigiis
1073 1446 1266 1488 hostibus
1284 1460 1504 1488 occurrere
1520 1444 1774 1501 p1·eoptans.{

339 1504 501 1551 Quibus
536 1505 662 1544 obuia
696 1505 974 1558 nauigacione
1014 1504 1193 1559 fugatis,
1236 1519 1289 1544 ne
1336 1505 1546 1544 sociorum
1588 1505 1775 1546 reuersio

336 1561 496 1602 tardius
514 1561 691 1615 nauigiis
715 1563 995 1617 exciperetur,
1021 1564 1174 1603 omissa
1196 1562 1472 1616 fugitancium
1495 1561 1774 1605 insecucione.

335 1626 504 1673 portum
535 1620 692 1660 reuisit.
739 1619 898 1661 Iterato
930 1620 1165 1671 lacessitus,
1198 1620 1347 1661 eodem
1379 1634 1484 1660 ausu
1508 1619 1773 1660 inuasoribus

336 1676 642 1718 1··‹stitit.Sed
676 1682 716 1718 et
749 1679 1004 1743 οοΗηῳΙιιιίθε
1037 1682 1296 1731 attentatus,
1330 1679 1475 1718 crebra
1507 1677 1690 1718 hostium
1721 1679 1774 1718 ir-

288 1747 300 1772 :
336 1734 559 1776 ritamenta
594 1736 901 1777 occursacionis
928 1736 1257 1801 pelseucrancia
1288 1735 1517 1790 superauit.
1578 1735 1643 1775 Ita
1681 1749 1773 1789 per-

335 1793 461 1833 tinaci
506 1794 638 1846 magis
680 1807 806 1848 quani
848 1795 938 1848 agri
979 1793 1268 1835 incursacione
1300 1800 1498 1845 uexatus,
1532 1799 1773 1857 opportuna

334 1851 498 1892 hostem
549 1851 785 1905 agitacione
830 1851 1061 1907 premebat.
1142 1851 1258 1893 Inter
1305 1852 1380 1892 hec
1431 1851 1521 1905 regi
1566 1851 1607 1891 in
1655 1851 1772 1892 littus

333 1909 649 1963 superuenienti
682 1923 765 1950 non
787 1923 828 1964 p
819 1924 920 1950 aruc
943 1909 1233 1951 ammiracioni
1255 1908 1559 1961 fuit,n1uigiis
1583 1908 1771 1950 custodia

332 1966 603 2019 uacantibus,
641 1968 789 2008 abesse
834 1967 1149 2022 Skyalmonem.
1212 1941 1348 2014 Queni
1390 1967 1562 2008 tandem
1603 1966 1655 2007 ab
1687 1967 1772 2020 agi-

332 2024 497 2065 tacione
529 2025 776 2065 redeuntem
819 2030 961 2067 cetero
1001 2030 1252 2079 prosecutus
1295 2025 1504 2075 exercitu,
1536 2023 1771 2077 Rugianos,

332 2082 475 2136 fugam
499 2095 523 2122 a
543 2082 718 2135 remigio
743 2087 998 2133 mutuantes,
1021 2083 1210 2124 uelorum
1233 2082 1469 2123 intensione
1487 2083 1769 2136 prosequitur.

334 2138 416 2180 Sed
468 2139 691 2180 interuallo
744 2141 1022 2195 precessionis
1075 2144 1116 2181 et
1165 2140 1419 2181 uolucritate
1480 2139 1770 2193 nauigacionis

333 2197 498 2238 adiutos
529 2197 722 2239 instando
754 2198 885 2252 magis
926 2212 1050 2253 quam
1090 2198 1337 2253 occupando
1382 2197 1579 2238 uexabat.
1653 2196 1770 2238 Tunc

335 2255 544 2309 quendam
577 2255 713 2297 uicine
754 2258 856 2297 ratis
896 2262 1101 2297 rectorem
1142 2256 1182 2296 in
1215 2256 1468 2296 anteriorem
1508 2255 1663 2309 nauigii
1705 2256 1769 2296 sui

332 2317 493 2367 partem
522 2312 780 2354 fortitudinis
813 2314 1085 2354 simulacione
1119 2326 1391 2368 progressum
1423 2312 1643 2367 aspiciens,
1677 2326 1769 2353 uer-

335 2371 482 2424 bisque
514 2384 706 2425 magnam
750 2384 822 2425 pre
863 2385 906 2412 se
947 2370 1114 2412 laudem
1145 2370 1378 2412 ferentibus
1411 2374 1681 2424 prosecutus,
1714 2370 1766 2410 ad

334 2428 548 2480 ultimum,
593 2441 839 2483 quecunque
885 2429 975 2469 uiro
1022 2428 1121 2469 forti
1167 2432 1465 2482 erogarentur,
1511 2428 1683 2481 egregie
1727 2433 1767 2469 ct

332 2485 599 2527 laudabiliter
628 2487 817 2541 impensa
849 2486 1134 2527 asseuerabat.
1196 2486 1264 2527 Ad
1296 2485 1487 2527 ultimum
1531 2493 1658 2526 uento
1693 2485 1765 2526 ob-

334 2543 519 2597 liquante
542 2544 792 2598 prohibitus,
816 2549 1020 2598 quantum
1041 2544 1146 2585 uelis
1169 2558 1362 2585 emensus
1385 2543 1537 2591 fuerat,
1561 2556 1767 2584 conuersa

330 2602 617 2654 nauigacione,
648 2605 860 2644 remorum
893 2601 1095 2657 obsequio
1126 2606 1286 2657 pensat.
1351 2600 1433 2641 Sed
1467 2614 1549 2655 quo
1592 2614 1766 2656 prospe-

1843 361 1884 394 (22
