1884 3126
226 884 258 910 10

228 1174 258 1200 15

226 1463 264 1490 20

226 2041 263 2067 :30

229 2618 268 2646 40

290 224 369 264 136
878 245 922 250 ——
990 220 1029 262 V
1095 246 1143 251 -—

290 349 435 406 regine
465 347 726 392 sentenciam
768 347 962 391 consulit.
1037 347 1130 396 Que
1167 347 1346 390 suadere
1379 348 1511 403 cepit,
1551 361 1604 389 ne
1644 346 1733 403 ipse

290 408 397 464 legis
428 421 453 449 a
483 421 529 449 se
559 406 643 448 late
681 410 889 449 statutum
920 406 1120 456 solueret,
1152 420 1234 462 qua
1277 405 1616 448 transmissorum
1657 404 1734 447 sibi

290 479 511 507 munerum
550 463 787 521 perditores
831 467 966 506 morte
1014 463 1279 506 mulctandos
1326 463 1520 505 cauisset.
1595 462 1735 505 Ceteri

290 538 462 580 quoque
485 523 700 566 decretam
731 522 826 577 lege
856 535 1009 578 penam
1031 521 1326 564 remittendam
1360 536 1453 564 esse
1481 518 1733 576 negabant!

289 582 442 637 Itaque
464 596 554 634 rex,
586 579 781 636 supplicii
811 579 1108 622 necessitatem
1131 579 1357 622 admittere
1383 578 1582 633 monitus,
1615 577 1738 620 Colo·

289 654 385 681 nem
416 639 569 695 laqueo
604 637 795 680 consumi
824 637 1027 693 permisit.

427 697 596 740 Deinde
626 695 792 738 Frotho
825 694 994 737 Ericum
1023 695 1179 750 alloqui
1211 695 1270 737 sic
1296 709 1415 737 orsus
1437 699 1522 737 est:
1556 693 1635 747 Tu,
1667 694 1736 750 qui

289 756 517 799 uerborum
562 756 675 797 fastu
717 768 766 796 ac
806 753 1022 809 phalerate
1066 754 1184 795 uocis
1234 753 1525 795 ostentacione
1560 752 1740 804 lasciuis,

291 813 405 856 unde
449 814 535 856 huc
566 817 607 855 te
650 817 724 855 aut
755 826 829 853 cur
858 811 1116 853 aduentasse
1154 811 1493 853 commemoras?
1554 810 1622 852 Ad
1662 809 1740 851 hec

291 871 470 914 Ericus:
511 872 551 914 A
582 870 784 913 Renneso
813 869 965 925 prodii,
1001 868 1229 924 sedemque
1259 868 1373 924 apud
1406 868 1592 925 lapidem
1634 869 1739 924 cepi.

293 930 449 973 Contra
479 929 667 972 Frotho:
702 927 797 976 Quo
820 926 973 969 deinde
1005 926 1273 980 concesseris,
1304 941 1424 982 rogo.
1472 925 1550 968 Cui
1571 925 1739 968 Ericus:

290 987 458 1031 Diuerti
490 1002 515 1030 a
547 986 688 1043 lapide
720 985 840 1027 trabe
871 988 1032 1038 uectus,
1063 984 1381 1040 identidemque
1413 983 1528 1040 apud
1558 983 1739 1040 lapidem

289 1046 432 1088 locum
464 1046 572 1103 cepi.
635 1043 702 1086 Ad
734 1043 815 1085 hec
846 1042 1029 1085 Frotho:
1064 1042 1277 1091 Quorsum
1311 1041 1408 1084 inde
1439 1055 1608 1084 cursum
1634 1041 1741 1084 dire-

292 1104 433 1155 xeris,
471 1108 545 1145 aut
578 1102 648 1145 ubi
690 1106 732 1143 te
763 1115 916 1157 uesper
948 1101 1186 1157 exceperit,
1219 1115 1364 1157 queso.
1425 1099 1534 1141 Tum
1566 1099 1739 1142 Ericus:

290 1161 516 1204 Profectus
539 1176 564 1203 a
584 1163 705 1217 petra
736 1158 789 1201 ad
813 1173 964 1201 saxum
996 1160 1185 1215 perueni,
1215 1158 1404 1213 itemque
1421 1157 1533 1213 apud
1556 1157 1740 1213 lapidem

293 1219 432 1263 cubui.
496 1219 576 1261 Cui
613 1217 794 1261 Frotho:
837 1216 997 1259 Creber
1038 1216 1124 1258 illic
1165 1216 1356 1259 caucium
1396 1229 1596 1258 numerus
1639 1220 1741 1257 erat.

290 1277 361 1319 Ad
404 1277 484 1320 hec
526 1276 702 1320 Ericus:
762 1274 958 1316 Crebrior
1009 1274 1168 1317 harena
1223 1279 1421 1329 patenter
1474 1273 1741 1329 conspicitur.

293 1336 453 1379 Contra
483 1334 674 1377 Frothoz
708 1332 819 1382 Quid
839 1332 913 1374 tibi
943 1332 1111 1388 negocii
1132 1333 1275 1385 fuerit,
1306 1336 1380 1374 aut
1406 1346 1607 1387 quorsum
1628 1332 1742 1373 illinc

294 1393 589 1447 declinaueris,
624 1392 745 1434 refer.
815 1390 924 1432 Tum
966 1390 1140 1433 Ericus:
1183 1390 1407 1432 Profectus
1438 1405 1463 1431 a
1494 1393 1616 1445 petra
1654 1388 1742 1431 del-

295 1451 471 1507 phinum
504 1451 735 1493 cursitante
757 1448 928 1504 nauigio
960 1448 1141 1505 repperi.
1196 1447 1275 1490 Cui
1298 1448 1486 1490 Frotho:
1518 1447 1608 1489 Iam
1631 1461 1744 1489 noua

294 1508 557 1566 prompsisti,
601 1521 842 1564 quanquam
890 1511 1103 1562 utrunque
1144 1505 1295 1548 horum
1335 1505 1374 1548 in
1407 1505 1511 1546 mari
1544 1505 1742 1561 frequens

290 1568 365 1616 sitz,
407 1566 479 1609 sed
526 1566 677 1618 uelim,
721 1564 813 1621 quis
844 1568 884 1606 te
915 1563 1101 1618 {deinde
1141 1568 1295 1606 trames
1328 1562 1566 1612 abduxerit,
1604 1577 1741 1605 nosse.

291 1624 359 1666 Ad
401 1625 482 1667 hec
521 1624 694 1667 Ericus:
743 1622 782 1665 A
824 1622 1024 1678 delphino
1073 1621 1317 1677 delphinum
1361 1620 1506 1678 petiui.
1584 1621 1741 1663 Contra

292 1682 477 1725 Frotho:
529 1682 754 1738 Frequens
800 1680 884 1722 illic
935 1679 1232 1735 delphinorum
1285 1683 1347 1721 est
1399 1693 1563 1734 agmen.
1634 1678 1742 1720 Tum

222 1753 258 1779 ‘25
294 1740 462 1783 Ericus:
513 1739 802 1795 Frequencius
844 1737 966 1780 undis
1008 1738 1185 1781 innatat.
1259 1737 1337 1779 Cui
1384 1736 1569 1778 Frotho:
1618 1736 1744 1778 Libet

293 1799 422 1851 scire,
473 1812 556 1853 quo
600 1802 642 1841 te
685 1811 709 1839 a
753 1795 960 1852 delphinis
1006 1796 1343 1851 proficiscentem
1389 1795 1459 1837 uie
1506 1794 1745 1850 raptauerit

293 1856 426 1898 labor.
490 1856 557 1898 Ad
591 1856 669 1898 hec
698 1855 868 1899 Ericus:
918 1853 1162 1896 Arborcum
1203 1867 1305 1895 mox
1336 1857 1530 1895 truncum
1574 1851 1744 1895 offendi.

295 1914 454 1957 Contra
495 1913 681 1956 Frotho:
727 1913 940 1961 Quorsum
983 1915 1079 1967 post
1119 1911 1198 1953 hec
1236 1911 1316 1952 iter
1359 1909 1523 1953 emetiri
1566 1908 1745 1965 cepisti?

293 1972 403 2015 Tum
435 1971 608 2014 Ericus:
640 1971 680 2014 A
710 1974 861 2012 trunco
892 1969 944 2010 ad
978 1970 1165 2025 stipitem
1198 1968 1398 2011 concessi.
1452 1967 1530 2009 Cui
1561 1967 1744 2010 Frotho:

296 2029 514 2085 Frequens
535 2029 620 2071 illic
643 2028 865 2071 arboribus
887 2028 1007 2069 locus
1031 2027 1187 2071 existit,
1219 2040 1311 2068 cum
1338 2025 1551 2081 hospitum
1574 2030 1743 2068 tuorum

295 2087 419 2131 sedes
462 2092 547 2129 tam
591 2087 738 2130 crebro
781 2091 1029 2128 truncorum
1074 2085 1242 2127 nomine
1294 2084 1600 2139 complectaris.
1675 2082 1742 2124 Ad

295 2145 373 2188 hec
403 2145 579 2188 Ericus:
611 2143 897 2199 Frequencior
923 2142 1169 2185 nemoribus
1198 2142 1323 2184 inest.
1378 2141 1538 2183 Contra
1560 2140 1744 2182 Frotho:

297 2204 394 2253 Quo
425 2203 579 2245 deinde
610 2202 838 2258 uestigium
864 2200 1101 2257 pertuleris,
1134 2200 1227 2242 ede.
1278 2199 1386 2241 Tum
1419 2197 1589 2240 Ericus:
1620 2198 1744 2240 Iden-

297 2260 426 2304 tidem
468 2261 522 2302 ad
563 2265 713 2303 trunca
753 2260 955 2301 siluarum
999 2257 1152 2299 robora
1208 2256 1449 2313 penetraui3
1494 2270 1561 2298 me
1602 2260 1743 2298 autem

248 2330 264 2356 5
287 2319 380 2361 illic
398 2319 702 2375 acquiescente,
727 2316 905 2359 exaciati
929 2315 1125 2358 humanis
1142 2314 1532 2369 cadaueribus-lupi
1549 2327 1745 2369 suprema

299 2377 480 2419 telorum
514 2376 709 2419 acumina
739 2373 1064 2417 collambebant.
1127 2373 1193 2415 Ibi
1223 2371 1363 2428 cuspis
1394 2387 1419 2414 a
1449 2371 1601 2414 robore
1631 2371 1744 2426 regis

299 2449 479 2477 excussa
522 2439 609 2488 est,
651 2432 837 2475 Fridleui
880 2445 1027 2487 nepos
1101 2430 1179 2473 Cui
1211 2429 1398 2472 Frotho:
1445 2429 1589 2471 Hereo
1621 2428 1745 2470 alter·

298 2492 480 2535 cacionis
512 2506 685 2548 anceps,
717 2504 811 2532 cum
835 2488 1094 2532 intellectum
1121 2502 1261 2531 meum
1285 2487 1465 2530 obscura
1495 2486 1548 2529 ad
1572 2486 1743 2528 modum

298 2549 479 2606 ambage
504 2549 726 2597 fefelleris.
787 2547 856 2590 Ad
889 2547 968 2590 hec
997 2546 1167 2589 Ericus:
1210 2544 1426 2587 Premium
1459 2560 1484 2586 a
1514 2548 1556 2587 te
1587 2543 1743 2600 peracti

298 2607 536 2651 certaminis
578 2606 734 2660 merui,
778 2605 843 2648 cui
887 2604 966 2650 sub
1002 2604 1223 2648 inuolucro
1266 2602 1446 2661 quedam
1489 2602 1601 2644 haud
1644 2601 1744 2645 satis

1815 601 1823 610 .
1841 582 1884 609 205
