1884 3126
196 847 232 873 10

195 1135 230 1163 15

193 1424 231 1452 20

192 1713 230 1740 25

135 1971 230 2027 ¹30

191 2288 228 2315 35

193 2575 229 2605 40

260 174 343 232 278
735 179 740 187 “
811 217 864 223 -
926 189 1034 232 vm
1094 217 1148 224 .-

262 318 580 372 pereussoribus
631 331 856 371 regnorum
908 317 1116 359 successio
1167 318 1336 360 decreta
1387 318 1526 360 fuerit.
1571 317 1696 370 {Diu
1750 318 1847 351 ²4¹¹

261 375 555 417 recedencium
597 389 717 416 aures
759 376 955 430 pertinax
992 375 1240 417 Sclauorum
1283 375 1439 417 clamor
1480 374 1696 431 promissis

262 432 494 487 pellacibus
526 431 777 474 exurdabat.

400 488 464 531 Ea
504 492 756 544 tempestate
798 490 1004 540 Buthlus,
1047 490 1226 547 Syuardi
1259 490 1412 541 frater,
1446 491 1575 531 Danis
1607 504 1699 546 per-

262 547 470 589 functorie
516 551 703 602 preerat,
748 562 772 588 a
814 549 966 602 quibus
1012 548 1200 590 uenienti
1246 548 1474 590 Iarmerico
1520 562 1696 603 regnum

261 604 428 646 tradere
460 609 644 658 coactus,
678 620 730 646 ex
762 619 862 659 rege
895 606 1084 660 priuatus
1115 606 1262 648 euasit.
1312 606 1477 647 Eodem
1508 611 1698 660 tempore

264 663 447 703 Getarus
485 662 730 717 Sybbonem
770 668 963 718 stuprate
1003 664 1157 705 sororis
1202 664 1487 704 insimulatum
1534 663 1697 704 occidit.

265 719 394 761 Cuius
427 733 531 761 nece
562 720 708 762 affines
740 721 932 775 permoti,
966 720 1018 762 ad
1048 721 1323 762 Iarmericum
1354 720 1597 762 ciulabundi
1629 719 1699 762 de-

263 780 457 830 currunt,
499 792 629 832 seque
673 777 714 818 in
745 778 952 819 ulcionem
992 779 1218 834 propinqui
1259 778 1463 820 Getarum
1510 793 1603 819 cum
1647 792 1697 819 eo

264 840 585 889 oppugnaturos
615 835 879 890 promittunt.
937 835 1028 877 Nec
1058 850 1204 891 parum
1236 836 1436 891 promissa
1468 836 1694 877 soluerunt.

263 892 370 933 Nam
405 905 548 933 eorum
582 893 749 934 auxiliis
794 907 995 948 oppresso
1033 893 1201 945 Getam,
1239 894 1511 934 Iarmericum
1555 893 1700 934 Suetia

262 950 387 1005 potiri
420 950 609 1002 contigit.
672 950 752 998 Qui
785 964 877 991 cum
910 950 1086 992 duarum
1118 951 1312 1005 gencium
1343 951 1516 1006 imperio
1549 951 1699 1005 funge-

262 1012 399 1059 retur,
439 1006 603 1061 au<c>te
636 1006 937 1049 dominacionis
982 1008 1132 1049 fiducia
1164 1008 1337 1050 Sclauos
1378 1009 1510 1064 prelio
1551 1013 1698 1050 tentat.

265 1066 457 1113 Quorum
488 1065 581 1106 XL.
605 1070 751 1119 captos
784 1065 1005 1121 applicatis
1027 1066 1203 1107 totidem
1233 1066 1342 1120 lupis
1372 1066 1522 1121 laqueo
1546 1066 1699 1119 adegit.

265 1123 404 1170 Quem
434 1122 627 1176 supplicii
659 1122 848 1176 modum,
892 1123 988 1164 olim
1021 1123 1238 1178 parricidis
1270 1123 1482 1177 debitum,
1528 1124 1579 1164 ob
1621 1123 1700 1165 hoc

265 1181 373 1221 circa
404 1180 543 1222 hostes
565 1194 772 1235 peragere
794 1181 939 1234 uoluit,
974 1185 1031 1232 ut,
1054 1186 1208 1236 quante
1229 1181 1269 1222 in
1288 1181 1435 1223 Danos
1457 1182 1700 1236 rapacitatis

265 1238 496 1290 extiterint,
529 1252 583 1279 ex
613 1238 704 1292 ipsa
736 1238 938 1279 atrocium
971 1239 1190 1279 beluarum
1222 1239 1517 1281 communione
1556 1239 1699 1280 uiden—

264 1296 375 1337 tibus
407 1295 679 1350 conspicuum
711 1295 834 1338 foret.
897 1295 1080 1337 Subacta
1112 1311 1279 1351 quoque
1311 1297 1485 1351 regione
1518 1297 1702 1352 presidia

264 1354 366 1394 locis
429 1357 666 1408 opportuna
716 1353 911 1407 disponit.
1002 1353 1108 1395 Inde
1168 1353 1378 1408 profectus
1428 1354 1730 1402 801110011οη1,-

263 1411 465 1452 Curetum
498 1411 859 1466 compluriumque
883 1411 1067 1452 Orientis
1091 1412 1284 1466 gencium
1317 1411 1476 1453 cladem
1499 1412 1700 1454 exercuit.

264 1468 358 1515 Qua
390 1468 500 1523 regis
533 1469 813 1523 occupacione
845 1468 984 1509 Sclaui
1017 1469 1156 1510 datam
1189 1469 1266 1510 sibi
1299 1469 1548 1511 defeccionis
1571 1474 1701 1512 mate-

262 1526 366 1567 riam
398 1525 645 1579 iudicantes,
677 1526 919 1579 interfectis,
953 1527 1023 1581 ‘qui
1054 1526 1107 1568 ab
1138 1527 1227 1582 ipso
1259 1527 1447 1582 presides
1485 1527 1701 1568 constituti

261 1583 440 1634 fuerant,
472 1583 653 1624 Daniam
675 1584 689 1636 Η
713 1584 955 1639 depopulati
992 1589 1100 1626 sunt.
1163 1584 1353 1632 Quorum
1394 1586 1568 1627 classem
1613 1585 1701 1627 Iar-

262 1642 439 1682 mericus
471 1641 581 1683 forte
613 1655 635 1682 e
666 1642 842 1697 piratica
873 1641 1037 1693 rediens
1069 1642 1343 1698 interceptam
1362 1642 1532 1694 deleuit,
1566 1656 1701 1697 eoque

261 1699 448 1740 facinore
493 1699 652 1754 priores
698 1699 973 1740 uictoriarum
1013 1700 1159 1741 titulos
1203 1700 1433 1742 decorauit.
1504 1699 1699 1742 Ceterum

263 1756 487 1822 optimates
539 1770 684 1798 eorum
736 1757 870 1811 primo
934 1756 1060 1798 tibias
1109 1757 1210 1798 loris
1260 1757 1458 1799 traiectos
1518 1772 1700 1813 moxque

260 1814 508 1855 immanium
539 1818 757 1856 taurorum
789 1814 955 1868 ungulis
983 1815 1172 1869 alligatos
1194 1815 1503 1871 molossisque
1493 1829 1698 1857 incessen-

261 1871 373 1912 tibus
395 1872 547 1926 1aptim
578 1872 619 1912 in
642 1885 793 1913 cenum
823 1872 1133 1928 uoraginesque
1155 1877 1389 1927 pertractos
1411 1873 1698 1939 lachrymabili

262 1935 407 1984 specta
409 1927 526 1970 *culo
561 1930 833 1984 consumpsit.
894 1929 958 1971 Ea
988 1944 1034 1972 re
1064 1930 1253 1972 hebetati
1286 1930 1532 1973 Sclauorum
1571 1931 1868 1974 animinxxxu

261 1999 426 2028 summa
457 2001 549 2027 cum
582 1987 875 2053 trepidacione
908 1988 1019 2042 regis
1056 1988 1276 2042 imperium
1310 1989 1542 2030 coluerunt.
1614 1989 1700 2029 Iar-

262 2044 442 2096 mericus
463 2044 620 2099 itaque,
641 2050 704 2087 tot
725 2046 920 2099 gencium
943 2045 1149 2086 manubiis
1170 2046 1472 2101 locupletatus,
1494 2051 1541 2087 ut
1562 2050 1700 2088 tutum

260 2101 391 2157 prede
423 2101 677 2143 domicilium
718 2108 995 2158 compararet,
1027 2103 1069 2144 in
1111 2102 1341 2145 editissima
1382 2118 1484 2159 rupe
1524 2103 1697 2145 mirifico

263 2173 392 2215 opere
443 2159 564 2201 edem
609 2160 794 2202 molitur.
869 2159 1083 2214 Aggerem
1128 2158 1304 2226 colllatis
1351 2161 1484 2215 glebis
1527 2162 1698 2215 extruit,

262 2217 586 2260 fundamentum
633 2218 786 2260 crebris
834 2218 1001 2260 coniicit
1047 2219 1182 2272 saxis,
1225 2218 1310 2260 ima
1339 2219 1471 2271 uallo,
1512 2219 1698 2260 tricliniis

259 2274 412 2327 media,
444 2289 608 2316 summa
638 2275 967 2331 propugnaculis
998 2276 1142 2317 cinxit.
1204 2275 1333 2317 Secus
1363 2276 1551 2332 undique
1581 2277 1698 2331 iuges

261 2331 461 2374 excubias
493 2332 597 2375 fixit.
671 2333 863 2381 Quatuor
904 2338 1026 2388 porte
1065 2334 1355 2388 magnitudine
1397 2339 1633 2389 prestantes
1674 2348 1698 2374 a

261 2390 434 2432 totidem
466 2390 601 2445 plagis
632 2390 881 2433 irrestrictos
913 2390 1050 2432 aditus
1084 2391 1254 2432 dabant.
1313 2392 1362 2433 In
1395 2392 1517 2433 huius
1549 2391 1698 2432 domus

261 2447 620 2502 magnificenciam
644 2462 810 2490 omnem
844 2462 971 2503 opum
999 2462 1170 2490 suarum
1193 2453 1444 2514 apparatum
1475 2449 1696 2503 congessit.

260 2505 328 2546 Ita
360 2505 598 2547 domesticis
630 2505 757 2547 rebus
789 2506 1039 2572 compositis,
1081 2520 1246 2548 rursum
1277 2507 1319 2548 in
1351 2508 1548 2548 externas
1585 2506 1697 2561 cupi-

261 2562 401 2605 dinem
444 2564 583 2609 uertit
652 2561 787 2625 Igitur
827 2564 1107 2622 nauigacione
1145 2568 1288 2624 cepta,
1330 2568 1509 2623 quatuor
1547 2563 1698 2607 fratres

1772 1594 1882 1637 (150)γ

1752 2185 1780 2211 p.
1799 2176 1848 2203 412
