<?xml version="1.0" encoding="UTF-8"?>
<!DOCTYPE html PUBLIC "-//W3C//DTD XHTML 1.0 Transitional//EN"
    "http://www.w3.org/TR/xhtml1/DTD/xhtml1-transitional.dtd">
<html xmlns="http://www.w3.org/1999/xhtml" xml:lang="en" lang="en">
 <head>
  <title>
</title>
<meta http-equiv="Content-Type" content="text/html;charset=utf-8" />
  <meta name='ocr-system' content='tesseract 3.04.00' />
  <meta name='ocr-capabilities' content='ocr_page ocr_carea ocr_par ocr_line ocrx_word'/>
</head>
<body>
  <div class='ocr_page' id='page_1' title='image "./saxonisgrammatic00saxouoft_0415.png"; bbox 0 0 1884 3126; ppageno 0'>
   <div class='ocr_carea' id='block_1_1' title="bbox 129 572 145 599">
    <p class='ocr_par' dir='ltr' id='par_1_1' title="bbox 129 572 145 599">
     <span class='ocr_line' id='line_1_1' title="bbox 129 572 145 599; baseline 0 0"><span class='ocrx_word' id='word_1_1' title='bbox 129 572 145 599; x_wconf 86' lang='lat'><strong>5</strong></span> 
     </span>
    </p>
   </div>
   <div class='ocr_carea' id='block_1_2' title="bbox 113 866 147 892">
    <p class='ocr_par' dir='ltr' id='par_1_2' title="bbox 113 866 147 892">
     <span class='ocr_line' id='line_1_2' title="bbox 113 866 147 892; baseline 0 0"><span class='ocrx_word' id='word_1_2' title='bbox 113 866 147 892; x_wconf 80' lang='lat'>10</span> 
     </span>
    </p>
   </div>
   <div class='ocr_carea' id='block_1_3' title="bbox 113 1156 146 1183">
    <p class='ocr_par' dir='ltr' id='par_1_3' title="bbox 113 1156 146 1183">
     <span class='ocr_line' id='line_1_3' title="bbox 113 1156 146 1183; baseline -0.03 0"><span class='ocrx_word' id='word_1_3' title='bbox 113 1156 146 1183; x_wconf 78' lang='lat'>15</span> 
     </span>
    </p>
   </div>
   <div class='ocr_carea' id='block_1_4' title="bbox 111 1447 149 1474">
    <p class='ocr_par' dir='ltr' id='par_1_4' title="bbox 111 1447 149 1474">
     <span class='ocr_line' id='line_1_4' title="bbox 111 1447 149 1474; baseline 0 0"><span class='ocrx_word' id='word_1_4' title='bbox 111 1447 149 1474; x_wconf 79' lang='lat'>20</span> 
     </span>
    </p>
   </div>
   <div class='ocr_carea' id='block_1_5' title="bbox 756 198 1620 241">
    <p class='ocr_par' dir='ltr' id='par_1_5' title="bbox 756 198 1620 241">
     <span class='ocr_line' id='line_1_5' title="bbox 756 198 1620 241; baseline -0.003 0"><span class='ocrx_word' id='word_1_5' title='bbox 756 220 801 225; x_wconf 81' lang='lat'>—</span> <span class='ocrx_word' id='word_1_6' title='bbox 865 198 933 241; x_wconf 90' lang='lat' dir='ltr'>IX</span> <span class='ocrx_word' id='word_1_7' title='bbox 993 223 1047 230; x_wconf 85' lang='lat'>-—</span> <span class='ocrx_word' id='word_1_8' title='bbox 1542 198 1620 238; x_wconf 83' lang='lat'>321</span> 
     </span>
    </p>
   </div>
   <div class='ocr_carea' id='block_1_6' title="bbox 175 321 1626 1599">
    <p class='ocr_par' dir='ltr' id='par_1_6' title="bbox 175 321 1626 1599">
     <span class='ocr_line' id='line_1_6' title="bbox 177 321 1625 381; baseline 0.002 -19"><span class='ocrx_word' id='word_1_9' title='bbox 177 322 324 378; x_wconf 85' lang='lat' dir='ltr'>paucis</span> <span class='ocrx_word' id='word_1_10' title='bbox 357 321 409 363; x_wconf 87' lang='lat' dir='ltr'>ad</span> <span class='ocrx_word' id='word_1_11' title='bbox 443 322 614 363; x_wconf 91' lang='lat' dir='ltr'>modum</span> <span class='ocrx_word' id='word_1_12' title='bbox 648 324 868 376; x_wconf 69' lang='lat' dir='ltr'>sagittarie</span> <span class='ocrx_word' id='word_1_13' title='bbox 900 326 1000 367; x_wconf 86' lang='lat' dir='ltr'>artis</span> <span class='ocrx_word' id='word_1_14' title='bbox 1044 326 1187 381; x_wconf 87' lang='lat' dir='ltr'>peritis</span> <span class='ocrx_word' id='word_1_15' title='bbox 1229 324 1501 366; x_wconf 88' lang='lat' dir='ltr'>coniunctum</span> <span class='ocrx_word' id='word_1_16' title='bbox 1534 325 1625 365; x_wconf 88' lang='lat' dir='ltr'>urbi</span> 
     </span>
     <span class='ocr_line' id='line_1_7' title="bbox 177 381 1626 438; baseline 0.002 -17"><span class='ocrx_word' id='word_1_17' title='bbox 177 394 326 422; x_wconf 89' lang='lat' dir='ltr'>nemus</span> <span class='ocrx_word' id='word_1_18' title='bbox 358 381 585 435; x_wconf 80' lang='lat' dir='ltr'>ingressus.</span> <span class='ocrx_word' id='word_1_19' title='bbox 620 381 852 436; x_wconf 83' lang='lat' dir='ltr'>Kanutum,</span> <span class='ocrx_word' id='word_1_20' title='bbox 886 387 1038 438; x_wconf 70' lang='lat' dir='ltr'>magna</span> <span class='ocrx_word' id='word_1_21' title='bbox 1063 398 1156 424; x_wconf 79' lang='lat' dir='ltr'>cun]</span> <span class='ocrx_word' id='word_1_22' title='bbox 1181 383 1356 423; x_wconf 85' lang='lat' dir='ltr'>militum</span> <span class='ocrx_word' id='word_1_23' title='bbox 1379 382 1626 437; x_wconf 86' lang='lat' dir='ltr'>frequencia</span> 
     </span>
     <span class='ocr_line' id='line_1_8' title="bbox 177 438 1625 495; baseline 0.002 -16"><span class='ocrx_word' id='word_1_24' title='bbox 177 438 398 480; x_wconf 81' lang='lat' dir='ltr'>nocturnis</span> <span class='ocrx_word' id='word_1_25' title='bbox 456 438 649 480; x_wconf 91' lang='lat' dir='ltr'>ludorum</span> <span class='ocrx_word' id='word_1_26' title='bbox 712 441 963 495; x_wconf 79' lang='lat' dir='ltr'>spectaculis</span> <span class='ocrx_word' id='word_1_27' title='bbox 1024 441 1350 495; x_wconf 87' lang='lat' dir='ltr'>interpositum,</span> <span class='ocrx_word' id='word_1_28' title='bbox 1423 440 1625 482; x_wconf 88' lang='lat' dir='ltr'>insidioso</span> 
     </span>
     <span class='ocr_line' id='line_1_9' title="bbox 176 496 1626 554; baseline 0.003 -18"><span class='ocrx_word' id='word_1_29' title='bbox 176 496 336 537; x_wconf 87' lang='lat' dir='ltr'>fraudis</span> <span class='ocrx_word' id='word_1_30' title='bbox 378 496 578 547; x_wconf 83' lang='lat' dir='ltr'>circuitu,</span> <span class='ocrx_word' id='word_1_31' title='bbox 618 498 822 539; x_wconf 77' lang='lat' dir='ltr'>uulnilica</span> <span class='ocrx_word' id='word_1_32' title='bbox 864 500 1010 554; x_wconf 87' lang='lat' dir='ltr'>procul</span> <span class='ocrx_word' id='word_1_33' title='bbox 1052 499 1209 554; x_wconf 85' lang='lat' dir='ltr'>sagitta</span> <span class='ocrx_word' id='word_1_34' title='bbox 1250 498 1422 553; x_wconf 88' lang='lat' dir='ltr'>petiuit,</span> <span class='ocrx_word' id='word_1_35' title='bbox 1471 512 1553 553; x_wconf 87' lang='lat' dir='ltr'>que</span> <span class='ocrx_word' id='word_1_36' title='bbox 1586 500 1626 540; x_wconf 93' lang='lat' dir='ltr'>in</span> 
     </span>
     <span class='ocr_line' id='line_1_10' title="bbox 175 554 1624 611; baseline 0.002 -16"><span class='ocrx_word' id='word_1_37' title='bbox 175 554 402 595; x_wconf 89' lang='lat' dir='ltr'>aduersum</span> <span class='ocrx_word' id='word_1_38' title='bbox 434 555 545 609; x_wconf 84' lang='lat' dir='ltr'>regis</span> <span class='ocrx_word' id='word_1_39' title='bbox 577 569 730 611; x_wconf 88' lang='lat' dir='ltr'>corpus</span> <span class='ocrx_word' id='word_1_40' title='bbox 761 557 963 611; x_wconf 86' lang='lat' dir='ltr'>incidens,</span> <span class='ocrx_word' id='word_1_41' title='bbox 1005 557 1257 598; x_wconf 87' lang='lat' dir='ltr'>mortificum</span> <span class='ocrx_word' id='word_1_42' title='bbox 1300 557 1338 597; x_wconf 89' lang='lat' dir='ltr'>ei</span> <span class='ocrx_word' id='word_1_43' title='bbox 1376 557 1530 598; x_wconf 91' lang='lat' dir='ltr'>uulnus</span> <span class='ocrx_word' id='word_1_44' title='bbox 1562 557 1624 598; x_wconf 92' lang='lat' dir='ltr'>in-</span> 
     </span>
     <span class='ocr_line' id='line_1_11' title="bbox 178 612 1623 670; baseline 0.002 -16"><span class='ocrx_word' id='word_1_45' title='bbox 178 612 314 654; x_wconf 87' lang='lat' dir='ltr'>torsit.</span> <span class='ocrx_word' id='word_1_46' title='bbox 359 612 531 654; x_wconf 87' lang='lat' dir='ltr'>Veritus</span> <span class='ocrx_word' id='word_1_47' title='bbox 564 618 709 656; x_wconf 88' lang='lat' dir='ltr'>autem</span> <span class='ocrx_word' id='word_1_48' title='bbox 744 614 957 667; x_wconf 83' lang='lat' dir='ltr'>Kanutus,</span> <span class='ocrx_word' id='word_1_49' title='bbox 990 630 1043 656; x_wconf 90' lang='lat' dir='ltr'>ne</span> <span class='ocrx_word' id='word_1_50' title='bbox 1077 615 1310 670; x_wconf 86' lang='lat' dir='ltr'>periculum</span> <span class='ocrx_word' id='word_1_51' title='bbox 1333 629 1455 655; x_wconf 86' lang='lat' dir='ltr'>suum</span> <span class='ocrx_word' id='word_1_52' title='bbox 1479 615 1623 657; x_wconf 84' lang='lat' dir='ltr'>hostes</span> 
     </span>
     <span class='ocr_line' id='line_1_12' title="bbox 179 670 1626 728; baseline 0.003 -17"><span class='ocrx_word' id='word_1_53' title='bbox 179 670 312 712; x_wconf 84' lang='lat' dir='ltr'>effuso</span> <span class='ocrx_word' id='word_1_54' title='bbox 347 671 506 725; x_wconf 87' lang='lat' dir='ltr'>gaudio</span> <span class='ocrx_word' id='word_1_55' title='bbox 538 671 882 727; x_wconf 73' lang='lat' dir='ltr'>insequerentur,</span> <span class='ocrx_word' id='word_1_56' title='bbox 920 678 1047 728; x_wconf 89' lang='lat' dir='ltr'>atque</span> <span class='ocrx_word' id='word_1_57' title='bbox 1079 674 1133 714; x_wconf 76' lang='lat' dir='ltr'>ol&gt;</span> <span class='ocrx_word' id='word_1_58' title='bbox 1165 673 1245 714; x_wconf 91' lang='lat' dir='ltr'>hoc</span> <span class='ocrx_word' id='word_1_59' title='bbox 1277 672 1404 713; x_wconf 80' lang='lat' dir='ltr'>cladis</span> <span class='ocrx_word' id='word_1_60' title='bbox 1437 686 1512 714; x_wconf 87' lang='lat' dir='ltr'>sue</span> <span class='ocrx_word' id='word_1_61' title='bbox 1543 675 1626 715; x_wconf 89' lang='lat' dir='ltr'>for-</span> 
     </span>
     <span class='ocr_line' id='line_1_13' title="bbox 178 728 1622 786; baseline 0.002 -16"><span class='ocrx_word' id='word_1_62' title='bbox 178 733 322 770; x_wconf 88' lang='lat' dir='ltr'>tunam</span> <span class='ocrx_word' id='word_1_63' title='bbox 357 728 670 771; x_wconf 76' lang='lat' dir='ltr'>dissimulanter</span> <span class='ocrx_word' id='word_1_64' title='bbox 702 730 847 772; x_wconf 86' lang='lat' dir='ltr'>haberi</span> <span class='ocrx_word' id='word_1_65' title='bbox 881 734 1068 786; x_wconf 86' lang='lat' dir='ltr'>cupiens,</span> <span class='ocrx_word' id='word_1_66' title='bbox 1104 744 1210 772; x_wconf 88' lang='lat' dir='ltr'>uoce</span> <span class='ocrx_word' id='word_1_67' title='bbox 1241 745 1461 786; x_wconf 84' lang='lat' dir='ltr'>supremos</span> <span class='ocrx_word' id='word_1_68' title='bbox 1493 732 1622 773; x_wconf 88' lang='lat' dir='ltr'>anhe-</span> 
     </span>
     <span class='ocr_line' id='line_1_14' title="bbox 179 786 1622 844; baseline 0.003 -17"><span class='ocrx_word' id='word_1_69' title='bbox 179 787 279 828; x_wconf 89' lang='lat' dir='ltr'>litus</span> <span class='ocrx_word' id='word_1_70' title='bbox 310 786 528 836; x_wconf 72' lang='lat' dir='ltr'>reddente,</span> <span class='ocrx_word' id='word_1_71' title='bbox 575 788 700 830; x_wconf 89' lang='lat' dir='ltr'>ludos</span> <span class='ocrx_word' id='word_1_72' title='bbox 741 789 901 844; x_wconf 79' lang='lat' dir='ltr'>absque</span> <span class='ocrx_word' id='word_1_73' title='bbox 942 789 1276 830; x_wconf 88' lang='lat' dir='ltr'>tumultuacione</span> <span class='ocrx_word' id='word_1_74' title='bbox 1314 789 1458 844; x_wconf 77' lang='lat' dir='ltr'>peragi</span> <span class='ocrx_word' id='word_1_75' title='bbox 1491 790 1622 832; x_wconf 88' lang='lat' dir='ltr'>iubet.</span> 
     </span>
     <span class='ocr_line' id='line_1_15' title="bbox 180 845 1622 902; baseline 0.002 -16"><span class='ocrx_word' id='word_1_76' title='bbox 180 845 273 893; x_wconf 83' lang='lat' dir='ltr'>Qua</span> <span class='ocrx_word' id='word_1_77' title='bbox 321 850 413 887; x_wconf 87' lang='lat' dir='ltr'>arte</span> <span class='ocrx_word' id='word_1_78' title='bbox 458 847 574 900; x_wconf 86' lang='lat' dir='ltr'>prius</span> <span class='ocrx_word' id='word_1_79' title='bbox 624 846 771 888; x_wconf 81' lang='lat' dir='ltr'>Danos</span> <span class='ocrx_word' id='word_1_80' title='bbox 823 847 1023 888; x_wconf 74' lang='lat' dir='ltr'>Hiber-nic</span> <span class='ocrx_word' id='word_1_81' title='bbox 1070 849 1275 902; x_wconf 85' lang='lat' dir='ltr'>potitores</span> <span class='ocrx_word' id='word_1_82' title='bbox 1322 861 1450 902; x_wconf 86' lang='lat' dir='ltr'>quam</span> <span class='ocrx_word' id='word_1_83' title='bbox 1500 862 1622 889; x_wconf 87' lang='lat' dir='ltr'>suum</span> 
     </span>
     <span class='ocr_line' id='line_1_16' title="bbox 180 903 1623 953; baseline 0.002 -9"><span class='ocrx_word' id='word_1_84' title='bbox 180 903 381 945; x_wconf 87' lang='lat' dir='ltr'>Hibernis</span> <span class='ocrx_word' id='word_1_85' title='bbox 416 905 574 945; x_wconf 85' lang='lat' dir='ltr'>exitum</span> <span class='ocrx_word' id='word_1_86' title='bbox 608 908 754 946; x_wconf 90' lang='lat' dir='ltr'>notum</span> <span class='ocrx_word' id='word_1_87' title='bbox 788 905 982 947; x_wconf 78' lang='lat' dir='ltr'>reddidit.</span> <span class='ocrx_word' id='word_1_88' title='bbox 1046 905 1147 953; x_wconf 83' lang='lat' dir='ltr'>Quis</span> <span class='ocrx_word' id='word_1_89' title='bbox 1191 911 1336 946; x_wconf 87' lang='lat' dir='ltr'>autem</span> <span class='ocrx_word' id='word_1_90' title='bbox 1389 905 1623 947; x_wconf 80' lang='lat' dir='ltr'>extinctum</span> 
     </span>
     <span class='ocr_line' id='line_1_17' title="bbox 178 960 1621 1018; baseline 0.001 -15"><span class='ocrx_word' id='word_1_91' title='bbox 178 976 260 1003; x_wconf 91' lang='lat' dir='ltr'>non</span> <span class='ocrx_word' id='word_1_92' title='bbox 291 961 537 1016; x_wconf 80' lang='lat' dir='ltr'>plangeret,</span> <span class='ocrx_word' id='word_1_93' title='bbox 581 963 697 1004; x_wconf 90' lang='lat' dir='ltr'>cuius</span> <span class='ocrx_word' id='word_1_94' title='bbox 741 963 960 1018; x_wconf 80' lang='lat' dir='ltr'>disciplina</span> <span class='ocrx_word' id='word_1_95' title='bbox 1000 960 1190 1018; x_wconf 70' lang='lat' dir='ltr'>millitum</span> <span class='ocrx_word' id='word_1_96' title='bbox 1235 977 1408 1004; x_wconf 89' lang='lat' dir='ltr'>suorum</span> <span class='ocrx_word' id='word_1_97' title='bbox 1446 964 1621 1006; x_wconf 88' lang='lat' dir='ltr'>uictorie</span> 
     </span>
     <span class='ocr_line' id='line_1_18' title="bbox 179 1019 1624 1077; baseline 0.001 -16"><span class='ocrx_word' id='word_1_98' title='bbox 179 1019 352 1062; x_wconf 91' lang='lat' dir='ltr'>consilio</span> <span class='ocrx_word' id='word_1_99' title='bbox 386 1034 511 1075; x_wconf 87' lang='lat' dir='ltr'>quam</span> <span class='ocrx_word' id='word_1_100' title='bbox 545 1021 693 1076; x_wconf 89' lang='lat' dir='ltr'>spiritu</span> <span class='ocrx_word' id='word_1_101' title='bbox 727 1021 985 1063; x_wconf 79' lang='lat' dir='ltr'>diuturniore</span> <span class='ocrx_word' id='word_1_102' title='bbox 1019 1021 1216 1062; x_wconf 81' lang='lat' dir='ltr'>suffecit?</span> <span class='ocrx_word' id='word_1_103' title='bbox 1276 1021 1400 1062; x_wconf 84' lang='lat' dir='ltr'>Salus</span> <span class='ocrx_word' id='word_1_104' title='bbox 1440 1035 1624 1077; x_wconf 87' lang='lat' dir='ltr'>namque</span> 
     </span>
     <span class='ocr_line' id='line_1_19' title="bbox 179 1078 1625 1135; baseline 0.001 -17"><span class='ocrx_word' id='word_1_105' title='bbox 179 1078 399 1119; x_wconf 88' lang='lat' dir='ltr'>Danorum</span> <span class='ocrx_word' id='word_1_106' title='bbox 433 1078 472 1118; x_wconf 94' lang='lat' dir='ltr'>in</span> <span class='ocrx_word' id='word_1_107' title='bbox 507 1078 676 1120; x_wconf 89' lang='lat' dir='ltr'>ultimas</span> <span class='ocrx_word' id='word_1_108' title='bbox 721 1080 937 1134; x_wconf 82' lang='lat' dir='ltr'>angustias</span> <span class='ocrx_word' id='word_1_109' title='bbox 980 1079 1163 1121; x_wconf 88' lang='lat' dir='ltr'>deducta</span> <span class='ocrx_word' id='word_1_110' title='bbox 1207 1093 1254 1120; x_wconf 91' lang='lat' dir='ltr'>ac</span> <span class='ocrx_word' id='word_1_111' title='bbox 1285 1092 1395 1133; x_wconf 90' lang='lat' dir='ltr'>penc</span> <span class='ocrx_word' id='word_1_112' title='bbox 1428 1078 1625 1135; x_wconf 87' lang='lat' dir='ltr'>despera-</span> 
     </span>
     <span class='ocr_line' id='line_1_20' title="bbox 179 1136 1624 1192; baseline 0.001 -15"><span class='ocrx_word' id='word_1_113' title='bbox 179 1136 309 1177; x_wconf 88' lang='lat' dir='ltr'>cionis</span> <span class='ocrx_word' id='word_1_114' title='bbox 341 1136 538 1191; x_wconf 88' lang='lat' dir='ltr'>periculis</span> <span class='ocrx_word' id='word_1_115' title='bbox 560 1137 784 1192; x_wconf 81' lang='lat' dir='ltr'>implicata,</span> <span class='ocrx_word' id='word_1_116' title='bbox 818 1138 915 1192; x_wconf 88' lang='lat' dir='ltr'>quia</span> <span class='ocrx_word' id='word_1_117' title='bbox 938 1138 1152 1179; x_wconf 86' lang='lat' dir='ltr'>morientis</span> <span class='ocrx_word' id='word_1_118' title='bbox 1177 1137 1293 1178; x_wconf 90' lang='lat' dir='ltr'>ducis</span> <span class='ocrx_word' id='word_1_119' title='bbox 1316 1137 1446 1178; x_wconf 85' lang='lat' dir='ltr'>iussui</span> <span class='ocrx_word' id='word_1_120' title='bbox 1469 1138 1624 1192; x_wconf 86' lang='lat' dir='ltr'>paruit,</span> 
     </span>
     <span class='ocr_line' id='line_1_21' title="bbox 180 1194 1624 1251; baseline 0.002 -16"><span class='ocrx_word' id='word_1_121' title='bbox 180 1194 314 1235; x_wconf 89' lang='lat' dir='ltr'>breui.</span> <span class='ocrx_word' id='word_1_122' title='bbox 362 1208 466 1249; x_wconf 89' lang='lat' dir='ltr'>quos</span> <span class='ocrx_word' id='word_1_123' title='bbox 519 1196 672 1246; x_wconf 77' lang='lat' dir='ltr'>timuit,</span> <span class='ocrx_word' id='word_1_124' title='bbox 724 1195 1011 1251; x_wconf 85' lang='lat' dir='ltr'>triumphauit.</span> <span class='ocrx_word' id='word_1_125' title='bbox 1075 1195 1169 1243; x_wconf 88' lang='lat' dir='ltr'>Quo</span> <span class='ocrx_word' id='word_1_126' title='bbox 1218 1201 1410 1250; x_wconf 86' lang='lat' dir='ltr'>tempore</span> <span class='ocrx_word' id='word_1_127' title='bbox 1458 1195 1624 1248; x_wconf 87' lang='lat' dir='ltr'>Gormo,</span> 
     </span>
     <span class='ocr_line' id='line_1_22' title="bbox 180 1252 1624 1308; baseline 0.001 -15"><span class='ocrx_word' id='word_1_128' title='bbox 180 1252 231 1293; x_wconf 87' lang='lat' dir='ltr'>ad</span> <span class='ocrx_word' id='word_1_129' title='bbox 267 1253 463 1293; x_wconf 87' lang='lat' dir='ltr'>ultimum</span> <span class='ocrx_word' id='word_1_130' title='bbox 511 1254 632 1294; x_wconf 88' lang='lat' dir='ltr'>etatis</span> <span class='ocrx_word' id='word_1_131' title='bbox 665 1268 739 1294; x_wconf 85' lang='lat' dir='ltr'>suc</span> <span class='ocrx_word' id='word_1_132' title='bbox 772 1255 897 1295; x_wconf 83' lang='lat' dir='ltr'>tinem</span> <span class='ocrx_word' id='word_1_133' title='bbox 940 1261 1197 1308; x_wconf 87' lang='lat' dir='ltr'>prouectus,</span> <span class='ocrx_word' id='word_1_134' title='bbox 1242 1253 1456 1308; x_wconf 83' lang='lat' dir='ltr'>ingentem</span> <span class='ocrx_word' id='word_1_135' title='bbox 1495 1268 1624 1295; x_wconf 89' lang='lat' dir='ltr'>anno-</span> 
     </span>
     <span class='ocr_line' id='line_1_23' title="bbox 180 1310 1625 1367; baseline 0 -15"><span class='ocrx_word' id='word_1_136' title='bbox 180 1324 270 1353; x_wconf 87' lang='lat' dir='ltr'>rum</span> <span class='ocrx_word' id='word_1_137' title='bbox 303 1310 456 1351; x_wconf 88' lang='lat' dir='ltr'>seriem</span> <span class='ocrx_word' id='word_1_138' title='bbox 488 1311 716 1352; x_wconf 86' lang='lat' dir='ltr'>luminibus</span> <span class='ocrx_word' id='word_1_139' title='bbox 750 1318 897 1367; x_wconf 85' lang='lat' dir='ltr'>captus</span> <span class='ocrx_word' id='word_1_140' title='bbox 933 1316 1160 1366; x_wconf 78' lang='lat' dir='ltr'>exegerat,</span> <span class='ocrx_word' id='word_1_141' title='bbox 1201 1315 1412 1352; x_wconf 81' lang='lat' dir='ltr'>senectam</span> <span class='ocrx_word' id='word_1_142' title='bbox 1445 1311 1497 1352; x_wconf 88' lang='lat' dir='ltr'>ad</span> <span class='ocrx_word' id='word_1_143' title='bbox 1531 1312 1625 1360; x_wconf 85' lang='lat' dir='ltr'>ulti-</span> 
     </span>
     <span class='ocr_line' id='line_1_24' title="bbox 182 1369 1624 1424; baseline 0.002 -16"><span class='ocrx_word' id='word_1_144' title='bbox 182 1383 272 1409; x_wconf 84' lang='lat' dir='ltr'>mos</span> <span class='ocrx_word' id='word_1_145' title='bbox 306 1369 489 1410; x_wconf 89' lang='lat' dir='ltr'>humane</span> <span class='ocrx_word' id='word_1_146' title='bbox 523 1370 783 1411; x_wconf 90' lang='lat' dir='ltr'>condicionis</span> <span class='ocrx_word' id='word_1_147' title='bbox 815 1370 1016 1411; x_wconf 83' lang='lat' dir='ltr'>terminos</span> <span class='ocrx_word' id='word_1_148' title='bbox 1060 1369 1347 1424; x_wconf 85' lang='lat' dir='ltr'>prorogando,</span> <span class='ocrx_word' id='word_1_149' title='bbox 1390 1370 1526 1422; x_wconf 78' lang='lat' dir='ltr'>magis</span> <span class='ocrx_word' id='word_1_150' title='bbox 1573 1369 1624 1411; x_wconf 90' lang='lat' dir='ltr'>de</span> 
     </span>
     <span class='ocr_line' id='line_1_25' title="bbox 181 1426 1623 1483; baseline 0.001 -16"><span class='ocrx_word' id='word_1_151' title='bbox 181 1427 363 1467; x_wconf 80' lang='lat' dir='ltr'>tiliorum</span> <span class='ocrx_word' id='word_1_152' title='bbox 408 1426 493 1467; x_wconf 87' lang='lat' dir='ltr'>uita</span> <span class='ocrx_word' id='word_1_153' title='bbox 533 1432 575 1468; x_wconf 85' lang='lat' dir='ltr'>et</span> <span class='ocrx_word' id='word_1_154' title='bbox 614 1428 883 1469; x_wconf 85' lang='lat' dir='ltr'>incrementis</span> <span class='ocrx_word' id='word_1_155' title='bbox 930 1442 1054 1483; x_wconf 82' lang='lat' dir='ltr'>quam</span> <span class='ocrx_word' id='word_1_156' title='bbox 1114 1427 1276 1482; x_wconf 84' lang='lat' dir='ltr'>reliquo</span> <span class='ocrx_word' id='word_1_157' title='bbox 1337 1428 1486 1482; x_wconf 84' lang='lat' dir='ltr'>spiritu</span> <span class='ocrx_word' id='word_1_158' title='bbox 1547 1442 1623 1469; x_wconf 89' lang='lat' dir='ltr'>suo</span> 
     </span>
     <span class='ocr_line' id='line_1_26' title="bbox 181 1484 1624 1539; baseline 0 -13"><span class='ocrx_word' id='word_1_159' title='bbox 181 1484 399 1528; x_wconf 85' lang='lat' dir='ltr'>sollicitus.</span> <span class='ocrx_word' id='word_1_160' title='bbox 461 1485 600 1527; x_wconf 87' lang='lat' dir='ltr'>Tanta</span> <span class='ocrx_word' id='word_1_161' title='bbox 647 1491 792 1528; x_wconf 89' lang='lat' dir='ltr'>autem</span> <span class='ocrx_word' id='word_1_162' title='bbox 837 1486 1007 1527; x_wconf 85' lang='lat' dir='ltr'>maioris</span> <span class='ocrx_word' id='word_1_163' title='bbox 1053 1486 1124 1526; x_wconf 82' lang='lat' dir='ltr'>filii</span> <span class='ocrx_word' id='word_1_164' title='bbox 1169 1486 1344 1526; x_wconf 86' lang='lat' dir='ltr'>caritate</span> <span class='ocrx_word' id='word_1_165' title='bbox 1385 1486 1624 1539; x_wconf 85' lang='lat' dir='ltr'>tenebatur,</span> 
     </span>
     <span class='ocr_line' id='line_1_27' title="bbox 182 1543 1625 1599; baseline 0.001 -16"><span class='ocrx_word' id='word_1_166' title='bbox 182 1547 229 1584; x_wconf 91' lang='lat' dir='ltr'>ut</span> <span class='ocrx_word' id='word_1_167' title='bbox 260 1557 283 1583; x_wconf 90' lang='lat' dir='ltr'>a</span> <span class='ocrx_word' id='word_1_168' title='bbox 316 1557 360 1584; x_wconf 91' lang='lat' dir='ltr'>se</span> <span class='ocrx_word' id='word_1_169' title='bbox 401 1543 678 1585; x_wconf 88' lang='lat' dir='ltr'>occidendum</span> <span class='ocrx_word' id='word_1_170' title='bbox 711 1545 882 1597; x_wconf 85' lang='lat' dir='ltr'>iuraret,</span> <span class='ocrx_word' id='word_1_171' title='bbox 917 1546 987 1599; x_wconf 88' lang='lat' dir='ltr'>qui</span> <span class='ocrx_word' id='word_1_172' title='bbox 1018 1545 1132 1599; x_wconf 86' lang='lat' dir='ltr'>prior</span> <span class='ocrx_word' id='word_1_173' title='bbox 1163 1544 1296 1598; x_wconf 85' lang='lat' dir='ltr'>ipsius</span> <span class='ocrx_word' id='word_1_174' title='bbox 1329 1543 1486 1585; x_wconf 79' lang='lat' dir='ltr'>exitum</span> <span class='ocrx_word' id='word_1_175' title='bbox 1519 1558 1625 1584; x_wconf 84' lang='lat' dir='ltr'>nun-</span> 
     </span>
    </p>
   </div>
   <div class='ocr_carea' id='block_1_7' title="bbox 134 1600 1626 1657">
    <p class='ocr_par' dir='ltr' id='par_1_7' title="bbox 134 1600 1626 1657">
     <span class='ocr_line' id='line_1_28' title="bbox 134 1600 1626 1657; baseline 0.001 -16"><span class='ocrx_word' id='word_1_176' title='bbox 134 1653 137 1656; x_wconf 22' lang='grc'>,</span> <span class='ocrx_word' id='word_1_177' title='bbox 183 1601 347 1643; x_wconf 83' lang='lat' dir='ltr'>ciasset.</span> <span class='ocrx_word' id='word_1_178' title='bbox 410 1600 601 1657; x_wconf 84' lang='lat' dir='ltr'>Cumque</span> <span class='ocrx_word' id='word_1_179' title='bbox 650 1601 757 1644; x_wconf 89' lang='lat' dir='ltr'>forte</span> <span class='ocrx_word' id='word_1_180' title='bbox 799 1603 928 1644; x_wconf 80' lang='lat' dir='ltr'>Tliira</span> <span class='ocrx_word' id='word_1_181' title='bbox 973 1602 1085 1643; x_wconf 88' lang='lat' dir='ltr'>haud</span> <span class='ocrx_word' id='word_1_182' title='bbox 1133 1601 1307 1642; x_wconf 88' lang='lat' dir='ltr'>dubium</span> <span class='ocrx_word' id='word_1_183' title='bbox 1350 1601 1403 1643; x_wconf 91' lang='lat' dir='ltr'>de</span> <span class='ocrx_word' id='word_1_184' title='bbox 1437 1601 1626 1643; x_wconf 89' lang='lat' dir='ltr'>eiusdem</span> 
     </span>
    </p>
   </div>
   <div class='ocr_carea' id='block_1_8' title="bbox 113 1738 150 1765">
    <p class='ocr_par' dir='ltr' id='par_1_8' title="bbox 113 1738 150 1765">
     <span class='ocr_line' id='line_1_29' title="bbox 113 1738 150 1765; baseline 0 0"><span class='ocrx_word' id='word_1_185' title='bbox 113 1738 150 1765; x_wconf 79' lang='lat'>25</span> 
     </span>
    </p>
   </div>
   <div class='ocr_carea' id='block_1_9' title="bbox 181 1659 1627 1831">
    <p class='ocr_par' dir='ltr' id='par_1_9' title="bbox 181 1659 1627 1831">
     <span class='ocr_line' id='line_1_30' title="bbox 183 1659 1627 1715; baseline -0.001 -14"><span class='ocrx_word' id='word_1_186' title='bbox 183 1659 319 1701; x_wconf 84' lang='lat' dir='ltr'>exicio</span> <span class='ocrx_word' id='word_1_187' title='bbox 352 1659 551 1700; x_wconf 90' lang='lat' dir='ltr'>nuncium</span> <span class='ocrx_word' id='word_1_188' title='bbox 583 1660 825 1715; x_wconf 85' lang='lat' dir='ltr'>accepisset,</span> <span class='ocrx_word' id='word_1_189' title='bbox 874 1661 1039 1701; x_wconf 89' lang='lat' dir='ltr'>nemine</span> <span class='ocrx_word' id='word_1_190' title='bbox 1078 1659 1119 1700; x_wconf 89' lang='lat' dir='ltr'>id</span> <span class='ocrx_word' id='word_1_191' title='bbox 1156 1659 1359 1700; x_wconf 88' lang='lat' dir='ltr'>Gormoni</span> <span class='ocrx_word' id='word_1_192' title='bbox 1395 1660 1534 1715; x_wconf 88' lang='lat' dir='ltr'>palam</span> <span class='ocrx_word' id='word_1_193' title='bbox 1566 1660 1627 1700; x_wconf 92' lang='lat' dir='ltr'>in-</span> 
     </span>
     <span class='ocr_line' id='line_1_31' title="bbox 181 1718 1627 1773; baseline 0 -15"><span class='ocrx_word' id='word_1_194' title='bbox 181 1718 351 1758; x_wconf 86' lang='lat' dir='ltr'>sinuare</span> <span class='ocrx_word' id='word_1_195' title='bbox 399 1718 596 1768; x_wconf 83' lang='lat' dir='ltr'>audente,</span> <span class='ocrx_word' id='word_1_196' title='bbox 643 1718 876 1773; x_wconf 91' lang='lat' dir='ltr'>presidium</span> <span class='ocrx_word' id='word_1_197' title='bbox 924 1718 1165 1759; x_wconf 85' lang='lat' dir='ltr'>calliditatis</span> <span class='ocrx_word' id='word_1_198' title='bbox 1212 1718 1421 1773; x_wconf 78' lang='lat' dir='ltr'>amplexa,</span> <span class='ocrx_word' id='word_1_199' title='bbox 1468 1732 1627 1772; x_wconf 86' lang='lat' dir='ltr'>casum,</span> 
     </span>
     <span class='ocr_line' id='line_1_32' title="bbox 182 1775 1624 1831; baseline 0 -15"><span class='ocrx_word' id='word_1_200' title='bbox 182 1789 306 1830; x_wconf 92' lang='lat' dir='ltr'>quem</span> <span class='ocrx_word' id='word_1_201' title='bbox 359 1789 430 1816; x_wconf 89' lang='lat' dir='ltr'>ore</span> <span class='ocrx_word' id='word_1_202' title='bbox 481 1776 663 1831; x_wconf 87' lang='lat' dir='ltr'>prodere</span> <span class='ocrx_word' id='word_1_203' title='bbox 718 1777 871 1830; x_wconf 85' lang='lat' dir='ltr'>timuit,</span> <span class='ocrx_word' id='word_1_204' title='bbox 923 1790 1052 1831; x_wconf 88' lang='lat' dir='ltr'>opere</span> <span class='ocrx_word' id='word_1_205' title='bbox 1103 1776 1348 1831; x_wconf 87' lang='lat' dir='ltr'>explieauit.</span> <span class='ocrx_word' id='word_1_206' title='bbox 1430 1775 1624 1817; x_wconf 90' lang='lat' dir='ltr'>Maritum</span> 
     </span>
    </p>
   </div>
   <div class='ocr_carea' id='block_1_10' title="bbox 129 1832 1628 1889">
    <p class='ocr_par' dir='ltr' id='par_1_10' title="bbox 129 1832 1628 1889">
     <span class='ocr_line' id='line_1_33' title="bbox 129 1832 1628 1889; baseline 0.001 -16"><span class='ocrx_word' id='word_1_207' title='bbox 129 1875 133 1881; x_wconf 69' lang='grc'>,</span> <span class='ocrx_word' id='word_1_208' title='bbox 182 1847 363 1888; x_wconf 90' lang='lat' dir='ltr'>namque</span> <span class='ocrx_word' id='word_1_209' title='bbox 394 1835 512 1889; x_wconf 88' lang='lat' dir='ltr'>regio</span> <span class='ocrx_word' id='word_1_210' title='bbox 546 1835 659 1876; x_wconf 87' lang='lat' dir='ltr'>cultu</span> <span class='ocrx_word' id='word_1_211' title='bbox 696 1842 871 1876; x_wconf 78' lang='lat' dir='ltr'>exutum</span> <span class='ocrx_word' id='word_1_212' title='bbox 916 1835 1090 1876; x_wconf 85' lang='lat' dir='ltr'>tetriore</span> <span class='ocrx_word' id='word_1_213' title='bbox 1129 1832 1416 1886; x_wconf 84' lang='lat' dir='ltr'>circundedit,</span> <span class='ocrx_word' id='word_1_214' title='bbox 1460 1834 1628 1889; x_wconf 87' lang='lat' dir='ltr'>aliaque</span> 
     </span>
    </p>
   </div>
   <div class='ocr_carea' id='block_1_11' title="bbox 115 2030 151 2057">
    <p class='ocr_par' dir='ltr' id='par_1_11' title="bbox 115 2030 151 2057">
     <span class='ocr_line' id='line_1_34' title="bbox 115 2030 151 2057; baseline -0.028 0"><span class='ocrx_word' id='word_1_215' title='bbox 115 2030 151 2057; x_wconf 84' lang='lat'>30</span> 
     </span>
    </p>
   </div>
   <div class='ocr_carea' id='block_1_12' title="bbox 115 2318 152 2345">
    <p class='ocr_par' dir='ltr' id='par_1_12' title="bbox 115 2318 152 2345">
     <span class='ocr_line' id='line_1_35' title="bbox 115 2318 152 2345; baseline -0.027 0"><span class='ocrx_word' id='word_1_216' title='bbox 115 2318 152 2345; x_wconf 85' lang='lat'>35</span> 
     </span>
    </p>
   </div>
   <div class='ocr_carea' id='block_1_13' title="bbox 117 2614 153 2641">
    <p class='ocr_par' dir='ltr' id='par_1_13' title="bbox 117 2614 153 2641">
     <span class='ocr_line' id='line_1_36' title="bbox 117 2614 153 2641; baseline 0.028 -1"><span class='ocrx_word' id='word_1_217' title='bbox 117 2614 153 2641; x_wconf 81' lang='lat'>40</span> 
     </span>
    </p>
   </div>
   <div class='ocr_carea' id='block_1_14' title="bbox 182 1891 1628 2583">
    <p class='ocr_par' dir='ltr' id='par_1_14' title="bbox 183 1891 1628 2583">
     <span class='ocr_line' id='line_1_37' title="bbox 183 1891 1627 1948; baseline -0.001 -16"><span class='ocrx_word' id='word_1_218' title='bbox 183 1892 342 1932; x_wconf 89' lang='lat' dir='ltr'>doloris</span> <span class='ocrx_word' id='word_1_219' title='bbox 374 1892 568 1947; x_wconf 79' lang='lat' dir='ltr'>insignia</span> <span class='ocrx_word' id='word_1_220' title='bbox 601 1906 677 1946; x_wconf 81' lang='lat' dir='ltr'>pel</span> <span class='ocrx_word' id='word_1_221' title='bbox 711 1907 793 1948; x_wconf 91' lang='lat' dir='ltr'>que</span> <span class='ocrx_word' id='word_1_222' title='bbox 825 1907 995 1934; x_wconf 69' lang='lat' dir='ltr'>clusam</span> <span class='ocrx_word' id='word_1_223' title='bbox 1026 1893 1164 1934; x_wconf 89' lang='lat' dir='ltr'>luctus</span> <span class='ocrx_word' id='word_1_224' title='bbox 1195 1892 1388 1947; x_wconf 87' lang='lat' dir='ltr'>aperiret,</span> <span class='ocrx_word' id='word_1_225' title='bbox 1425 1891 1627 1945; x_wconf 87' lang='lat' dir='ltr'>admouit,</span> 
     </span>
     <span class='ocr_line' id='line_1_38' title="bbox 184 1950 1628 2016; baseline 0 -26"><span class='ocrx_word' id='word_1_226' title='bbox 184 1950 295 2005; x_wconf 91' lang='lat' dir='ltr'>quod</span> <span class='ocrx_word' id='word_1_227' title='bbox 329 1950 490 2000; x_wconf 84' lang='lat' dir='ltr'>antiqui</span> <span class='ocrx_word' id='word_1_228' title='bbox 524 1951 679 1992; x_wconf 88' lang='lat' dir='ltr'>talibus</span> <span class='ocrx_word' id='word_1_229' title='bbox 723 1952 834 1992; x_wconf 92' lang='lat' dir='ltr'>inter</span> <span class='ocrx_word' id='word_1_230' title='bbox 882 1951 1156 2016; x_wconf 73' lang='lat' dir='ltr'>exequiarum</span> <span class='ocrx_word' id='word_1_231' title='bbox 1196 1951 1387 1991; x_wconf 86' lang='lat' dir='ltr'>acciones</span> <span class='ocrx_word' id='word_1_232' title='bbox 1430 1950 1492 1990; x_wconf 87' lang='lat' dir='ltr'>uti</span> <span class='ocrx_word' id='word_1_233' title='bbox 1530 1963 1628 1990; x_wconf 91' lang='lat' dir='ltr'>con-</span> 
     </span>
     <span class='ocr_line' id='line_1_39' title="bbox 184 2007 1626 2063; baseline 0.001 -15"><span class='ocrx_word' id='word_1_234' title='bbox 184 2014 428 2061; x_wconf 87' lang='lat' dir='ltr'>sueuerant,</span> <span class='ocrx_word' id='word_1_235' title='bbox 451 2009 722 2050; x_wconf 84' lang='lat' dir='ltr'>acerbitatem</span> <span class='ocrx_word' id='word_1_236' title='bbox 748 2010 920 2051; x_wconf 88' lang='lat' dir='ltr'>meroris</span> <span class='ocrx_word' id='word_1_237' title='bbox 944 2007 1135 2050; x_wconf 78' lang='lat' dir='ltr'>liabi*tus</span> <span class='ocrx_word' id='word_1_238' title='bbox 1158 2008 1384 2063; x_wconf 86' lang='lat' dir='ltr'>asperitate</span> <span class='ocrx_word' id='word_1_239' title='bbox 1406 2011 1626 2049; x_wconf 85' lang='lat' dir='ltr'>testantes.</span> 
     </span>
     <span class='ocr_line' id='line_1_40' title="bbox 186 2065 1625 2121; baseline -0.001 -15"><span class='ocrx_word' id='word_1_240' title='bbox 186 2065 308 2106; x_wconf 82' lang='lat' dir='ltr'>Tunc</span> <span class='ocrx_word' id='word_1_241' title='bbox 341 2065 518 2107; x_wconf 86' lang='lat' dir='ltr'>Gormo:</span> <span class='ocrx_word' id='word_1_242' title='bbox 579 2066 644 2108; x_wconf 87' lang='lat' dir='ltr'>En</span> <span class='ocrx_word' id='word_1_243' title='bbox 677 2066 817 2119; x_wconf 90' lang='lat' dir='ltr'>michi,</span> <span class='ocrx_word' id='word_1_244' title='bbox 859 2067 1006 2121; x_wconf 87' lang='lat' dir='ltr'>inquit,</span> <span class='ocrx_word' id='word_1_245' title='bbox 1050 2066 1210 2107; x_wconf 84' lang='lat' dir='ltr'>Kanuti</span> <span class='ocrx_word' id='word_1_246' title='bbox 1242 2065 1376 2106; x_wconf 82' lang='lat' dir='ltr'>fatum</span> <span class='ocrx_word' id='word_1_247' title='bbox 1408 2065 1625 2121; x_wconf 80' lang='lat' dir='ltr'>publicas?</span> 
     </span>
     <span class='ocr_line' id='line_1_41' title="bbox 186 2122 1626 2180; baseline -0.001 -16"><span class='ocrx_word' id='word_1_248' title='bbox 186 2122 241 2164; x_wconf 84' lang='lat' dir='ltr'>Et</span> <span class='ocrx_word' id='word_1_249' title='bbox 258 2122 400 2174; x_wconf 86' lang='lat' dir='ltr'>Thira,</span> <span class='ocrx_word' id='word_1_250' title='bbox 434 2123 482 2164; x_wconf 75' lang='lat' dir='ltr'>ld</span> <span class='ocrx_word' id='word_1_251' title='bbox 506 2125 656 2179; x_wconf 91' lang='lat' dir='ltr'>ipsum,</span> <span class='ocrx_word' id='word_1_252' title='bbox 689 2124 759 2176; x_wconf 89' lang='lat' dir='ltr'>ait,</span> <span class='ocrx_word' id='word_1_253' title='bbox 792 2130 866 2165; x_wconf 92' lang='lat' dir='ltr'>tuo</span> <span class='ocrx_word' id='word_1_254' title='bbox 898 2125 1046 2180; x_wconf 91' lang='lat' dir='ltr'>pocius</span> <span class='ocrx_word' id='word_1_255' title='bbox 1069 2138 1193 2179; x_wconf 85' lang='lat' dir='ltr'>quam</span> <span class='ocrx_word' id='word_1_256' title='bbox 1218 2128 1362 2164; x_wconf 81' lang='lat' dir='ltr'>nostro</span> <span class='ocrx_word' id='word_1_257' title='bbox 1385 2123 1626 2164; x_wconf 86' lang='lat' dir='ltr'>declaratur</span> 
     </span>
     <span class='ocr_line' id='line_1_42' title="bbox 187 2180 1626 2235; baseline 0 -14"><span class='ocrx_word' id='word_1_258' title='bbox 187 2181 380 2235; x_wconf 82' lang='lat' dir='ltr'>augurio.</span> <span class='ocrx_word' id='word_1_259' title='bbox 442 2180 535 2229; x_wconf 86' lang='lat' dir='ltr'>Quo</span> <span class='ocrx_word' id='word_1_260' title='bbox 569 2181 681 2222; x_wconf 91' lang='lat' dir='ltr'>dicto</span> <span class='ocrx_word' id='word_1_261' title='bbox 714 2183 865 2223; x_wconf 89' lang='lat' dir='ltr'>marito</span> <span class='ocrx_word' id='word_1_262' title='bbox 890 2187 1079 2230; x_wconf 82' lang='lat' dir='ltr'>mortem,</span> <span class='ocrx_word' id='word_1_263' title='bbox 1112 2183 1189 2223; x_wconf 88' lang='lat' dir='ltr'>sibi</span> <span class='ocrx_word' id='word_1_264' title='bbox 1213 2181 1432 2222; x_wconf 87' lang='lat' dir='ltr'>uiduitatis</span> <span class='ocrx_word' id='word_1_265' title='bbox 1456 2194 1626 2222; x_wconf 85' lang='lat' dir='ltr'>causam</span> 
     </span>
     <span class='ocr_line' id='line_1_43' title="bbox 185 2236 1626 2296; baseline -0.001 -17"><span class='ocrx_word' id='word_1_266' title='bbox 185 2239 373 2294; x_wconf 89' lang='lat' dir='ltr'>prebuit,</span> <span class='ocrx_word' id='word_1_267' title='bbox 404 2253 484 2281; x_wconf 87' lang='lat' dir='ltr'>nec</span> <span class='ocrx_word' id='word_1_268' title='bbox 515 2244 614 2280; x_wconf 85' lang='lat' dir='ltr'>ante</span> <span class='ocrx_word' id='word_1_269' title='bbox 645 2240 776 2280; x_wconf 90' lang='lat' dir='ltr'>filium</span> <span class='ocrx_word' id='word_1_270' title='bbox 809 2254 933 2296; x_wconf 89' lang='lat' dir='ltr'>quam</span> <span class='ocrx_word' id='word_1_271' title='bbox 968 2240 1193 2290; x_wconf 74' lang='lat' dir='ltr'>coniuoem</span> <span class='ocrx_word' id='word_1_272' title='bbox 1224 2238 1400 2294; x_wconf 76' lang='lat' dir='ltr'>planxit</span> <span class='ocrx_word' id='word_1_273' title='bbox 1462 2236 1626 2293; x_wconf 65' lang='lat' dir='ltr'>Italque</span> 
     </span>
     <span class='ocr_line' id='line_1_44' title="bbox 186 2295 1625 2353; baseline -0.001 -16"><span class='ocrx_word' id='word_1_274' title='bbox 186 2298 286 2337; x_wconf 87' lang='lat' dir='ltr'>dum</span> <span class='ocrx_word' id='word_1_275' title='bbox 328 2296 418 2338; x_wconf 88' lang='lat' dir='ltr'>uiro</span> <span class='ocrx_word' id='word_1_276' title='bbox 462 2298 548 2338; x_wconf 87' lang='lat' dir='ltr'>nati</span> <span class='ocrx_word' id='word_1_277' title='bbox 578 2296 792 2339; x_wconf 86' lang='lat' dir='ltr'>fortunam</span> <span class='ocrx_word' id='word_1_278' title='bbox 825 2298 1035 2353; x_wconf 83' lang='lat' dir='ltr'>exprimit,</span> <span class='ocrx_word' id='word_1_279' title='bbox 1077 2298 1253 2339; x_wconf 86' lang='lat' dir='ltr'>alterum</span> <span class='ocrx_word' id='word_1_280' title='bbox 1286 2296 1458 2337; x_wconf 79' lang='lat' dir='ltr'>alteiius</span> <span class='ocrx_word' id='word_1_281' title='bbox 1489 2295 1625 2336; x_wconf 80' lang='lat' dir='ltr'>funeii</span> 
     </span>
     <span class='ocr_line' id='line_1_45' title="bbox 182 2354 1627 2411; baseline -0.001 -15.998"><span class='ocrx_word' id='word_1_282' title='bbox 182 2356 374 2407; x_wconf 81' lang='lat' dir='ltr'>socia-uit,</span> <span class='ocrx_word' id='word_1_283' title='bbox 408 2355 713 2410; x_wconf 87' lang='lat' dir='ltr'>amborumque</span> <span class='ocrx_word' id='word_1_284' title='bbox 759 2357 960 2410; x_wconf 80' lang='lat' dir='ltr'>exequias</span> <span class='ocrx_word' id='word_1_285' title='bbox 1000 2355 1171 2411; x_wconf 87' lang='lat' dir='ltr'>paribus</span> <span class='ocrx_word' id='word_1_286' title='bbox 1207 2358 1432 2410; x_wconf 87' lang='lat' dir='ltr'>prosecuta</span> <span class='ocrx_word' id='word_1_287' title='bbox 1461 2354 1627 2407; x_wconf 85' lang='lat' dir='ltr'>lachry-</span> 
     </span>
     <span class='ocr_line' id='line_1_46' title="bbox 184 2411 1625 2467; baseline -0.001 -14"><span class='ocrx_word' id='word_1_288' title='bbox 184 2413 285 2466; x_wconf 86' lang='lat' dir='ltr'>mis,</span> <span class='ocrx_word' id='word_1_289' title='bbox 328 2413 423 2454; x_wconf 87' lang='lat' dir='ltr'>huic</span> <span class='ocrx_word' id='word_1_290' title='bbox 465 2413 731 2466; x_wconf 85' lang='lat' dir='ltr'>coniugales,</span> <span class='ocrx_word' id='word_1_291' title='bbox 785 2421 996 2454; x_wconf 86' lang='lat' dir='ltr'>maternos</span> <span class='ocrx_word' id='word_1_292' title='bbox 1047 2413 1106 2454; x_wconf 92' lang='lat' dir='ltr'>illi</span> <span class='ocrx_word' id='word_1_293' title='bbox 1156 2413 1349 2467; x_wconf 70' lang='lat' dir='ltr'>planctus</span> <span class='ocrx_word' id='word_1_294' title='bbox 1398 2411 1625 2467; x_wconf 79' lang='lat' dir='ltr'>impendit3</span> 
     </span>
     <span class='ocr_line' id='line_1_47' title="bbox 186 2469 1626 2526; baseline -0.001 -15"><span class='ocrx_word' id='word_1_295' title='bbox 186 2485 425 2526; x_wconf 86' lang='lat' dir='ltr'>quanquam</span> <span class='ocrx_word' id='word_1_296' title='bbox 470 2477 569 2512; x_wconf 89' lang='lat' dir='ltr'>tunc</span> <span class='ocrx_word' id='word_1_297' title='bbox 609 2471 810 2526; x_wconf 87' lang='lat' dir='ltr'>temporis</span> <span class='ocrx_word' id='word_1_298' title='bbox 851 2471 984 2526; x_wconf 87' lang='lat' dir='ltr'>magis</span> <span class='ocrx_word' id='word_1_299' title='bbox 1025 2471 1192 2512; x_wconf 83' lang='lat' dir='ltr'>solaciis</span> <span class='ocrx_word' id='word_1_300' title='bbox 1235 2469 1456 2525; x_wconf 85' lang='lat' dir='ltr'>erigenda,</span> <span class='ocrx_word' id='word_1_301' title='bbox 1501 2484 1626 2524; x_wconf 88' lang='lat' dir='ltr'>quam</span> 
     </span>
     <span class='ocr_line' id='line_1_48' title="bbox 187 2527 900 2583; baseline -0.001 -13"><span class='ocrx_word' id='word_1_302' title='bbox 187 2529 376 2571; x_wconf 86' lang='lat' dir='ltr'>cladibus</span> <span class='ocrx_word' id='word_1_303' title='bbox 409 2527 709 2583; x_wconf 85' lang='lat' dir='ltr'>obter[g]enda</span> <span class='ocrx_word' id='word_1_304' title='bbox 740 2528 900 2570; x_wconf 83' lang='lat' dir='ltr'>fuisset.</span> 
     </span>
    </p>
   </div>
   <div class='ocr_carea' id='block_1_15' title="bbox 632 2609 1183 2641">
    <p class='ocr_par' dir='ltr' id='par_1_15' title="bbox 632 2609 1183 2641">
     <span class='ocr_line' id='line_1_49' title="bbox 632 2609 1183 2641; baseline 0.004 -2"><span class='ocrx_word' id='word_1_305' title='bbox 632 2609 834 2639; x_wconf 79' lang='lat' dir='ltr'>EXPLICIT</span> <span class='ocrx_word' id='word_1_306' title='bbox 865 2610 995 2640; x_wconf 83' lang='lat' dir='ltr'>LIBER</span> <span class='ocrx_word' id='word_1_307' title='bbox 1026 2610 1115 2641; x_wconf 77' lang='lat' dir='ltr'>NON</span> <span class='ocrx_word' id='word_1_308' title='bbox 1122 2610 1183 2641; x_wconf 83' lang='lat' dir='ltr'>VS.</span> 
     </span>
    </p>
   </div>
   <div class='ocr_carea' id='block_1_16' title="bbox 253 2654 1487 2698">
    <p class='ocr_par' dir='ltr' id='par_1_16' title="bbox 253 2654 1487 2698">
     <span class='ocr_line' id='line_1_50' title="bbox 253 2654 1487 2698; baseline -0.002 -5"><span class='ocrx_word' id='word_1_309' title='bbox 253 2668 332 2698; x_wconf 67' lang='lat' dir='ltr'>Saso</span> <span class='ocrx_word' id='word_1_310' title='bbox 353 2667 584 2694; x_wconf 67' lang='lat' dir='ltr'>Grammaticus.</span> <span class='ocrx_word' id='word_1_311' title='bbox 1445 2654 1487 2691; x_wconf 73' lang='lat'>21</span> 
     </span>
    </p>
   </div>
   <div class='ocr_carea' id='block_1_17' title="bbox 1676 969 1774 1003">
    <p class='ocr_par' dir='ltr' id='par_1_17' title="bbox 1676 969 1774 1003">
     <span class='ocr_line' id='line_1_51' title="bbox 1676 969 1774 1003; baseline -0.031 -5"><span class='ocrx_word' id='word_1_312' title='bbox 1676 978 1704 1003; x_wconf 80' lang='lat' dir='ltr'>p.</span> <span class='ocrx_word' id='word_1_313' title='bbox 1723 969 1774 995; x_wconf 73' lang='grc' dir='ltr'>4ῖὸ</span> 
     </span>
    </p>
   </div>
   <div class='ocr_carea' id='block_1_18' title="bbox 1670 2018 1778 2048">
    <p class='ocr_par' dir='ltr' id='par_1_18' title="bbox 1670 2018 1778 2048">
     <span class='ocr_line' id='line_1_52' title="bbox 1670 2018 1778 2048; baseline 0 0"><span class='ocrx_word' id='word_1_314' title='bbox 1670 2018 1778 2048; x_wconf 86' lang='lat' dir='ltr'>XCVI</span> 
     </span>
    </p>
   </div>
   <div class='ocr_carea' id='block_1_19' title="bbox 1683 2250 1781 2283">
    <p class='ocr_par' dir='ltr' id='par_1_19' title="bbox 1683 2250 1781 2283">
     <span class='ocr_line' id='line_1_53' title="bbox 1683 2250 1781 2283; baseline 0.01 -7"><span class='ocrx_word' id='word_1_315' title='bbox 1683 2259 1709 2283; x_wconf 80' lang='lat' dir='ltr'>p.</span> <span class='ocrx_word' id='word_1_316' title='bbox 1730 2250 1781 2277; x_wconf 69' lang='lat'>474</span> 
     </span>
    </p>
   </div>
  </div>
 </body>
</html>
