1884 3126
740 268 789 274 —
854 240 944 285 XII
1006 266 1060 274 -—
1550 241 1634 287 403

181 374 224 413 et
246 368 389 424 Herri,
414 370 565 413 Soanie
590 369 770 424 oriundi,
794 371 866 412 sed
891 371 983 413 eius
1004 386 1131 414 usum
1150 371 1407 415 facinoribus
1430 371 1636 426 demeriti,

181 429 380 481 Iulinum,
414 429 690 470 certissimum
725 428 948 470 Danorum
990 429 1259 496 profugium,
1305 431 1636 487 proscriptorum

181 487 304 529 titulo
337 487 597 541 petiuelunt.
655 486 785 528 Cuius
818 487 943 530 enixe
979 489 1158 543 negocia
1189 494 1482 532 consectantes
1513 490 1636 531 mari-

182 545 379 600 timisque
430 546 610 601 patriam
663 545 896 586 latrociniis
922 546 927 595 Ι
957 546 1244 598 incessentes,
1294 562 1383 589 rem
1431 548 1636 590 Danicam
1692 556 1791 589 p·605

132 624 149 650 ι,
180 604 366 645 atrocius
388 604 616 659 profligare
641 608 857 669 ceperunt.
900 603 1020 645 Tunc
1041 604 1205 646 Danica
1226 604 1426 648 iu'uentus
1449 606 1637 647 Iulinum

180 661 344 713 adorta,
367 661 524 703 fractos
543 659 788 703 obsi*dione
808 661 935 711 ciues,
959 668 1175 729 quotquot
1190 664 1300 704 intra
1323 665 1460 706 menia
1477 664 1637 719 piratas
1692 674 1798 703 cxx·

180 720 417 771 habebant,
461 734 556 762 cum
595 720 774 774 pecunia
817 720 1031 775 paccionis
1064 721 1234 762 nomine
1265 722 1444 776 prebere
1477 723 1633 778 coegit.

182 777 344 826 Quibus
386 778 517 819 nostri
558 778 599 818 in
638 782 896 844 potestatem
945 779 1150 834 acceptis,
1197 779 1284 821 lese
1324 781 1462 836 patrie
1502 794 1635 836 penas

182 835 473 877 ciudelissima
518 837 664 878 mortis
710 836 880 878 racione
925 837 1185 891 expetendas
1232 837 1459 880 duxerunt.
1522 838 1635 880 Nam
1668 866 1679 875 ·

109 913 146 940 10
178 908 260 950 quo
285 893 543 935 uiolenciore
567 908 639 935 cos
662 899 796 936 moite
822 900 1133 947 consumer,ent
1165 896 1366 938 reuinctis
1396 901 1492 951 post
1514 903 1636 951 terga

179 952 384 1002 manibus,
406 952 512 1007 palis
534 953 715 1008 primum
737 952 977 1007 affigendos
1001 953 1219 1004 curabant,
1242 954 1396 995 deinde
1420 956 1633 997 uentrium

180 1025 285 1052 caua
317 1011 451 1052 cultro
485 1011 636 1062 rimati,
668 1011 836 1051 nudatis
871 1011 980 1052 extis
1011 1011 1235 1067 primaque
1268 1012 1479 1054 uiscerum
1511 1017 1633 1068 parte

178 1072 407 1124 protracta,
441 1074 583 1110 cetera
604 1069 816 1123 stipitibus
840 1069 1127 1123 explicabant,
1158 1083 1236 1110 nec
1259 1074 1356 1111 ante
1379 1071 1635 1125 supplicium

178 1127 455 1179 remiserunt,
488 1141 613 1182 quam
645 1132 804 1180 tortos,
838 1127 947 1167 extis
980 1126 1171 1169 funditus
1204 1127 1301 1169 aluo
1336 1129 1504 1183 egestis,
1538 1129 1634 1170 hor-

110 1203 145 1230 15
176 1185 265 1226 ride
317 1186 562 1240 rapacitatis
614 1186 808 1241 spiritum
859 1184 1120 1240 profundere
1172 1187 1423 1240 coegissent.
1508 1186 1635 1235 Quod

179 1242 469 1298 spectaculum
500 1248 547 1284 ut
580 1243 721 1298 specie
754 1243 897 1295 triste,
942 1243 1002 1284 ita
1033 1258 1078 1285 re
1108 1244 1263 1286 nostris
1296 1258 1499 1299 perquam
1534 1245 1635 1286 utile

180 1301 332 1343 extitit.
394 1299 491 1342 Non
522 1301 659 1342 solum
694 1301 805 1342 enim
849 1301 931 1343 reis
973 1316 1126 1356 penam
1167 1302 1456 1355 inflixit,‘sed
1499 1303 1632 1344 eciam

179 1364 344 1400 ceteros
396 1359 656 1401 consimilem
710 1358 919 1401 cruciatus
973 1374 1143 1401 causam
1196 1361 1332 1402 uitare
1379 1361 1635 1415 permonuit.

180 1417 333 1472 Itaque
380 1430 462 1457 non
509 1418 660 1459 minori
707 1417 941 1458 uisentibus
990 1417 1244 1460 documento
1297 1433 1421 1473 quam
1468 1418 1635 1460 afflictis

109 1492 146 1519 20
178 1475 382 1530 supplicio
414 1474 509 1517 fuit.
573 1475 663 1517 Nec
706 1474 838 1517 semel
871 1475 1041 1531 quidem
1075 1476 1226 1518 Ericus
1259 1476 1440 1518 Sclauici
1471 1477 1633 1519 roboris

179 1533 498 1587 amplitudinem
531 1534 682 1589 pressit
714 1539 755 1574 et
788 1547 940 1575 neruos
974 1534 1235 1585 debilitauit,
1282 1534 1356 1576 sed
1398 1535 1550 1576 iterum
1585 1549 1634 1577 ac

178 1592 307 1632 tercio
341 1590 547 1632 effrenata
580 1592 720 1646 gentis
751 1591 860 1633 illius
893 1592 1062 1646 ingenia
1096 1597 1214 1634 tanto
1248 1598 1442 1649 tempore
1460 1593 1631 1646 retudit,

178 1654 226 1690 ut
258 1649 372 1690 nulla
405 1664 500 1691 eum
533 1650 708 1691 ulterius
741 1650 905 1704 piratici
937 1655 1053 1692 estus
1084 1651 1273 1706 procella
1305 1652 1508 1706 pulsaret.

318 1707 513 1758 Interea,
561 1707 759 1749 defuncto
792 1707 957 1762 Egino,
988 1709 1200 1762 Ascerus,
1245 1709 1476 1750 ‹.·1arissimo
1524 1709 1634 1750 inter

108 1782 145 1809 25
177 1765 296 1806 [utos
337 1766 431 1807 loco
472 1772 618 1818 natus,
659 1766 890 1808 Lundonse
923 1767 1212 1809 sacerdocium
1236 1768 1437 1822 sumpsit.
1499 1766 1632 1809 Forte

178 1828 322 1865 autom
355 1822 693 1879 Hamburgensis
740 1825 913 1866 antistes
955 1825 1009 1866 ob
1049 1826 1196 1867 inanes
1219 1828 1236 1875 η
1259 1830 1301 1866 et
1332 1824 1461 1867 falsas
1493 1825 1629 1881 suspi-
1689 1833 1782 1869 (226)

179 1881 317 1923 ciones
350 1881 519 1923 Ericum
553 1882 830 1924 execracione
871 1883 1163 1925 mulctandum
1206 1888 1442 1925 censuerat.
1506 1883 1632 1931 Quod

178 1940 340 1981 ueritus
370 1954 449 1982 rex
479 1940 770 1996 appellacione
801 1939 1076 1997 sentenlciam
1114 1943 1398 1997 precucurrit,
1432 1941 1634 1983 Romam-
1688 1960 1716 1985 r·
1736 1951 1788 1979 ⁶06

179 2012 259 2053 que
291 2012 313 2038 e
347 1998 525 2052 uestigio
558 1998 732 2054 petiuit,
781 2000 850 2040 ubi
885 2014 1012 2042 cause
1045 2015 1122 2042 sue
1154 2000 1350 2042 examine
1382 1999 1632 2053 diligencius

109 2071 146 2098 30
177 2056 337 2106 habito,
359 2056 569 2110 pontificis
593 2057 910 2099 accusat-ionem
933 2062 1130 2123 potentei
1153 2058 1352 2112 reppulit,
1385 2056 1632 2112 eunctisque

180 2113 440 2155 defensionis
472 2114 661 2169 partibus
692 2118 834 2157 actore
867 2116 1059 2172 supeiior
1092 2116 1228 2157 rediit.
1282 2114 1372 2156 Nec
1403 2120 1631 2157 contentus

180 2172 518 2213 efficacissimum
558 2186 683 2214 cause
726 2173 925 2215 diceionis
966 2189 1040 2215 sue
1090 2178 1449 2229 piopugnatorem
1481 2173 1632 2227 egisse,

180 2230 424 2271 atluersarie
445 2230 576 2285 paitis
599 2230 695 2271 odio
729 2232 1011 2286 penetralium
1044 2246 1261 2273 sacrolum
1295 2231 1421 2272 decus
1456 2235 1633 2273 externo

181 2287 423 2330 sacerdocio
458 2288 693 2330 subiectum
723 2289 883 2330 habere
914 2304 1061 2344 passus
1093 2304 1176 2330 non
1211 2294 1285 2331 est.
1347 2289 1632 2336 Quamobrem

111 2360 147 2388 35
178 2345 357 2387 Romam
381 2359 614 2400 regressus,
647 2352 736 2387 tum
760 2361 820 2397 se,
852 2353 940 2388 tum
964 2348 1098 2389 eciam
1129 2348 1310 2403 patriam
1332 2361 1381 2387 ac
1403 2346 1633 2388 domestica

181 2418 302 2444 sacra
344 2403 556 2445 Saxonica
603 2405 843 2458 prelacione
891 2406 1060 2447 liberari
1101 2406 1276 2461 petiuit,
1324 2419 1376 2446 ne
1417 2404 1632 2459 religionis

181 2462 348 2504 racione
383 2462 538 2503 exteris
571 2462 623 2502 ad
656 2462 828 2503 modum
862 2463 1040 2519 obsequi
1072 2468 1296 2518 cogeretur
1329 2467 1404 2504 aut
1443 2463 1531 2504 eius
1570 2462 1632 2504 di-

181 2520 399 2575 sciplinam
423 2520 475 2560 ab
497 2520 747 2575 alienigenis
779 2526 926 2575 petere
956 2535 1131 2563 necesse
1162 2521 1353 2563 haberet.
1401 2520 1492 2562 Nec
1523 2520 1631 2562 diffi-

182 2578 300 2619 cilem
333 2579 446 2619 curie
481 2592 732 2619 consensum
764 2578 924 2620 habuit.
978 2579 1071 2628 Que
1103 2583 1156 2621 n'e
1188 2579 1466 2620 clarissimum
1492 2579 1632 2620 uirum

113 2650 149 2677 40
180 2637 350 2691 repulsa
391 2636 601 2689 afficeret,
641 2640 732 2677 tum
773 2635 1012 2692 dignitatis,
1055 2643 1146 2679 tum
1190 2637 1324 2678 eciam
1362 2636 1632 2691 fatigacionis

1422 2703 1490 2740 26*
