1884 3126
265 917 301 944 10

263 1204 298 1231 15

262 1492 299 1518 20

259 1780 295 1806 25

261 2068 297 2095 30

261 2353 298 2381 35

341 265 423 307 416
894 281 942 286 —-
1006 253 1118 296 XIII
1179 276 1232 282 —-

341 388 505 429 harenis
538 398 660 439 quam
703 382 894 423 hostibus
927 381 1165 436 relinquere
1204 380 1456 422 maluerunt.
1520 379 1656 428 Quam
1687 394 1774 423 rem

340 445 561 492 Nicolaus,
607 442 647 481 in
695 439 950 480 Sialandiam
1006 453 1061 480 ex
1113 438 1261 479 Fionia
1313 437 1547 490 traiiciens,
1609 439 1775 480 tametsi

340 502 496 542 eminus
529 497 719 552 specular
725 502 829 547 etu1
859 496 1198 550 periclitantibus
1230 495 1413 560 presidio
1446 495 1535 536 fore
1573 496 1775 550 nequiuit,

339 558 446 612 quod
482 556 645 607 exiguis
678 558 718 595 et
749 553 1003 594 inhabilibus
1033 553 1084 594 ad
1107 553 1329 607 iemigium
1361 552 1540 606 nauigiis
1572 557 1775 595 uteretur

338 616 512 664 Postea,
546 626 640 652 cum
673 611 891 652 Kanutum
934 610 1161 651 iocundum
1195 623 1268 665 pre
1300 624 1344 652 se
1374 611 1539 651 uultum
1571 610 1775 652 ferentem

338 671 609 725 conspicer-,et
642 669 722 710 oris
754 668 1010 709 hilaritatem
1047 668 1290 722 increpans,
1334 668 1388 709 ob
1429 672 1641 709 recentem
1674 669 1774 710 auiti

336 727 583 782 paternique
625 727 704 767 eris
745 725 947 767 iacturam
992 726 1137 767 dolere
1182 726 1219 766 ei
1260 725 1312 765 ad
1358 725 1530 766 modum
1573 726 1774 780 expedire

335 785 515 826 dicebat.
588 783 665 825 Ille
709 784 809 824 nihil
853 785 929 824 hac
970 798 1013 825 se
1058 783 1220 824 moueri
1262 783 1433 824 fortuna
1465 782 1664 837 dicejjbat,
1697 784 1769 825 sed

337 843 426 884 eius
461 842 665 883 beneficio
708 855 917 882 summam
955 841 1218 882 liberalitatis
1262 842 1526 882 occasionem
1560 843 1773 896 accepisse

336 900 564 954 respondit.
626 898 684 939 Vt
725 899 833 939 enim
874 902 972 940 ante
1013 898 1114 939 nihil
1156 913 1210 940 ex
1241 903 1513 953 paternarum
1546 913 1669 953 opum
1705 914 1776 940 cu-

332 958 447 998 mulo
493 957 717 1011 decerpere
764 971 933 1008 ausum,
979 956 1037 996 ita
1074 956 1272 1011 deinceps
1319 970 1560 997 accessuras
1605 957 1773 998 abunde

332 1019 618 1069 erogaturum.
690 1014 920 1055 Maximum
965 1014 1119 1069 quippe
1159 1014 1338 1055 auaricie
1380 1015 1681 1055 nutrimentum
1715 1014 1774 1055 di-

331 1072 462 1113 uicias
496 1086 599 1125 esse,
634 1086 736 1127 quas
769 1072 954 1126 quisquis
988 1086 1208 1113 asseruare
1239 1072 1488 1124 intenderit,
1523 1072 1774 1113 humanitati

332 1144 486 1170 uacare
531 1144 612 1170 non
654 1130 797 1185 possit.
860 1129 954 1177 Qua
996 1144 1101 1170 uoce
1142 1143 1186 1170 se
1217 1130 1419 1184 pecunie,
1452 1129 1527 1171 sed
1561 1143 1653 1170 eam
1684 1131 1772 1185 regi

330 1188 536 1241 imperare
567 1187 844 1228 monstrabat.
918 1185 1045 1228 Cuius
1089 1188 1148 1228 rei
1188 1188 1436 1243 precipuum
1475 1187 1616 1228 extitit
1647 1187 1772 1229 docu-

329 1250 534 1295 mentum,
566 1244 677 1299 quod
709 1245 911 1300 sequitur.
975 1244 1103 1297 Cum,
1137 1245 1190 1286 ob
1224 1245 1498 1286 creberrimas
1530 1245 1771 1287 acerrimas-

331 1316 413 1357 que
458 1303 730 1343 finitimorum
773 1303 1097 1344 excursaeiones
1144 1303 1310 1344 nemine
1358 1302 1633 1344 Slesuicensis
1677 1317 1771 1358 pre-

330 1361 489 1401 fecture
523 1360 771 1401 beneficium
803 1361 936 1401 eciam
968 1360 1158 1401 oblatum
1188 1360 1374 1415 recipere
1406 1361 1601 1412 audente,
1626 1360 1772 1402 Kanu-

331 1422 400 1458 tus
442 1424 527 1458 tam
570 1418 850 1472 periculosum
893 1433 917 1459 a
948 1423 1100 1473 patruo
1134 1419 1334 1459 honorem
1375 1432 1459 1458 non
1493 1432 1625 1473 opum
1657 1419 1770 1473 cupi-

331 1474 482 1527 ditate,
527 1475 600 1516 sed
640 1474 794 1516 fiducia
837 1476 1003 1516 uirtutis
1044 1479 1285 1530 expeteret,
1326 1490 1466 1531 neque
1508 1477 1638 1528 gratis
1673 1491 1770 1517 eum

329 1533 554 1587 impetrare
578 1533 793 1588 quiuisset,
824 1534 999 1575 uendita
1021 1533 1263 1588 patrimonii
1286 1538 1417 1588 parte,
1450 1533 1769 1574 formidolosum

331 1591 420 1631 aliis
452 1605 603 1631 munus
635 1591 775 1646 precio
808 1597 1024 1633 assecutus
1059 1595 1134 1643 est,
1167 1605 1260 1632 eam
1293 1591 1461 1632 demum
1498 1596 1767 1646 questuosam

330 1661 420 1689 esse
466 1648 658 1689 miliciam
706 1652 844 1700 ratus,
889 1663 970 1704 qua
1015 1649 1147 1703 glorie
1188 1654 1230 1690 et
1272 1649 1470 1689 claritatis
1513 1649 1770 1703 stipendium

329 1705 535 1760 potuisset
574 1706 746 1760 acquiri.
821 1706 886 1748 Ita
927 1713 1007 1748 rex'
1037 1706 1398 1748 extimescendum
1438 1706 1607 1760 ignauie
1641 1706 1769 1748 decus

327 1764 473 1804 uirtuti
514 1764 666 1806 uenale
706 1763 816 1806 fecit.
887 1764 1066 1819 Emptor
1109 1778 1212 1805 uero
1255 1764 1347 1818 plus
1388 1764 1491 1805 lucri
1532 1765 1572 1805 in
1616 1765 1768 1806 milicie

331 1835 457 1876 quam
488 1835 612 1876 opum
646 1822 883 1876 agitacione
915 1823 1113 1878 reposuit.
1174 1822 1385 1876 Principio
1429 1822 1634 1877 siquidem
1676 1836 1769 1876 per-

331 1883 451 1933 cepte
493 1882 716 1933 potestatis
759 1880 944 1921 Henrico
990 1894 1064 1934 per
1095 1881 1258 1934 legatos
1290 1879 1476 1932 mandat,
1510 1880 1689 1921 libenter
1720 1894 1766 1920 se

331 1951 423 1977 cum
474 1951 523 1978 eo
573 1937 626 1978 de
675 1951 780 1992 pace
829 1943 1034 1991 acturum,
1087 1938 1119 1978 si
1170 1938 1349 1992 primum
1394 1943 1434 1978 et
1479 1937 1632 1978 damna
1657 1937 1768 1978 Iutie

332 1995 631 2036 emendacione
672 1993 861 2050 penlsata
893 2000 934 2037 et
966 1996 1100 2050 spolia
1133 1996 1185 2036 ab
1225 1996 1316 2050 ipso
1349 1995 1543 2036 restituta
1573 1995 1763 2037 fuissent.

330 2051 493 2098 Quibus
515 2052 726 2107 profectis,
757 2055 848 2107 ipse
872 2054 1051 2104 interim,
1082 2053 1257 2108 perinde
1279 2067 1326 2093 ae
1355 2054 1543 2107 responsi
1567 2054 1767 2108 prescius,

330 2124 409 2151 non
453 2110 587 2151 solum
629 2125 821 2163 suorum,
863 2112 936 2152 sed
978 2111 1110 2153 eciam
1149 2124 1314 2162 eorum,
1357 2124 1461 2165 quos
1497 2125 1549 2152 ex
1583 2110 1767 2152 finitimis

330 2168 485 2209 amieos
517 2168 716 2222 habebat,
747 2183 872 2209 manu
905 2174 1132 2221 contracta,
1163 2169 1400 2223 legatorum
1434 2168 1611 2209 reditum
1642 2168 1766 2209 armis

330 2225 527 2280 subsequi
561 2227 721 2267 statuit.
784 2226 994 2268 Henricus
1026 2240 1070 2267 se
1100 2240 1238 2281 neque
1272 2239 1363 2266 cum
1386 2226 1520 2267 Danis
1559 2226 1765 2267 amicicias

329 2288 546 2337 gesturum
580 2297 715 2338 neque
737 2299 759 2324 a
782 2290 973 2326 materne
995 2284 1239 2325 hereditatis
1271 2283 1477 2338 peticione
1508 2288 1765 2324 cessaturum

328 2341 559 2396 respondit.
622 2341 716 2398 Quo
749 2347 938 2397 accepto,
972 2342 1168 2383 Kanutus
1199 2355 1366 2382 rursum
1392 2341 1443 2381 ad
1478 2355 1569 2382 eum
1603 2341 1764 2395 legatos

330 2399 470 2452 mittit,
504 2413 669 2439 omnem
701 2406 917 2454 sequestre
950 2400 1064 2454 pacis
1095 2398 1435 2440 communionem
1468 2398 1632 2453 publice
1664 2398 1764 2438 reci-

329 2469 462 2498 surOS.
524 2456 716 2504 Quorum
749 2456 956 2498 Henricus
988 2457 1107 2498 irrisa
1137 2457 1368 2510 legacione,
1400 2456 1615 2497 Kanutum
1648 2456 1764 2519 inpa-

331 2514 453 2554 cienti
487 2515 661 2555 sessoris
695 2527 801 2569 eqo
832 2515 1084 2569 persimilem
1111 2515 1189 2567 ait3
1223 2527 1267 2555 se
1289 2528 1393 2555 uero
1415 2513 1652 2568 petulancie
1674 2513 1762 2554 eius

330 2569 471 2611 frenos
502 2572 670 2613 iniicere
693 2585 765 2613 cur
795 2578 950 2614 turum.
998 2572 1077 2613 His
1099 2572 1265 2620 auditis,
1298 2570 1505 2624 Kanutus,
1539 2578 1585 2612 ut
1605 2584 1761 2625 magno

263 2640 299 2667 40
328 2626 502 2682 impetu,
535 2630 593 2685 ita
625 2629 793 2671 minimo
826 2630 1009 2671 tumultu
1041 2634 1170 2671 noctu
1198 2629 1279 2671 iter
1308 2629 1546 2683 ingressus,
1578 2628 1760 2683 ferrique

1826 790 1884 819 (23
