1884 3126
257 879 290 906 10

258 1170 291 1196 15

254 1460 291 1487 20

255 1750 292 1777 ‘25

257 2038 293 2065 30

258 2328 294 2355 35

259 2620 296 2649 40

323 219 403 261 126
910 245 959 250 -
1019 219 1062 262 V
1122 245 1175 252 —-

319 345 457 386 lancie
497 345 656 386 rabiem
699 345 859 401 duplex
898 346 1049 389 furoris
1089 348 1249 402 species
1292 347 1490 401 agitabat.
1553 346 1765 389 Conuenis

321 402 642 458 hospitibusque
682 408 929 459 reccptuum
974 406 1067 447 loco
1099 406 1289 447 conuicia
1322 405 1623 460 prebebantur.
1686 404 1766 447 Tot

320 461 596 502 ludibriorum
638 461 900 504 irritamenta
931 477 955 504 a
986 463 1275 519 petulantibus
1308 469 1350 505 et
1381 462 1549 505 lasciuis
1595 467 1765 517 reperta

320 523 430 561 sunt.
471 518 594 561 Adeo
625 520 704 561 sub
736 534 835 575 rege
867 534 997 575 puero
1028 522 1241 563 temeritas
1273 521 1471 562 libertate
1503 520 1660 562 nutrita
1687 524 1762 562 est.

319 575 459 617 “Y-Nihil
492 577 602 619 enim
633 581 797 619 tantum
830 579 1035 633 peccandi
1063 580 1277 621 licenciam
1300 578 1523 634 protrahit,
1555 584 1756 634 quantum
1772 597 1884 626 xxxx

320 635 496 676 ulcionis
538 650 731 691 peneque
774 635 935 678 dilacio.
1007 637 1110 678 Tam
1152 638 1357 679 effrenata
1398 637 1574 678 militum
1622 650 1767 692 proca·
1825 651 1828 655 ’

321 693 422 734 citas
453 707 537 734 non
571 694 726 735 exteris
758 698 936 740 tantum,
968 695 1041 736 sed
1075 696 1206 737 eciam
1233 696 1370 752 patrie
1406 696 1588 736 inuisum
1609 694 1768 736 fecerat

321 765 478 803 regem.
540 749 758 807 Dolenlter
790 752 997 807 siquidem
1029 753 1222 795 ferebant
1252 754 1363 795 Dani
1397 753 1579 808 superbe
1611 753 1686 794 sibi
1719 766 1766 793 ac
1820 761 1878 793 xm!

322 808 548 850 crudeliter
594 810 804 865 imperari.
866 810 980 866 Grep
1012 825 1128 865 uero,
1181 811 1293 853 haud
1345 811 1492 852 humili
1543 815 1766 860 contentus

320 867 504 919 Venere,
538 881 586 908 eo
620 883 665 909 se
697 869 946 910 temeritatis
981 869 1142 920 effudit,
1175 874 1234 923 ut,
1267 884 1361 911 cum
1394 870 1541 924 regina
1563 883 1766 910 commer-

322 925 382 966 cio
404 925 587 966 libidinis
610 925 768 978 habito,
801 931 884 967 tam
917 927 1008 981 regi
1039 926 1239 982 perfidus,
1273 941 1398 983 quam
1431 927 1580 969 ceteris
1610 927 1769 968 uiolen-

322 988 386 1024 tus
419 983 634 1026 existeret.
676 982 883 1026 Adoleuit
917 985 1067 1026 deinde
1098 985 1305 1040 paulatim
1336 985 1521 1039 infamia,
1554 985 1768 1040 tacitoque

321 1041 457 1096 gradu
490 1041 669 1082 criminis
701 1042 883 1097 suspicio
916 1042 1080 1097 serpsit,
1111 1047 1208 1084 ante
1237 1044 1367 1098 uulgo
1400 1048 1612 1098 comperta
1644 1056 1768 1098 quam

321 1099 420 1153 regi.
481 1099 597 1154 Grep
641 1100 748 1140 enirn
794 1101 833 1141 in
877 1114 1044 1154 omnes,
1086 1101 1157 1156 qui
1199 1102 1268 1142 uel
1310 1101 1518 1142 modicam
1553 1101 1677 1142 huius
1709 1101 1767 1141 rei

321 1157 581 1198 mencionem
615 1157 820 1211 egissent,
863 1158 1202 1201 animaduertere
1235 1159 1404 1212 solitus,
1450 1159 1767 1201 accusacioncm

322 1216 383 1257 sui
424 1214 731 1256 formidabilem
773 1215 947 1258 fecerat.
1011 1215 1164 1271 Opinio
1207 1220 1347 1258 tamen
1390 1216 1557 1258 sceleris
1588 1217 1767 1271 primum

322 1274 502 1314 susurris
548 1273 648 1314 alita
695 1277 779 1327 est,
833 1274 986 1316 dehinc
1034 1278 1212 1329 excepta
1258 1274 1512 1316 rumoribus.
1573 1274 1767 1316 Difficilis

322 1331 528 1386 siquidem
551 1331 660 1386 apud
685 1331 874 1373 conscios
906 1332 1028 1372 alieni
1065 1333 1245 1373 criminis
1279 1332 1510 1374 occultacio
1545 1336 1621 1374 est.
1664 1332 1768 1373 l’ro-

323 1403 395 1430 cus
418 1390 627 1431 Gunware
650 1389 795 1431 creber
817 1390 1024 1431 exstabat.
1065 1390 1203 1445 Igitur
1225 1391 1351 1445 Grep,
1370 1389 1535 1444 repulse
1560 1390 1769 1431 ulcionem

323 1446 594 1488 clandestinis
636 1447 796 1488 artibus
838 1448 1066 1502 impetrare
1107 1453 1307 1499 conatus,
1355 1448 1578 1489 estimandi
1619 1462 1769 1503 procos

323 1505 540 1546 arbitrium
586 1505 771 1560 flagitat,
821 1505 1158 1560 exquisitissimis
1199 1507 1382 1562 puellam
1423 1506 1585 1561 nupciis
1627 1506 1768 1547 deberi

323 1563 534 1605 testando.
593 1562 857 1604 Obscurabat
888 1569 1028 1606 autem
1061 1564 1177 1618 iram,
1210 1579 1263 1606 ne
1295 1564 1470 1618 uirginis
1503 1564 1599 1606 odio
1633 1564 1768 1618 quesi-

323 1625 411 1662 tum
445 1621 659 1662 uideretur
691 1621 888 1663 officium.
936 1622 1083 1663 Oranti
1115 1637 1189 1664 rex
1222 1622 1370 1664 merita
1400 1622 1603 1663 iuuenum
1634 1622 1770 1677 inspe-

325 1679 478 1721 ctanda
517 1679 736 1734 permittit.
798 1680 987 1721 Primum
1028 1681 1169 1735 itaque
1214 1684 1387 1722 cunctos
1421 1680 1634 1721 Gunware
1665 1680 1768 1735 peti-

324 1743 436 1779 tores
480 1738 666 1778 conuiuii
707 1738 981 1779 simulacione
1021 1738 1251 1788 contraxit,
1291 1752 1340 1779 ac
1373 1737 1522 1779 deinde
1554 1739 1768 1789 conclaue,

325 1796 390 1838 cui
420 1794 563 1850 puella
606 1800 876 1849 assueuerat,
922 1796 1100 1837 desectis
1146 1810 1289 1838 eorum
1334 1796 1540 1852 capitibus
1583 1796 1768 1850 cingens,

325 1853 496 1895 crudele
544 1854 697 1895 ceteris
748 1854 1036 1909 spectaculum
1086 1854 1266 1910 prebuit.
1327 1854 1445 1896 Nihil
1490 1859 1630 1895 tamen
1679 1854 1767 1894 eius

325 1911 436 1968 apud
459 1911 717 1953 Frotbonem
742 1912 882 1966 gracie
904 1912 1141 1953 detractum
1170 1919 1246 1965 est,
1280 1926 1363 1967 quo
1396 1912 1533 1953 minus
1565 1916 1766 1953 consueto

324 1970 621 2011 familiaritatis
674 1970 812 2011 officio
863 1969 1129 2023 fungeretur.
1221 1970 1512 2011 Conueniendi
1562 1969 1767 2024 siquidem

324 2028 435 2082 regis
469 2027 630 2082 copiam
663 2028 805 2084 precio
838 2028 925 2083 peti
957 2027 1111 2069 debere
1152 2028 1386 2078 constituit,
1425 2027 1632 2069 neminem
1666 2028 1768 2068 allo-

327 2087 426 2142 quio
450 2085 539 2126 eius
562 2100 734 2127 usurum
759 2085 1053 2141 pronuncians,
1080 2086 1123 2127 ni
1143 2099 1319 2127 munera
1342 2085 1576 2127 detulisset.
1619 2084 1768 2139 Neque

328 2143 438 2185 enim
478 2143 583 2184 tanti
624 2143 742 2185 ducis
784 2143 943 2185 aditum
986 2144 1085 2184 trito
1129 2143 1443 2185 consuetudinis
1476 2156 1653 2198 genere,
1695 2142 1768 2184 sed

326 2201 461 2256 plenis
493 2201 738 2243 ambicionis
770 2201 920 2243 studiis
951 2201 1265 2256 impetrandum
1298 2201 1443 2254 edixit,
1475 2201 1592 2255 regie
1623 2201 1770 2242 carita-

326 2260 380 2301 tis
424 2259 699 2301 simulacione
746 2259 1007 2301 crudelitatis
1057 2259 1270 2300 infamiam
1317 2260 1550 2300 leuaturus.
1611 2259 1768 2300 Taliter

324 2317 564 2359 lacessitum
597 2317 750 2372 uulgus
787 2317 1075 2359 afflictacionis
1112 2331 1187 2358 sue
1219 2317 1435 2372 querelam
1468 2317 1605 2358 tacitis
1637 2317 1768 2371 gemi-

326 2376 438 2417 tibus
469 2375 669 2429 agitabat.
711 2374 826 2416 Nulli
858 2375 1023 2417 miserie
1056 2378 1248 2429 tempora
1280 2374 1477 2430 culpandi
1509 2375 1650 2429 palam
1682 2375 1768 2415 ani-

326 2448 419 2475 mus
452 2437 554 2474 erat.
600 2432 767 2474 Nemini
800 2433 1063 2488 ingruentem
1097 2433 1345 2474 calumniam
1378 2433 1533 2488 apertis
1566 2432 1766 2474 efferendi

327 2488 610 2546 querimolniis
641 2505 770 2539 ausus
802 2491 1043 2533 incesserat.
1089 2490 1288 2533 Internus
1327 2491 1513 2532 omnium
1545 2489 1768 2546 precordia
1822 2499 1879 2532 p.1

328 2550 449 2591 dolor
481 2549 562 2600 hoc
592 2548 740 2601 acrius,
774 2562 856 2603 quo
889 2548 1111 2600 occulcius,
1141 2548 1371 2591 lacerabat.
1649 2551 1654 2557 '

466 2606 561 2656 Quo
595 2607 763 2661 cognito
797 2606 1019 2657 Gotherus,
1051 2605 1264 2661 Noruagie
1294 2620 1384 2659 rex,
1417 2606 1637 2648 contractis
1669 2619 1766 2648 con-
