1884 3126
160 887 195 914 10

157 1178 192 1204 15

153 1466 191 1493 20

153 1754 189 1781 25

153 2043 190 2071 30

152 2332 188 2360 35

233 228 315 268 330
816 249 870 256 -
929 224 985 287 X·
1032 248 1085 255 ψ

231 353 401 395 auertit.
462 352 617 394 Tribus
649 351 802 394 deinde
832 352 998 408 sagittis
1031 353 1231 409 pharetra
1268 352 1485 408 expositis,
1521 352 1669 407 prima,

232 425 357 467 quam
388 425 520 452 neruo
554 410 744 464 inseruit,
788 411 1004 466 proposito
1047 411 1264 452 obstaculo
1308 409 1464 452 incidit.
1526 409 1604 451 Cui
1635 410 1669 451 si

229 470 399 511 fortuna
432 472 558 524 caput
590 467 870 510 adolescentis
903 469 1139 520 obiecisset,
1177 468 1280 509 haut
1306 468 1444 517 dubie>
1465 468 1504 509 in
1538 467 1667 522 patris

231 526 466 581 periculum
488 526 575 567 nati
597 540 709 581 pena
732 526 954 579 recideret,
985 527 1218 581 spiculique
1240 540 1353 568 error
1374 539 1667 581 percussorem

227 583 414 640 percussi
447 584 583 626 exicio
615 584 830 626 sociasset.
863 583 1074 625 Virtutem
1099 598 1198 639 ergo
1221 583 1350 640 patris
1373 598 1427 625 an
1448 583 1666 638 ingenium

229 643 301 683 filii
348 642 590 708 impensiori
629 642 925 684 ammiracione
969 656 1210 697 prosequar,
1262 642 1443 696 ambigo,
1488 655 1666 696 quorum

229 701 338 741 alter
369 700 470 742 artis
493 714 578 742 sue
611 700 841 755 prudencia
864 699 879 753 ΙΙ
903 701 1169 755 parricidium
1195 700 1317 754 cauit,
1349 700 1455 742 alter
1478 699 1664 753 corporis

229 758 441 823 animique
470 758 686 813 paciencia
716 758 795 800 sibi
827 759 1074 813 sospitatem
1106 758 1282 814 peperit,
1327 758 1436 813 patri
1469 757 1667 812 pietatem

228 816 432 857 seruauit.
521 815 749 857 Enimuero
810 816 996 858 iuuenile
1047 830 1199 872 corpus
1250 816 1427 858 senilem
1478 815 1666 856 animum

227 873 471 924 roborauit,
518 878 681 915 tantum
724 874 983 916 fortitudinis
1024 875 1064 916 in
1105 874 1371 930 expectando
1413 874 1552 914 iaculo
1594 887 1665 915 ex-

227 931 391 985 hibens,
437 935 640 986 quantum
681 932 837 987 pericie
879 937 999 988 pater
1038 933 1079 974 in
1127 932 1357 974 emittendo
1397 930 1664 987 prebuerat*

226 988 379 1045 Itaque
420 990 659 1031 constancie
705 1004 780 1032 sue
821 989 1051 1045 beneficio,
1096 1005 1150 1032 ne
1190 990 1270 1032 sibi
1310 990 1502 1046 spiritus,
1552 989 1660 1044 patri

227 1048 339 1089 salus
373 1047 618 1103 eriperetur,
653 1047 803 1090 effecit.
864 1047 1158 1103 Interrogatus
1190 1052 1333 1090 autem
1354 1063 1378 1089 a
1401 1061 1501 1098 rege
1524 1046 1663 1101 Toko,

227 1119 301 1146 cur
352 1105 473 1161 plura
523 1106 723 1161 pharetre
775 1105 942 1161 spicula·
988 1105 1256 1159 detraxisset,
1309 1119 1402 1147 cum
1452 1104 1661 1147 fortunam

223 1177 345 1204 arcus
396 1163 529 1205 semel
581 1164 787 1205 duntaxat
816 1164 1130 1219 ,experimento
1183 1164 1384 1220 prosequi
1435 1162 1663 1215 debuisset,

223 1221 283 1262 Vt
311 1221 352 1262 in
385 1225 440 1274 te,
471 1222 618 1276 inquit,
652 1221 772 1276 primi
804 1236 987 1264 errorem
1020 1222 1272 1277 reliquorum
1299 1221 1498 1277 ⁸acumine
1530 1220 1664 1263 uindi-

224 1293 376 1332 carem,
421 1293 473 1320 ne
504 1293 597 1320 mea
628 1279 737 1321 forte
768 1279 1015 1321 innocencia
1046 1294 1212 1334 penam,
1257 1285 1329 1321 tua
1369 1279 1663 1335 impunitatem

225 1337 490 1392 experiretur
522 1337 745 1379 uiolencia.
807 1337 902 1386 Quo
937 1341 1023 1378 tam
1054 1338 1188 1379 libero
1222 1337 1333 1379 dicto
1367 1342 1408 1379 et
1439 1337 1517 1379 sibi
1548 1336 1662 1378 forti-

225 1395 381 1436 tudinis
432 1395 603 1436 titulum
655 1394 800 1436 deberi
849 1395 993 1436 docuit
1036 1400 1078 1436 et
1124 1396 1237 1450 regis
1287 1395 1508 1450 imperium
1553 1408 1662 1450 pena

222 1452 397 1507 dignum
432 1453 630 1495 ostendit
693 1452 777 1494 Sed
818 1453 867 1494 iis
911 1454 1208 1495 necessitatum
1254 1453 1451 1509 procellis
1493 1457 1662 1494 erutum

223 1510 350 1576 paulo
382 1515 480 1566 post
511 1525 588 1565 par
620 1511 717 1552 mali
761 1515 991 1566 tempestas
1034 1511 1250 1565 implicuit.
1312 1510 1504 1553 Haraldo
1552 1510 1662 1551 enim

223 1569 313 1610 eius
346 1583 391 1610 se
423 1568 536 1621 artis,
569 1583 651 1624 qua
681 1569 820 1611 Finnii
852 1569 1015 1610 niuales
1047 1569 1177 1611 saltus
1210 1573 1452 1624 peragrant,
1486 1568 1662 1624 pericio-

222 1640 312 1668 rem
357 1626 529 1668 iactanti
577 1626 698 1669 Toko
745 1627 787 1668 in
819 1627 1022 1668 consimili
1051 1641 1206 1682 genere
1236 1627 1371 1668 laudis
1392 1640 1510 1668 suam
1533 1640 1660 1667 ausus

224 1683 412 1726 conferre
446 1684 659 1738 uirtutem,
691 1684 804 1739 apud
838 1684 1000 1726 Collam
1032 1699 1181 1740 rupem
1210 1685 1215 1737 Ι
1241 1685 1353 1727 edite
1393 1683 1661 1741 professionis

223 1742 564 1797 experimentum
614 1742 793 1798 prebere
845 1743 1125 1797 compellitur.
1208 1742 1290 1785 Sed
1353 1742 1466 1798 quod
1525 1742 1662 1783 minus

225 1800 782 1853 exerciciocelebrauerat,
834 1800 997 1855 plenius
1044 1815 1068 1841 a
1115 1801 1273 1842 uirtute
1318 1804 1535 1842 mutuatus
1583 1803 1660 1841 est.

223 1857 458 1899 Eminentis
501 1858 612 1899 enim
656 1858 819 1913 scopuli
864 1858 1079 1901 cacumine
1122 1873 1374 1911 conscenso,
1421 1858 1575 1912 exiguo
1617 1871 1662 1904 se

225 1915 326 1957 fusti
372 1915 562 1969 credidit,
608 1916 875 1972 lubricasque
913 1917 1068 1972 plantis
1115 1916 1280 1958 tabulas
1321 1915 1564 1982 adaptando
1595 1929 1660 1957 ra-

223 1974 370 2039 pidum
401 1974 443 2015 in
474 1987 648 2029 preceps
682 1974 927 2016 uehiculum
973 1975 1072 2028 egit.
1135 1973 1265 2016 Cuius
1308 1974 1500 2031 precipiti
1536 1977 1662 2040 raptu

220 2032 264 2072 in
314 2036 539 2087 preruptos
599 2032 736 2074 silices
796 2037 944 2086 actus,
1004 2032 1275 2075 nihilominus
1331 2032 1519 2074 debitum
1571 2032 1661 2073 eius

223 2089 413 2143 regimen
445 2090 657 2145 intrepida
687 2105 815 2132 manu
848 2090 1066 2133 continere
1097 2091 1274 2136 suffecit
1335 2090 1487 2145 Neque
1507 2089 1566 2130 illi
1587 2092 1660 2130 aut

222 2147 398 2201 periculi
449 2148 699 2200 magnitudo
746 2152 821 2190 aut
870 2149 982 2190 ullus
1023 2149 1150 2191 animi
1193 2153 1356 2204 stupor,
1401 2163 1484 2203 quo
1525 2147 1660 2188 minus
1701 2192 1704 2193 ⁷

221 2205 341 2246 firmo
373 2220 420 2247 se
451 2219 623 2260 corpore
662 2207 909 2259 contineret,
937 2205 1124 2249 officere
1155 2208 1309 2262 potuit.
1370 2205 1661 2247 Exterruisset

222 2263 348 2304 alium
382 2267 601 2319 conspecta
637 2265 850 2319 precipicii
890 2265 1177 2313 immensitas,
1218 2269 1344 2319 atque
1386 2267 1485 2305 ante
1522 2263 1660 2317 ipsum

222 2320 394 2376 periculi
443 2321 682 2375 ingressum
738 2322 863 2377 plena
912 2325 1049 2364 metus
1100 2322 1348 2364 hebitudine
1399 2320 1659 2363 confecisset.

221 2378 410 2420 Tandem
442 2379 550 2421 illiso
582 2379 774 2424 cautibus
807 2380 1017 2429 uehiculo,
1062 2381 1127 2421 cui
1168 2380 1416 2434 insistebat,
1458 2391 1660 2420 exc-ussus

221 2436 391 2479 fortuito
421 2436 596 2479 fustium
626 2436 862 2489 fragmento
893 2437 1073 2479 solidum
1105 2437 1403 2480 incolumitatis
1432 2435 1660 2491 presidium

222 2494 392 2549 reperit,
438 2494 616 2550 fatoque
656 2494 812 2550 alioqui
854 2494 1170 2550 propinqu[i]us
1206 2495 1320 2536 felici
1350 2493 1569 2547 naufragio
1599 2493 1660 2534 in-

224 2557 442 2610 speratam
474 2552 620 2594 salutis
652 2551 878 2594 anchoram
909 2552 1201 2607 apprehendit.
1261 2552 1492 2594 Enimuero
1524 2550 1660 2592 acrius

153 2620 194 2648 40
225 2609 334 2651 cliuo
368 2606 586 2665 impactus,
617 2609 817 2666 perfracti
849 2610 1035 2652 uehiculi
1072 2610 1225 2653 damno
1263 2613 1397 2652 tutum
1435 2608 1663 2651 cursitandi

1718 709 1811 743 (185)
