1884 3126
671 285 721 290 —
783 261 899 304 XIII
964 285 1012 290 --
1533 261 1616 302 419

96 435 98 437 .
155 392 387 434 Ser-uorum
416 391 586 433 labores
626 391 856 432 latrociniis
891 390 1148 446 applicabat.
1210 390 1449 431 Satellitum
1484 388 1616 430 cultui

154 450 308 492 uicinie
342 449 490 504 spolia,
525 449 715 505 sumptui
757 449 1114 504 impendebantur
1150 451 1356 490 armenta.
1420 446 1615 489 Estatem

154 509 356 565 piratica,
401 509 562 564 pariter
604 505 793 549 ciuibus*
824 512 949 562 atque
991 507 1146 548 exteiis
1178 506 1419 558 insidiosus,
1454 505 1817 560 exegit.cxx1111=›

157 567 378 618 Ceterum,
422 580 504 622 quo
546 566 782 622 Roskyldie
826 566 1073 607 damnosius
1106 565 1363 611 immineiet
1392 564 1616 605 aduersam

108 635 124 662 5
157 625 194 667 ei
225 625 508 666 municionem
542 625 692 677 erexit,
725 637 852 679 quam
887 629 930 665 et
964 623 1256 665 sordidissime
1300 622 1499 665 clientele
1531 620 1616 665 fre-

156 684 335 739 quencia
379 683 622 738 compleuit.
693 682 870 737 Itaque,
916 682 1024 723 iuris
1067 683 1208 736 opima
1239 682 1494 736 populatus,
1526 681 1617 736 pari

155 756 387 784 uei-narum
432 742 640 783 maleficio
695 741 834 782 ciuilia
879 740 1110 782 lacerabat.
1194 739 1274 788 Qui
1331 741 1437 780 clam
1485 743 1616 780 noctu

155 800 380 842 meritoriis
433 814 526 842 sese
574 799 762 841 tabernis
808 799 1105 850 subiicientes,
1153 797 1427 853 complacitas
1474 798 1615 839 animo

155 873 318 901 merces
350 860 521 913 impune
552 858 786 905 tollebant,
832 858 922 899 aliis
953 857 1122 898 interim
1156 857 1369 897 districtos
1396 856 1615 912 -hospitum

92 925 124 953 10
154 917 310 984 iugulis
343 917 517 983 gladios
542 916 877 972 applicantibus,
911 916 1216 970 inteiitumque
1249 915 1533 968 minantibus,
1576 915 1617 956 ni

157 975 308 1017 iniurie
342 976 602 1030 pacienciam
634 976 854 1030 prebeant
917 973 982 1015 Ea
1020 973 1123 1014 furti
1164 973 1376 1014 uiolencia
1408 986 1616 1014 summam

157 1034 342 1075 ciuitatis
393 1034 662 1089 opulenciam
706 1032 760 1074 ad
808 1033 976 1074 ultimas
1024 1032 1084 1073 rei
1130 1031 1348 1073 familiaris
1395 1032 1616 1086 angustias

156 1091 336 1158 redegit.
388 1091 563 1133 Talibus
597 1091 806 1134 calumnie
840 1090 1018 1132 stimulis
1051 1090 1253 1132 lacessita
1284 1090 1515 1144 prouincia,
1547 1103 1615 1131 ac-

161 1151 294 1192 censis
345 1149 644 1216 indignacione
697 1147 880 1204 anilmis,
935 1149 1107 1190 ultrices
1159 1149 1411 1189 damnorum
1464 1162 1615 1189 manus
1670 1155 1770 1188 r-627

93 1216 127 1244 15
158 1208 338 1250 Haraldi
372 1209 492 1250 bonis
523 1208 696 1249 iniicere
720 1221 936 1263 aggressa,
969 1208 1107 1262 spolia
1139 1207 1297 1262 spoliis,
1330 1210 1450 1262 rapta
1483 1207 1615 1261 iaptis

158 1267 386 1309 ulciscitur.
451 1266 602 1321 Neque
636 1267 748 1308 enim
779 1266 857 1308 sibi
889 1266 1028 1307 aliena
1059 1266 1292 1320 corripere,
1334 1265 1408 1306 sed
1442 1265 1615 1330 propria

158 1339 376 1367 resumere
418 1324 657 1366 uidebatur.
732 1324 853 1380 Ipse,
896 1328 988 1365 tuto
1031 1327 1165 1365 terras
1210 1328 1354 1364 teneie
1394 1324 1614 1378 nequiens,

159 1388 429 1426 consteinate
470 1383 752 1424 multitudinis
793 1383 996 1438 impetum
1040 1383 1210 1436 nauigio
1253 1381 1416 1422 uitauit.
1480 1381 1616 1429 Quem

158 1441 361 1483 Kanutus
394 1441 522 1482 alieni
552 1441 874 1496 rapacissimum
906 1454 955 1481 ac
978 1440 1264 1482 niciosissiniis
1298 1441 1456 1495 ubique
1487 1440 1615 1480 lucris

88 1512 127 1540 20
156 1500 477 1541 incumbentem
509 1500 739 1554 aspiciens,
781 1499 850 1540 aui
891 1499 1150 1554 persimilem
1192 1498 1334 1540 aiebat
1377 1498 1615 1552 omnigenis

158 1558 306 1599 alitum
328 1558 477 1613 pennis
499 1557 643 1598 nidum
668 1557 995 1612 compaginanti,
1028 1557 1166 1598 subito
1191 1562 1418 1598 uentorum
1447 1556 1615 1598 turbine

159 1616 466 1666 disiiciendum.
529 1615 598 1662 Ita
627 1615 879 1668 Haraldurn,
911 1615 1142 1671 predonem
1179 1615 1368 1656 omnium
1402 1615 1614 1667 effectum,

159 1675 353 1716 omnibus
384 1673 559 1730 predam
595 1688 649 1715 ex
681 1689 724 1715 sc
748 1674 949 1715 daturum
972 1673 1241 1730 aliorumque
1264 1674 1404 1728 >spolia
1438 1686 1615 1714 suorum

157 1733 447 1774 indubitanter
479 1733 668 1786 periculo
702 1733 922 1774 luiturum.

88 1802 125 1830 25
295 1791 354 1831 At
397 1790 521 1831 Erico
565 1790 801 1832 modestum
843 1804 945 1845 erga
987 1790 1214 1845 populares
1256 1790 1474 1844 ingenium
1509 1793 1614 1831 erat.

160 1848 243 1896 Qui
274 1863 369 1890 cum
400 1849 586 1890 debitam
619 1849 694 1890 sibi
728 1854 906 1904 paterne
930 1850 990 1890 rei
1014 1849 1259 1904 porcionem
1292 1851 1531 1903 expeteret,
1560 1847 1614 1888 ab

161 1907 351 1948 Haraldo
387 1907 515 1948 fratre
538 1907 770 1962 repellitur,
804 1912 1002 1961 negante,
1036 1907 1247 1948 adulterio
1283 1911 1421 1948 ortum
1454 1906 1505 1947 ad
1542 1906 1614 1947 he-

157 1965 349 2006 reditatis
390 1967 725 2007 communionem
767 1966 1023 2022 pertingere.
1098 1965 1160 2006 Ea
1201 1980 1269 2020 re,
1310 1970 1357 2007 ut
1393 1979 1469 2020 par
1511 1970 1614 2017 erat,

159 2028 298 2064 motus
331 2024 580 2064 acerrimum
623 2024 831 2065 bonorum
878 2025 967 2065 eius
1007 2037 1281 2078 peruasorem
1318 2037 1445 2077 agere
1489 2023 1614 2078 cepit,

89 2093 126 2121 31>
157 2081 439 2137 fraternisque
462 2082 606 2137 spoliis
629 2082 801 2124 iniurias
824 2097 923 2124 suas
947 2082 1090 2123 ulcisci
1112 2082 1335 2137 probitatis
1359 2083 1452 2124 loco
1476 2081 1613 2123 duxit.

160 2139 359 2182 Ceterum
404 2141 623 2181 Arnacum
663 2145 787 2195 rapta
828 2141 1062 2195 congessit,
1111 2140 1284 2181 sordido
1329 2141 1615 2195 neglectoque

156 2198 249 2240 loco
290 2197 533 2254 splendidas
575 2212 676 2253 opes
721 2199 984 2254 complexus.
1047 2199 1186 2246 Quem
1219 2198 1437 2240 Haraldus
1482 2202 1613 2239 noctu

157 2256 312 2296 ibidem
364 2256 627 2311 inopinatum
679 2256 877 2310 adortus,
938 2260 1164 2311 postquam
1226 2256 1330 2311 fuga
1391 2256 1612 2311 delapsum

159 2314 375 2368 cognouit,
407 2327 524 2356 more
556 2314 678 2369 copia
708 2329 792 2356 non
818 2320 1085 2370 suppetente,
1119 2315 1229 2355 circa
1251 2314 1428 2369 predam
1461 2315 1611 2355 herere

89 2383 126 2411 35
156 2377 375 2425 metuens,
423 2376 537 2414 tecto
583 2371 701 2414 faces
747 2371 959 2427 sub{]iecit,
1006 2372 1292 2427 refertamque
1333 2374 1419 2414 suis
1463 2372 1612 2427 opibus
1669 2383 1765 2418 (235)

158 2430 278 2471 edem
311 2430 489 2472 flammis
534 2430 754 2471 absumere
797 2445 921 2486 quam
969 2432 1126 2486 raptori
1171 2432 1367 2472 intactam
1402 2430 1615 2471 dimittere

156 2488 318 2530 maluit.
383 2487 479 2536 Quo
514 2493 757 2543 comperto,
801 2488 1022 2543 Kanutus,
1062 2489 1275 2544 profectas
1309 2502 1333 2529 a
1365 2494 1614 2543 contemptu

156 2546 250 2588 lites
283 2560 555 2601 compescere
586 2547 774 2602 cupiens,
809 2551 1099 2602 metuensque,
1121 2561 1174 2588 ne
1204 2547 1450 2601 degenerati
1482 2546 1612 2602 patris

155 2603 297 2658 fulgor
335 2605 375 2645 in
421 2605 516 2645 filiis
556 2605 842 2657 exolesceret,
886 2605 1056 2660 utrique
1089 2606 1324 2647 Slesuicum
1368 2604 1512 2647 uenire
1553 2605 1613 2646 di-

88 2676 125 2705 40
155 2663 345 2705 striccius
378 2662 574 2717 mandat3
608 2663 641 2704 si
674 2663 993 2719 supersedeant,
1026 2667 1146 2719 parte
1169 2677 1397 2719 corporum
1428 2663 1612 2718 spolian-

1402 2732 1469 2768 27*
