1884 3126
0 2588 4 2615 ι’

58 905 96 932 10

63 1192 95 1220 15

58 1486 96 1513 20

56 1772 93 1800 23

56 2064 95 2092 30

57 2351 94 2378 35

712 259 767 282 .—
834 235 874 275 V
938 261 988 264 Ἢ
1502 241 1572 280 141

128 375 210 417 que
232 360 423 415 exiliens,
456 360 754 417 triumphalem
778 362 837 403 ait
857 362 947 404 fore
979 363 1156 418 gloriam
1187 365 1401 421 sapientis,
1433 366 1576 408 dolum

127 420 281 461 suimet
314 418 496 460 ultorem
540 421 744 471 existere,
785 419 977 462 modesto
1022 422 1262 464 uocacionis
1294 437 1450 477 genere
1481 424 1580 466 insi-

129 478 285 519 diantis
308 478 524 531 ingenium
547 478 753 520 lacerans.
800 478 934 527 Quem
971 493 1063 520 cum
1098 494 1172 521 rex
1205 481 1422 535 repentino
1458 483 1577 524 cultri

126 536 240 578 iactu
284 534 568 577 declinantem
614 550 822 592 occupare
865 551 950 578 non
993 543 1161 592 posset,
1205 539 1384 581 aduerso
1427 541 1578 594 parieti

127 593 414 635 errabundum
446 594 591 635 incidit
623 596 796 637 ferrum.
841 594 962 636 Tunc
1007 596 1066 637 sic
1097 595 1267 638 Ericus:
1313 596 1579 652 Porrigenda

127 658 225 694 sunt
247 652 389 693 amicis
412 666 599 706 munera,
624 667 709 694 non
731 652 951 704 iactanda3
977 653 1197 708 probabile
1218 654 1388 696 fecisses
1410 655 1577 710 donum,

127 712 161 752 si
195 711 393 753 comitem
438 709 550 752 ferro
593 712 792 766 uaginam
835 710 1037 754 dedisses.
1101 712 1235 760 Quam
1268 727 1343 754 rex
1377 714 1576 756 continuo
1624 758 1628 762 .

127 769 296 824 cingulo
319 769 554 810 detractam
572 770 737 825 petenti
758 768 944 822 tradidit,
963 769 1260 812 moderacione
1282 771 1413 813 hostis
1438 771 1579 813 odium

128 827 344 882 deponere
379 831 565 869 coactus.
607 827 676 869 Ita
707 828 847 869 aliene
879 828 1166 870 simulacionis
1197 828 1403 871 industria
1435 828 1580 871 delini-

128 890 210 940 tus,
234 885 432 927 emissum
455 885 638 940 maligne
659 886 804 940 telum,
830 886 1010 941 benigne
1034 886 1336 942 possidendum
1360 888 1578 930 concessit.

127 944 196 986 Sic
227 943 377 986 Ericus
412 948 635 999 exceptam
669 944 987 986 dissimulanter
1018 945 1214 986 iniuriam
1246 945 1297 986 ad
1332 945 1578 987 beneficium

127 1001 355 1054 transtulit,
389 1001 649 1044 destinatum
673 1002 779 1044 cladi
805 1017 879 1044 sue
900 1002 1061 1044 ferrum
1096 1002 1239 1044 eximii
1270 1002 1455 1045 muneris
1487 1004 1578 1046 loco

127 1060 390 1115 complexus.
454 1060 578 1108 Quod
622 1061 732 1102 enim
765 1059 927 1102 Frotho
974 1060 1150 1103 nocendi
1193 1060 1331 1103 studio
1376 1067 1577 1116 gesserat.

127 1119 194 1160 hic
225 1118 487 1160 liberalitatis
520 1119 688 1160 nomine
722 1119 952 1167 colorabat.
1015 1118 1182 1160 Deinde
1223 1133 1449 1174 corporum
1481 1133 1577 1161 cure

126 1177 337 1218 indultum
370 1180 446 1218 est.
508 1175 647 1218 Noctu
685 1177 909 1230 Gunuara,
954 1178 1081 1219 tacite
1114 1177 1299 1219 excitato
1342 1191 1416 1229 ec,
1443 1181 1448 1227 1
1476 1178 1578 1233 fuga

130 1249 236 1291 opus
269 1249 363 1276 esse
394 1235 607 1290 proponit,
639 1249 846 1291 perquam
879 1235 982 1277 utile
1015 1236 1216 1283 referens,
1249 1236 1577 1290 rebus'integris

126 1293 329 1335 incolumi
350 1292 492 1335 redire
517 1307 654 1335 curru.
698 1293 794 1342 Qua
826 1294 979 1335 comite
1003 1293 1118 1335 littus
1142 1294 1369 1348 ingressuS,
1403 1295 1579 1336 classem

126 1351 285 1406 regiam
316 1351 402 1392 illic
432 1350 544 1392 forte
574 1351 846 1403 subductam,
887 1351 1047 1393 diffissa
1078 1352 1259 1393 laterum
1292 1358 1427 1407 parte,
1460 1353 1578 1394 naui-

127 1410 297 1465 gacioni
335 1408 565 1451 inhabilem
607 1409 814 1462 reddidit,
854 1410 1107 1465 insertisque
1149 1424 1316 1451 rursum
1357 1410 1577 1452 asserculis

128 1468 265 1520 sarsit,
298 1481 380 1523 quo
413 1467 552 1510 minus
584 1467 636 1509 ab
670 1468 934 1509 intuentibus
965 1468 1070 1510 lesio
1104 1474 1361 1510 nosceretur.
1411 1467 1578 1509 Deinde

129 1526 361 1580 nauigium,
392 1540 476 1581 quo
500 1539 545 1567 se
567 1527 829 1582 comitesque
852 1531 1085 1581 receperat,
1118 1524 1230 1567 haud
1263 1527 1409 1581 procul
1436 1526 1577 1568 littore

129 1584 284 1640 depelli
316 1589 472 1626 curat·
501 1584 639 1633 Quem
670 1598 746 1626 rex
778 1584 974 1626 laceratis
1005 1584 1170 1639 insequi
1200 1584 1379 1625 nauibus
1410 1598 1576 1639 parans,

127 1657 228 1684 mox
271 1642 403 1684 fluctu
443 1641 559 1684 foros
603 1646 812 1698 equante,
861 1657 1103 1698 quanquam
1142 1642 1266 1684 armis
1307 1642 1361 1683 ad
1402 1641 1575 1684 modum

128 1705 308 1743 onustus
340 1701 568 1752 existeret,
612 1715 738 1743 enare
769 1701 880 1743 inter
911 1702 1017 1743 alios
1049 1701 1185 1755 cepit,
1226 1700 1396 1755 proprie
1428 1699 1576 1742 salutis

129 1758 352 1812 seruande,
385 1773 513 1814 quam
543 1759 681 1800 aliene
711 1759 957 1801 lacessende
998 1759 1192 1814 cupidior
1224 1758 1411 1800 effectus.
1471 1757 1575 1799 Pre-

127 1817 310 1873 cipitatis
352 1817 392 1858 in
439 1817 573 1859 altum
614 1818 768 1873 proris,
808 1817 980 1859 sedibus
1023 1817 1108 1858 suis
1149 1817 1328 1871 remiges
1371 1820 1574 1870 stagnans

125 1877 355 1918 introrsum
401 1879 516 1917 estus
563 1876 764 1918 excussit.
828 1878 922 1923 Quo
964 1874 1161 1917 Rollerus
1204 1873 1437 1929 Ericusque
1479 1887 1575 1915 con·

125 1938 283 1990 specto,
315 1947 411 1975 cum
452 1938 699 1989 contemptu
741 1933 917 1988 periculi
959 1933 1254 1975 incunctanter
1285 1945 1330 1974 se
1361 1930 1573 1986 profundo

126 1992 300 2044 dedere,
326 1991 647 2047 natabundique
667 1992 948 2034 fluctuantem
972 2005 1178 2046 excepere
1201 2004 1356 2045 regem.
1399 1989 1575 2044 Iamque

126 2065 222 2093 eum
254 2049 482 2104 superfusa
512 2053 578 2092 ter
611 2050 723 2091 unda
770 2050 1025 2100 subruerat,
1078 2063 1173 2091 cum
1219 2047 1369 2089 Ericus
1417 2048 1574 2089 cesarie

127 2107 475 2164 comprehensum
515 2107 668 2164 pelago
710 2108 840 2149 leuat.
918 2107 1069 2149 Cetera
1110 2106 1409 2161 naufragorum
1451 2105 1575 2146 turba

127 2171 202 2208 aut
232 2165 351 2220 aquis
384 2165 550 2217 obruta,
582 2170 656 2207 aut
688 2180 790 2220 egre
820 2166 954 2207 littori
990 2165 1187 2208 restituta
1218 2169 1293 2206 cst.
1354 2163 1464 2216 Rex,
1497 2162 1573 2203 hu-

127 2224 240 2266 mido
284 2223 469 2266 nudatus
508 2223 650 2276 cultu,
690 2224 799 2266 sicca
841 2224 1117 2265 circumactus
1159 2226 1278 2265 ueste
1320 2220 1572 2275 contegitur.

128 2282 291 2324 Multus
323 2281 382 2323 illi
413 2281 467 2324 ab
499 2296 573 2324 cre
603 2282 740 2337 liquor
772 2282 920 2324 crebra
950 2281 1134 2337 pectoris
1167 2279 1407 2321 ructacione
1431 2291 1573 2319 mana-

128 2342 210 2391 bat.
268 2338 370 2380 Vox
402 2354 573 2396 quoque
605 2354 702 2382 eum
735 2340 947 2382 continuis
990 2340 1146 2381 lassata
1189 2336 1443 2392 singultibus
1474 2335 1574 2377 defi-

127 2411 222 2440 cere
253 2397 492 2440 uidebatur.
554 2397 746 2440 Tandem
790 2397 982 2440 redditus
1015 2397 1130 2438 calor
1160 2396 1317 2450 frigore
1347 2394 1572 2436 hebetatos

126 2461 243 2498 artus
274 2455 425 2511 spiritu
462 2456 681 2511 uegeciore
713 2456 923 2498 firmabat.
984 2454 1190 2497 Residere
1223 2451 1450 2507 siquidem,
1495 2464 1574 2492 nec

127 2528 351 2568 assurgere
385 2518 573 2570 poterat,
620 2513 733 2555 haud
770 2514 880 2555 iuste
920 2513 1073 2555 uirium
1115 2524 1298 2566 compos.
1358 2508 1571 2550 Paulatim

126 2572 288 2627 pristini
323 2572 486 2612 roboris
516 2573 716 2628 potencia
748 2571 890 2613 subiit.
953 2570 1246 2624 Interrogatus
1277 2566 1471 2619 tandem,
1515 2581 1568 2608 au

1655 1202 1661 1210 .
1682 1182 1732 1208 213
