1884 3126
239 204 322 248 228
806 226 859 234 —-
918 200 1007 246 VII
1067 226 1120 234 —-

238 333 467 375 humanam
487 331 782 375 fortitudinem
804 333 963 375 uirtute
984 332 1062 375 sibi
1078 332 1268 388 preditus
1292 332 1524 375 uideretur.
1557 329 1680 374 Adeo

237 391 341 433 nihil
370 389 547 446 perfecti
579 391 819 433 mortalium
849 390 1025 433 felicitas
1065 390 1221 433 habere
1254 390 1489 433 consueuit.
1561 389 1683 431 Tunc

237 450 280 491 hi
313 462 456 490 omnes
491 449 660 489 maximi
690 449 922 504 piratarum
954 448 1173 502 Hakonis,
1215 449 1333 504 quasi
1365 449 1548 503 quedam
1580 448 1679 489 belli

237 507 412 562 reliquie
444 506 498 547 ad
530 520 627 548 eum
659 507 845 562 delapse,
878 506 1175 549 commilicium
1207 507 1532 562 amplectuntur.

376 563 461 617 [De
484 564 632 619 Sigaro
666 579 779 619 rege,
813 579 837 606 a
858 579 940 620 quo
962 564 1061 617 uilla
1085 564 1285 620 Syersted
1309 578 1461 607 nomen
1489 562 1680 619 accepit]

378 623 483 664 Post
524 622 603 663 hee
643 622 829 678 Syualdo
874 623 983 664 filius
1027 622 1215 678 Sygarus
1247 622 1459 676 succedit,
1504 621 1570 663 cui
1609 621 1680 661 filii

239 679 465 734 Syualdus,
495 679 574 721 Alf
602 685 644 722 et
674 681 860 735 Algerus
891 681 1022 732 fuere,
1054 680 1226 735 filiaque
1257 679 1415 736 Sygne.
1460 679 1495 721 E
1527 678 1679 734 quibus

238 737 324 791 Alf,
358 738 509 779 ceteris
541 738 678 780 animo
711 738 930 793 formaque
960 739 1234 794 prestancior,
1257 738 1272 790 ss
1295 737 1480 794 piraticis
1522 737 1679 778 incum-
1734 732 1825 795 (¹3⁷)

238 796 368 837 bebat
407 795 568 838 officiis.
629 795 758 838 Cuius
786 799 791 848 1
820 798 954 838 eciam
995 796 1202 851 insignem
1250 795 1435 838 candore
1479 795 1678 837 cesariem
1734 785 1832 819 Ἠῶ

173 866 205 894 10
234 857 379 895 tantus
422 867 541 895 come
584 853 711 896 decor
750 859 1011 910 asperserat,
1055 859 1102 895 ut
1145 858 1347 908 argenteo
1391 854 1503 894 crine
1545 852 1680 894 nitere

237 915 473 965 putaretur.
535 910 699 954 Eodem
732 917 922 967 tempore
954 911 1194 953 Gothorum
1225 926 1302 954 rex
1325 910 1540 966 Syuardus
1571 910 1680 953 filios

237 969 436 1011 habuisse
466 969 598 1011 fertur
633 969 922 1011 Wemundum
964 973 1006 1011 et
1037 969 1255 1020 Ostenum⁷
1299 970 1513 1024 filiamque
1548 968 1680 1009 Aluil-

239 1027 347 1079 dam,
380 1042 463 1082 que
496 1031 657 1069 tantam
687 1027 941 1069 uerecundie
973 1027 1102 1069 fidem
1132 1027 1185 1068 ab
1207 1028 1308 1082 ipsis
1342 1041 1475 1082 prope
1507 1026 1678 1067 modum

237 1085 502 1127 incunabulis
553 1084 815 1141 preferebat,
870 1089 916 1126 ut
971 1099 1016 1126 os
1061 1085 1187 1140 peplo
1239 1085 1393 1140 iugiter
1444 1085 1678 1139 obnuptum

173 1156 206 1183 15
238 1143 439 1196 haberet,
486 1157 569 1198 quo
616 1143 753 1185 minus
798 1144 978 1184 formam
1025 1157 1143 1184 suam
1186 1143 1321 1184 aliene
1366 1142 1548 1184 libidinis
1589 1143 1678 1183 irri-

237 1205 472 1243 tamentum
516 1201 718 1243 efficeret.
794 1200 908 1242 Huic
950 1204 1071 1255 pater
1119 1202 1159 1242 in
1206 1204 1366 1242 arctam
1409 1200 1462 1241 ad
1504 1199 1678 1241 modum

239 1259 473 1301 custodiam
514 1259 703 1313 relegate
743 1259 934 1313 uiperam
978 1272 1246 1313 anguemque
1291 1258 1532 1300 educandos
1565 1272 1676 1300 com·

237 1318 361 1369 misit,
394 1316 643 1371 pudiciciam
668 1316 757 1358 eius
790 1316 1025 1359 adultorum
1049 1316 1220 1357 tandem
1252 1316 1466 1371 reptilium
1486 1315 1678 1358 custodia

237 1376 490 1417 uallaturus0
528 1374 680 1429 Neque
701 1374 812 1416 enim
834 1374 957 1416 facile
979 1374 1189 1415 thalamus
1219 1374 1467 1429 inuestigari
1496 1378 1675 1429 poterat,

168 1444 206 1472 20
235 1448 359 1489 quem
390 1433 495 1474 tanti
527 1432 775 1473 discriminis
797 1433 1011 1488 pessulum
1045 1432 1284 1474 obserabat.
1338 1432 1496 1474 Statuit
1530 1433 1676 1483 eciam,

237 1495 284 1532 ut
325 1491 453 1545 siquis
494 1491 583 1532 eius
623 1489 784 1532 aditum
827 1490 984 1532 frustra
1023 1493 1254 1544 tentasset,
1296 1491 1488 1545 protinus
1530 1503 1676 1545 ampu-

237 1548 412 1591 tandum
446 1553 573 1604 caput
603 1548 784 1603 paloque
826 1548 1089 1603 refigendum
1120 1548 1330 1603 preberet.
1391 1547 1454 1590 Ita
1485 1561 1675 1588 annexus

237 1606 478 1662 petulancie
528 1611 667 1648 metus
715 1607 925 1647 concitata
970 1607 1169 1647 iuuenum
1217 1606 1385 1660 ingenia
1433 1605 1711 1660 castigabat„

238 1665 357 1706 Tunc
376 1664 466 1718 Alf,
498 1664 650 1719 Sygari
672 1664 794 1717 filius,
826 1678 915 1706 rem
938 1663 1017 1705 hoc
1039 1664 1253 1714 illustrius,
1277 1678 1360 1718 quo
1382 1663 1674 1719 periculosius,

171 1733 207 1760 25
239 1722 482 1764 tentandam
517 1722 788 1773 existimans,
831 1722 948 1776 proci
988 1722 1159 1763 titulum
1199 1722 1439 1776 professus,
1480 1720 1676 1762 animalia

237 1786 412 1835 propter
466 1780 642 1834 uirginis
690 1781 891 1822 conclaue
935 1779 1195 1821 excubancia
1244 1779 1456 1822 debellare
1496 1779 1674 1828 iubetur,

237 1838 350 1894 quod
383 1838 507 1880 edicti
538 1838 709 1880 racione
737 1852 884 1881 eorum
915 1838 1063 1879 uictori
1094 1837 1308 1892 uirgineus
1332 1838 1560 1879 deberetur
1590 1850 1675 1877 am-

236 1896 401 1951 plexus
464 1896 653 1944 Quorum
687 1900 733 1936 ut
764 1896 900 1937 acrius
929 1896 1151 1936 aduersum
1186 1909 1230 1936 se
1262 1895 1419 1936 rabiem
1452 1895 1673 1946 excitaret,

237 1959 413 1996 cruenta
443 1967 594 2009 corpus
625 1953 735 2009 pelle
767 1952 999 1995 contexit.²²⁴
1054 1953 1163 2007 ,Qua
1194 1954 1454 2007 succinctus,
1497 1966 1596 1994 mox
1627 1957 1673 1993 ut
1704 1956 1862 1985 vamu

169 2022 207 2048 30
238 2012 346 2067 septi
379 2012 529 2053 ualuas
553 2011 692 2063 subiit,
726 2011 926 2053 torridam
951 2011 1126 2053 calibem
1148 2010 1308 2067 forcipe
1331 2011 1675 2066 comprehensam

236 2070 391 2111 hiantis
422 2070 565 2125 uipere
597 2068 790 2111 faucibus
821 2070 1049 2121 immersit,
1083 2082 1262 2124 eamque
1305 2069 1541 2111 exanimem
1583 2082 1676 2123 pro-

238 2128 400 2170 strauit.
462 2128 658 2182 Anguem
690 2126 866 2178 deinde,
905 2128 1074 2169 sinuosa
1113 2126 1382 2169 uolubilitate
1420 2126 1677 2182 prolapsum,

237 2186 347 2227 inter
378 2185 539 2227 medios
576 2186 704 2227 rictus
745 2185 878 2226 telum
918 2185 1125 2226 iaculatus
1169 2184 1417 2240 absumpsit.
1488 2184 1677 2238 Cumque

237 2244 348 2298 pacti
370 2243 617 2285 condicione
640 2256 873 2284 connexum
898 2243 1074 2284 uictorie
1095 2242 1245 2297 pignus
1278 2246 1510 2297 expeteret,
1542 2240 1670 2283 refert

169 2311 206 2338 35
239 2301 458 2355 Siuardus,
491 2301 601 2343 hunc
633 2300 713 2342 sibi
745 2315 947 2355 generum
979 2301 1201 2355 acceptari,
1233 2301 1275 2341 in
1307 2314 1433 2356 quem
1464 2300 1550 2341 filia
1581 2299 1677 2340 soli-

238 2358 336 2400 dum
370 2359 557 2414 opcionis
588 2358 809 2400 arbitrium
842 2358 1101 2400 contulisset.
1164 2357 1355 2414 Cumque
1399 2358 1487 2399 sola
1535 2357 1676 2412 puelle

237 2421 373 2459 mater
422 2417 536 2472 proci
586 2421 735 2458 uotum
787 2416 1015 2458 difficulter
1065 2415 1299 2470 exciperet,
1355 2420 1541 2457 mentem
1591 2414 1675 2456 filie

238 2478 400 2516 secreto
446 2475 675 2530 perlustrat
720 2474 920 2529 alloquio.
993 2474 1088 2522 Qua
1130 2487 1308 2529 procum
1351 2473 1579 2528 impensius
1623 2471 1676 2513 ob

237 2533 440 2574 uirtutem
469 2532 685 2586 laudante,
717 2532 917 2573 conuiciis
941 2545 1032 2573 eam
1063 2532 1201 2573 acrius
1224 2531 1394 2585 lacerat,
1429 2530 1539 2586 quod
1563 2529 1674 2571 elisis

169 2602 205 2630 40
234 2589 436 2646 pudicitie
467 2591 610 2633 neruis
641 2589 874 2646 specierum
916 2589 1114 2632 illecebra
1146 2592 1389 2645 caperetur,
1435 2589 1673 2643 omissaque
