1884 3126
91 915 127 942 10

93 1207 127 1233 15

90 1496 127 1525 20

91 1790 127 1817 25

30 2080 127 2107 ‘30

95 2372 131 2399 35

96 2662 132 2690 40

849 247 916 289 XI
979 271 1031 277 --
1528 243 1609 285 377

161 391 245 419 non
275 377 404 419 licere
443 376 661 433 inquiens,
705 376 921 432 priuatum
955 390 1164 418 merorem
1197 375 1376 431 publicis
1407 374 1612 416 interesse

160 435 369 491 tripudiis.
439 434 590 491 Neque
642 435 752 476 enim
806 449 902 476 eum
955 435 1222 476 humiliorem
1275 433 1484 488 dignitate
1536 446 1613 474 sua

159 494 325 535 uultum
365 499 583 548 gerentem
625 498 698 535 aut
738 493 973 548 supplicem
1013 493 1227 546 liminibus
1270 492 1521 534 aduolutum
1553 491 1613 532 in-

160 552 270 594 tueri
302 552 514 605 sustinuit,
547 552 619 593 sed
655 551 978 606 benignioribus
1010 552 1152 593 uerbis
1183 555 1444 601 recreatum,
1475 549 1613 606 pristi-

159 625 255 653 nam
286 616 466 659 uestem,
497 624 579 665 qua
613 611 880 652 maiestatem
912 624 1030 651 suam
1062 610 1376 651 concinniorem
1412 608 1613 659 efficeret,

160 669 328 724 corpori
358 682 567 723 reponere
599 668 911 723 culcioremque
943 668 1145 724 progredi
1176 667 1305 718 iubet,
1337 667 1437 709 satis
1461 680 1614 721 graues

159 742 255 769 eum
298 741 430 782 penas
472 727 666 781 religioni
705 726 871 768 dedisse
911 731 1053 780 ratus,
1110 726 1181 781 qui
1221 741 1265 767 se
1306 731 1392 767 tam
1435 725 1614 766 demisse

160 799 288 841 agere
320 790 493 840 tamque
526 785 772 851 suppliciter
797 790 1050 841 postelnere
1084 784 1368 826 sustinuisset.
1430 783 1613 836 Deinde,

159 844 377 900 imperatis
422 844 659 899 penitencie
691 844 832 894 rebus,
879 847 1095 910 cantores,
1144 857 1326 899 quorum
1369 843 1612 909 frequencia

158 902 390 944 solennitas
423 902 644 956 agebatur,
676 903 717 943 in
753 901 999 944 occursum*
1033 902 1135 954 eius,
1169 916 1251 957 quo
1285 902 1478 944 ornacius
1510 901 1614 943 reci-

158 964 346 1026 peretur,
368 960 601 1015 procedere
622 961 757 1009 iussit,
786 962 1014 1016 statimque
1038 960 1348 1003 uenerabiliter
1370 964 1613 1015 exceptum,

160 1019 321 1061 cunctis
365 1019 505 1060 leticia
549 1020 798 1070 ouantibus,
840 1018 894 1061 ad
936 1034 1052 1060 aram
1093 1033 1230 1074 usque
1272 1018 1486 1073 perduxit.
1547 1017 1615 1058 Ita

160 1077 307 1133 prioris
340 1077 551 1119 uiolencie
584 1079 770 1132 speciem
802 1078 984 1119 honesto
1020 1079 1233 1120 comitatis
1264 1090 1422 1132 genere
1452 1080 1614 1131 tempe-

158 1136 572 1191 rauit‚1epulseque
604 1135 917 1178 deformitatem
941 1138 1135 1203 specioso
1162 1136 1360 1191 pensauit
1394 1135 1613 1201 obsequio.

159 1193 250 1236 Nec
281 1193 420 1235 minus
451 1195 494 1235 in
525 1194 764 1248 penitencia
790 1196 1084 1237 ueneracionis
1117 1209 1244 1250 quam
1277 1194 1538 1236 auste1itatis
1571 1194 1614 1234 in

161 1253 346 1294 admisso
370 1252 569 1306 reposuit.
623 1253 735 1301 Quin
759 1254 892 1296 eciam
924 1253 1062 1295 adhuc
1083 1253 1265 1295 merenti
1286 1251 1614 1294 sollicitudinem

161 1311 369 1363 detraxit,
419 1310 619 1352 fiduciam
670 1312 847 1365 adiecit,
892 1313 1142 1367 priuateque
1186 1311 1360 1353 tristicie
1406 1311 1614 1353 salebram

162 1369 332 1436 publica
373 1369 666 1424 gratulacione
713 1370 918 1412 discussit
980 1371 1145 1426 Itaque,
1192 1369 1304 1425 quod
1346 1370 1389 1410 in
1430 1369 1615 1424 potentis

161 1428 242 1469 uiri
274 1427 437 1469 scelere
467 1427 679 1483 pollutum
712 1428 874 1478 sum-‚at
902 1429 1100 1484 religiosa
1130 1429 1360 1470 seueritate
1395 1428 1614 1483 expiatum

163 1490 242 1529 est.
306 1484 391 1528 Sed
434 1491 475 1527 et
514 1487 700 1541 populus
740 1487 926 1528 maximo
968 1489 1123 1543 plausu
1164 1492 1251 1529 tam
1291 1490 1524 1552 spectatam
1571 1487 1614 1526 in

162 1558 265 1599 rege
286 1544 590 1602 uerecundiam
614 1545 931 1601 comprobabat,
962 1547 1058 1601 plus
1079 1546 1318 1601 penitencia
1346 1545 1461 1611 pium
1487 1558 1613 1599 quam

159 1603 338 1658 imperio
372 1602 600 1652 scelestum
629 1605 818 1646 euasisse
850 1604 1083 1647 confessus.
1130 1604 1365 1658 Peregerat
1396 1603 1478 1643 iam
1509 1616 1613 1668 pon-

161 1660 263 1703 tifex
298 1661 436 1702 seueri
469 1675 517 1702 ac
549 1661 607 1725 pii
638 1662 817 1704 Uindicis
857 1667 1013 1717 partes,
1045 1663 1173 1717 inque
1207 1661 1356 1704 eodem
1391 1661 1540 1715 rigoris
1573 1665 1615 1702 et

162 1719 394 1761 clemencie
417 1719 712 1775 experimento
737 1735 782 1762 se
806 1721 952 1775 gessit,
985 1735 1064 1763 nec
1094 1721 1263 1776 parcius
1297 1720 1464 1761 ueniam
1489 1732 1613 1774 quam

161 1777 392 1818 uindictam
435 1777 640 1819 exhibuit
715 1778 905 1834 Quippe,
950 1779 1067 1821 cuius
1113 1778 1422 1820 contumaciam
1465 1790 1614 1819 seuere

159 1835 360 1891 reppulit,
391 1835 664 1890 indulgenter
695 1837 946 1879 modestiam
970 1837 1114 1891 coluit,
1147 1838 1289 1892 sicque
1320 1836 1466 1891 pietati
1497 1835 1614 1876 iusti-

162 1894 267 1935 ciam
300 1895 654 1949 contemperauit,
688 1899 735 1936 ut
766 1909 846 1937 nec
878 1899 1098 1951 sperneret
1130 1895 1363 1950 supplicem
1402 1909 1479 1936 nec
1510 1894 1614 1935 reci-

159 1955 279 2007 peret
323 1952 588 1994 insolentem.
666 1953 759 2001 Qua
805 1954 845 1995 in
892 1969 938 1997 re
985 1954 1150 2010 paterni
1196 1953 1374 1995 affectus
1420 1952 1612 1994 habitum

160 2010 404 2065 plenissime
434 2012 759 2065 representauit,
793 2013 905 2067 quod
939 2012 1127 2068 palentis
1149 2025 1268 2054 more
1297 2011 1614 2066 correpcionem

159 2067 381 2109 blandiciis
422 2068 674 2111 subsecutus
715 2084 855 2126 neque
898 2075 971 2112 aut
1015 2071 1172 2112 elatum
1205 2070 1405 2125 amplecti
1437 2073 1511 2110 aut
1544 2068 1615 2110 de-

161 2126 339 2167 missum
370 2127 590 2182 aspernari
621 2129 836 2171 sustinuit.
888 2128 993 2170 Post
1029 2129 1108 2170 hec
1141 2129 1294 2170 omissa
1325 2128 1472 2170 altaris
1494 2141 1613 2169 sacra

162 2189 382 2240 repetens,
416 2198 581 2232 summo
625 2185 735 2240 patri
766 2187 880 2242 regie
915 2187 1178 2243 expiacionis
1210 2187 1388 2241 gloriam
1421 2186 1612 2240 succinit,

162 2257 301 2298 eoque
341 2243 534 2284 serenius
577 2244 782 2298 gaudium
823 2246 976 2298 subiit,
1019 2259 1100 2300 quo
1134 2246 1283 2286 tetrior
1314 2246 1453 2286 luctus
1487 2259 1614 2286 causa

162 2300 378 2356 precessit.
426 2300 522 2342 Rex
544 2301 648 2356 ipse,
671 2302 848 2345 biduum
871 2304 1012 2359 quiete
1032 2317 1255 2359 peragens,
1286 2304 1417 2348 tercio
1442 2302 1612 2344 demum

164 2359 230 2400 die
274 2359 391 2413 regio
425 2359 541 2400 cultu
573 2365 746 2402 ornatus
786 2361 895 2402 inter
937 2363 1030 2417 ipsa
1069 2363 1193 2404 misse
1237 2376 1356 2402 sacra
1394 2361 1609 2402 excelsam

165 2417 253 2459 edis
284 2420 447 2471 partem
482 2419 741 2472 conscendit,
774 2419 1035 2475 silencioque
1068 2434 1144 2475 per
1171 2434 1403 2487 preconem
1436 2432 1612 2460 uenera-

163 2475 303 2516 biliter
331 2475 336 2528 l
363 2478 473 2528 acto,
507 2489 649 2516 coram
683 2477 876 2519 omnibus
904 2481 1039 2520 semet
1060 2478 1314 2533 grauissima
1336 2478 1612 2519 accusacione

162 2532 432 2588 perstrinxit,
477 2534 672 2575 acerbum
714 2535 909 2589 religioni
942 2536 1098 2578 uulnus
1136 2536 1341 2577 inflixisse
1375 2535 1608 2577 confessus.

162 2590 343 2643 Deinde,
368 2590 609 2633 collaudata
631 2593 831 2634 antistitis
854 2593 1136 2660 indulgencia,
1169 2594 1282 2650 quod
1304 2596 1423 2635 tanto
1450 2592 1610 2634 crimini

162 2653 251 2691 tam
282 2656 457 2705 repente
484 2649 707 2705 ignouerit,
741 2666 872 2709 seque
904 2652 1043 2708 iussu,
1084 2653 1162 2694 etsi
1192 2666 1276 2695 non
1309 2665 1459 2709 manu,
1492 2666 1613 2697 reum

1663 907 1772 936 cxnb

1667 2490 1694 2515 p·
1715 2481 1764 2510 565
