1884 3126
86 905 120 933 10

88 1197 121 1224 15

83 1489 121 1516 20

84 1779 121 1806 25

84 2069 122 2097 80

85 2359 121 2387 35

87 2650 124 2677 40

741 237 1011 279 -v—
1522 234 1599 284 137

151 368 370 411 intellecta
411 365 669 433 deprompsi.
733 366 892 409 Cedem
934 368 1043 409 enim
1076 367 1268 411 Oddonis
1312 384 1408 412 mea
1439 373 1599 426 gestam

152 441 280 469 manu
319 426 526 481 superiori
581 424 768 480 cuspidis
809 425 1104 481 appellacione
1146 428 1324 483 signaui.
1388 428 1465 470 Oui
1506 443 1601 471 cum

151 484 299 552 regina
346 498 516 541 quoque
566 483 814 540 eloquencie
861 484 1046 540 palmam
1091 500 1140 527 ac
1178 486 1361 528 uictricis
1406 486 1600 529 facundie

151 543 358 599 premium
391 541 700 594 adiudicasset,
741 542 945 584 continuo
977 557 1053 585 rex
1086 544 1292 585 armillam
1322 544 1494 586 brachio
1527 560 1602 588 suo

151 601 388 644 detractam
411 600 584 643 decrete
614 600 821 642 mercedis
855 600 949 642 loco
983 602 1170 656 tradidit,
1202 606 1328 658 atque
1358 602 1600 645 subiunxit:

155 659 293 702 Velim
327 674 379 701 ex
414 663 545 701 temet
576 658 764 700 habitam
808 658 883 700 tibi
917 673 1010 700 cum
1043 660 1216 716 Greppo
1250 660 1602 716 disceptacionem

152 731 435 774 cognoscere,
482 731 565 773 qua
610 716 729 758 illum
775 716 916 773 palam
957 732 1002 759 se
1043 719 1202 761 uictum
1249 720 1472 773 protestari
1517 733 1600 761 non

151 776 318 833 puduit.
380 775 500 817 Tunc
532 775 711 817 Ericus:
743 775 891 817 Robur
942 775 1062 818 illum
1114 777 1358 832 exprobrati
1408 777 1603 820 adulterii

150 835 343 890 perculit,
376 834 440 875 cui
474 848 568 875 cum
601 833 891 876 defensionem
926 834 1077 876 afferre
1108 850 1193 877 non
1218 840 1375 891 posset,
1406 850 1500 877 cum
1530 841 1604 877 tua

150 909 196 936 se
229 893 367 935 fassus
401 896 467 934 est
507 906 641 934 uxore
680 892 936 934 mechatum.
999 891 1054 934 Et
1094 908 1191 945 rex,
1233 893 1285 934 ad
1316 893 1603 936 Hannundam

153 965 409 1001 conuersus,
453 965 538 1006 qua
579 954 718 992 mente
760 950 1104 994 criminacionem
1145 952 1384 1007 exciperet,
1429 966 1603 1007 percon-

152 1014 279 1052 tatur.
342 1009 436 1057 Que
467 1023 550 1050 non
585 1009 721 1050 solum
756 1023 864 1051 uoce
898 1009 1053 1051 crimen
1100 1011 1316 1063 ‹onlessa,
1359 1011 1430 1052 sed
1474 1011 1604 1052 eciam

152 1068 275 1110 uultu
308 1071 458 1109 testem
494 1071 639 1109 reatus
670 1066 869 1108 ruborem
903 1082 1103 1120 exerens,
1136 1066 1315 1111 euidens
1347 1068 1470 1134 culpe
1502 1067 1606 1110 indi-

153 1127 261 1168 cium
294 1125 473 1179 prebuit.
534 1125 630 1167 Rex
664 1139 747 1167 non
780 1125 915 1167 uerba
947 1126 1099 1177 modo,
1136 1141 1284 1168 uerum
1319 1127 1449 1169 eciam
1483 1127 1566 1168 oris
1601 1124 1604 1181 l

152 1184 273 1240 signa
305 1183 595 1239 conspiciens,
639 1183 738 1237 sed,
772 1198 856 1239 qua
883 1183 979 1240 lege
1012 1185 1052 1226 in
1086 1200 1204 1228 ream
1236 1185 1606 1236 animaduerteret,

154 1243 368 1295 hesitans,
401 1241 589 1284 debitam
632 1242 793 1284 crimini
834 1256 988 1297 penam
1019 1244 1168 1298 regine
1199 1243 1377 1285 contulit
1409 1241 1604 1285 arbi*trio

153 1300 485 1344 decernendam.
549 1297 794 1355 Quellcum
846 1301 1053 1343 creditum
1100 1301 1175 1342 sibi
1223 1301 1420 1343 iudicium
1473 1300 1606 1342 reatui

154 1375 230 1402 suo
263 1360 390 1401 affine
424 1363 722 1414 cognosceret,
755 1357 940 1414 ideoque
972 1360 1289 1402 estimacionem
1323 1359 1504 1401 criminis
1537 1358 1608 1400 ali-

157 1418 345 1475 quandiu
378 1417 596 1459 sentencie
629 1416 758 1459 dubia
791 1417 1027 1471 uolutaret,
1072 1418 1279 1461 dissiliens
1311 1417 1529 1474 Greppus,
1562 1421 1607 1458 ut

152 1476 325 1519 Ericum
367 1475 453 1517 telo
496 1475 733 1529 traiiceret,
778 1476 1012 1531 procurrit,
1055 1476 1312 1518 criminantis
1355 1476 1458 1518 cede
1488 1489 1606 1517 suam

155 1534 361 1577 redimere
395 1534 583 1589 cupiens.
634 1533 770 1581 Quem
793 1533 994 1576 Rollerus
1026 1534 1217 1576 districto
1250 1548 1351 1576 ense
1382 1548 1607 1589 occupans,

154 1592 391 1636 molicionis
424 1607 500 1635 sue
534 1589 832 1648 predamnauit
864 1593 1076 1658 exemplo.
1128 1592 1288 1648 Aitque
1319 1591 1488 1633 Ericus:
1522 1592 1606 1646 Op-

154 1652 257 1693 tima
301 1655 366 1693 est
407 1650 596 1692 affinium
639 1664 770 1706 opera
813 1650 902 1703 opis
933 1650 1092 1705 indigo.
1155 1650 1209 1692 Et
1242 1650 1458 1692 Rollerus:
1491 1650 1607 1691 Inter

153 1723 327 1765 asperos
352 1723 474 1750 casus
510 1708 699 1751 officiose
732 1708 993 1750 adsciscendi
1019 1713 1117 1750 sunt
1142 1709 1251 1750 honi.
1294 1709 1400 1750 Tum
1424 1707 1606 1749 Frotho:

154 1767 291 1810 Credo
325 1772 578 1810 euenturum
611 1767 757 1821 uobis,
803 1767 913 1822 quod
948 1768 1077 1822 uulgo
1111 1766 1192 1808 dici
1223 1767 1399 1816 assolet,
1440 1765 1606 1807 ferienti

153 1825 368 1869 interdum
393 1825 524 1867 breue
547 1825 828 1881 percussionis
852 1825 1054 1880 gaudium
1086 1825 1188 1878 fore,
1223 1839 1302 1866 nec
1334 1825 1406 1866 diu
1438 1837 1606 1864 manum

153 1884 239 1926 ictu
286 1883 512 1925 exhilarari
562 1884 717 1925 solere.
779 1882 834 1924 Et
877 1883 1047 1925 Ericus:
1096 1883 1193 1925 Non
1240 1887 1304 1924 est
1351 1881 1607 1937 arguendus,

154 1942 273 1984 cuius
320 1942 437 1997 operi
480 1947 832 1983 excusamentum
864 1941 1031 1983 iusticia
1061 1941 1221 1983 tribuit.
1281 1941 1465 1982 Tantum
1498 1939 1607 1981 enim

154 2001 263 2042 inter
302 2014 438 2042 meam
482 2005 610 2055 atque
643 2000 806 2055 Greppi
839 2013 1011 2055 operam
1056 2000 1210 2051 distat,
1256 2002 1457 2054 quantum
1498 1997 1606 2039 inter

152 2057 421 2100 defendentis
467 2072 513 2100 se
564 2061 691 2113 atque
733 2058 860 2099 alium
901 2058 1142 2114 impetentis
1172 2058 1344 2099 interest
1376 2057 1604 2098 accionem.

290 2116 462 2158 Deinde
487 2116 646 2172 „fratres
678 2115 838 2172 Greppi
870 2115 1139 2158 fremebundi
1180 2115 1356 2157 dissilile
1389 2118 1604 2169 ceperunt,

154 2174 356 2227 iurantes,
388 2189 432 2216 se
454 2179 527 2216 aut
549 2175 590 2216 in
614 2178 748 2216 totam
771 2173 883 2215 Erici
906 2175 1085 2215 classem
1124 2173 1283 2215 ultores
1315 2177 1390 2214 aut
1420 2184 1606 2226 pugnam

156 2232 195 2274 ei
225 2231 430 2288 denisque
463 2246 557 2273 cum
588 2232 680 2287 ipso
714 2232 930 2287 pugilibus
963 2232 1168 2273 illaturos
1231 2230 1392 2279 Quibus
1433 2229 1605 2271 Ericus:

154 2290 278 2343 Egris
309 2290 388 2332 iter
420 2295 510 2331 arte
540 2289 853 2345 prouidendum
889 2295 965 2332 est.
1029 2289 1241 2332 Hebetem
1281 2288 1442 2330 tenenti
1472 2286 1605 2328 aciem

160 2348 303 2391 mollia
335 2363 384 2390 ac
416 2353 563 2390 tenera
593 2348 776 2390 lustrare
809 2348 1020 2390 conuenit.
1081 2348 1288 2390 Retusum
1319 2345 1491 2387 habenti
1523 2343 1606 2384 cul-

153 2411 265 2448 trum
311 2406 514 2448 artuatim
560 2406 764 2448 seccionis
810 2406 1094 2462 perquirenda
1140 2410 1203 2447 est
1250 2404 1331 2446 uia.
1395 2402 1603 2452 Quoniam

153 2478 256 2520 ergo
298 2463 511 2506 laboranti
554 2464 714 2520 optima
758 2468 821 2506 est
860 2464 958 2505 mali
986 2464 991 2515 Ι
1019 2478 1160 2517 mora,
1201 2476 1277 2504 nec
1307 2461 1528 2516 quicquam
1561 2458 1603 2500 in

153 2522 347 2565 aduersis
394 2522 660 2564 necessitatis
692 2521 901 2563 dilacione
931 2521 1117 2574 felicius,
1158 2520 1343 2562 triduum
1383 2516 1604 2574 apparatui

154 2585 269 2635 peto,
301 2579 531 2622 dummodo
564 2580 735 2635 assequi
767 2579 925 2635 possim
957 2594 983 2621 a
1014 2593 1115 2634 rege
1149 2592 1294 2621 recens
1326 2578 1508 2618 mactate
1534 2587 1606 2628 pe-

157 2638 274 2680 cudis
303 2643 459 2713 tergus.
503 2638 582 2681 Oui
606 2637 788 2683 Frotho:
823 2637 994 2682 Corium
1028 2641 1225 2687 meretur,
1258 2635 1327 2690 qui
1358 2632 1472 2679 corio
1508 2645 1605 2676 con-

1663 1209 1691 1233 p.
1711 1201 1758 1226 207

1662 1246 1773 1274 XM!-

1674 1304 1743 1340 (77)

1659 2476 1687 2500 p.
1706 2467 1757 2493 208
