1884 3126
206 570 222 596 5

186 862 220 888 10

191 1149 220 1175 15

183 1440 220 1467 *20

256 200 339 241 218
820 223 874 229 —-
935 198 1053 242 VH>
1086 225 1142 231 —

256 327 413 368 minum
447 327 653 368 uiolencia
681 327 867 370 latibulis
901 331 1068 383 egestos
1098 328 1348 370 incantantis
1379 328 1599 371 obtutibus
1625 327 1695 370 ad-

256 386 414 427 moueri
456 385 768 451 conspicerent,
809 400 862 427 ne
903 391 988 427 tam
1020 385 1227 429 horrende
1259 387 1492 428 coaccionis
1521 387 1696 453 imperio

255 443 559 509 proderentur,
590 444 793 498 gremium
827 444 916 486 eius
949 444 1110 499 accepti
1142 460 1167 486 a
1198 444 1410 486 tutoribus
1441 445 1531 485 auri
1561 444 1697 486 incus-

255 501 373 543 sione
403 500 674 556 perfundunt.
737 501 851 552 Que,
892 506 1064 557 recepto
1096 516 1282 553 munere,
1314 503 1534 558 repentina
1564 502 1698 544 morbi

252 559 526 600 simulacione
557 573 632 614 par
664 560 847 601 exanimi
880 559 1076 601 concidit.
1120 560 1472 615 Perquirentibus
1501 560 1698 601 ministris

256 631 423 658 causam
466 622 551 659 tam
594 617 719 659 subiti
758 617 924 673 lapsus,
962 617 1276 659 inscrutabilem
1306 618 1486 659 filiorum
1519 616 1699 659 Haraldi

255 676 401 728 fugam
423 675 606 717 existere
628 676 897 723 memorabat,
931 690 1112 731 quorum
1144 676 1299 717 eximia
1328 677 1392 717 uis
1424 675 1556 717 eciam
1586 679 1697 717 atro-

255 731 454 787 cisisimos
487 734 717 775 carminum
751 738 1007 790 temperaret
1043 733 1232 776 effectus.
1295 734 1360 775 Ita
1390 734 1569 788 paruulo
1602 748 1699 775 con-

255 795 372 832 tenta
413 791 642 839 beneficio,
686 791 819 833 maius
860 806 884 832 a
914 805 1016 846 rege
1063 792 1286 846 prestolari
1325 792 1532 846 premium
1574 806 1700 847 passa

253 863 334 890 non
369 853 444 891 est.
492 849 598 890 Post
628 850 707 891 hec
738 850 904 904 Regno,
936 863 1055 890 suam
1088 863 1136 890 ac
1167 850 1426 905 pupillorum
1456 850 1699 906 opinionem

252 907 447 962 populari
479 921 672 949 sermone
706 907 971 950 crebrescere
1004 911 1218 962 expertus,
1250 908 1292 948 in
1323 907 1532 963 Fyoniam
1563 912 1700 950 utros-

253 979 334 1020 que
381 964 571 1007 deuexit.
639 965 718 1006 Vbi
761 980 786 1006 a
831 965 1048 1007 Frothone
1096 970 1270 1020 captus,
1318 965 1609 1007 adolescentes
1655 980 1700 1008 se

253 1022 446 1064 custodia
477 1026 747 1088 prosecutum
780 1023 960 1076 fatetm,
994 1028 1276 1078 precaturque
1306 1036 1473 1078 regem,
1516 1023 1699 1079 pupillis,

253 1095 357 1146 quos
380 1085 500 1135 patre
533 1081 791 1135 priuauerat
824 1085 982 1136 paicat,
1015 1095 1095 1122 nec
1125 1095 1169 1122 se
1193 1081 1347 1136 duplici
1379 1080 1604 1148 parricidio
1628 1081 1700 1123 ob-

252 1139 412 1181 iectare
443 1138 656 1180 felicitatis
695 1139 789 1180 loco
833 1139 970 1180 ducat.
1033 1138 1127 1187 Quo
1160 1139 1272 1180 dicto
1305 1139 1506 1181 seuiciam
1537 1140 1628 1181 eius
1659 1139 1698 1180 in

253 1198 448 1238 ruborem
482 1197 706 1262 conuertit,
736 1196 1032 1252 pollicitusque
1065 1201 1141 1250 est,
1173 1196 1306 1252 siquid
1341 1197 1394 1238 ab
1419 1197 1477 1239 eis
1498 1198 1540 1238 in
1562 1197 1700 1253 patria

253 1259 504 1305 nouaretur,
542 1269 586 1295 se
618 1255 708 1310 regi
740 1255 893 1297 indicia
925 1255 1090 1296 delatui
1094 1269 1178 1297 um
1240 1255 1308 1296 Ita
1339 1255 1511 1310 pupillis
1541 1255 1700 1297 incolu-

252 1313 398 1354 mitate
428 1317 572 1368 parta,
604 1318 719 1355 metu
749 1313 868 1365 liber,
899 1314 1055 1356 multos
1090 1327 1222 1354 annos
1253 1312 1448 1355 confecit.

391 1370 473 1418 Qui
504 1385 599 1412 cum
631 1370 763 1412 adulti
796 1370 1055 1413 Sialandiam
1087 1367 1354 1426 petiuissent,
1387 1371 1597 1412 ulcionem
1621 1385 1701 1424 pa-

251 1428 323 1469 tris
346 1429 397 1470 ab
425 1428 567 1470 amicis
603 1429 755 1484 exequi
787 1430 901 1483 iussi,
932 1443 1015 1471 non
1047 1443 1092 1471 se
1123 1443 1173 1470 ac
1204 1432 1401 1484 patruum
1432 1442 1574 1470 annua
1605 1429 1700 1472 luce

253 1485 461 1541 potituros
494 1492 718 1528 uouerunt.
780 1486 875 1535 Quo
890 1462 1121 1543 'comperto
1153 1487 1318 1541 Regno,
1351 1487 1465 1541 pacti
1496 1487 1699 1529 memoria

253 1545 500 1598 concitatus,
531 1548 661 1586 noctu
693 1545 853 1597 regiam
884 1545 1003 1600 petit,
1036 1559 1169 1600 seque
1200 1545 1406 1599 promisse
1437 1544 1496 1587 rei
1519 1544 1700 1587 indicem

252 1602 399 1644 uenire
431 1603 558 1644 tacite
589 1603 750 1644 asserit.
813 1602 1106 1645 Dormientem
1141 1607 1280 1644 tamen
1312 1602 1366 1643 ad
1397 1603 1563 1656 uigilias
1595 1617 1699 1644 euo-

254 1674 348 1701 care
378 1674 527 1715 passus
558 1675 643 1702 non
675 1666 756 1714 est,
791 1674 838 1702 eo
870 1661 982 1716 quod
1014 1660 1175 1702 Frotho
1211 1661 1484 1702 excitacionis
1516 1675 1594 1703 sue
1629 1675 1700 1716 pe-

182 1727 218 1754 25
248 1731 323 1759 nas
355 1718 466 1759 ferro
509 1718 683 1773 exigere
724 1718 874 1760 solitus
917 1718 1066 1761 fuerat.
1130 1718 1254 1760 Tanti
1285 1718 1503 1773 quondam
1535 1718 1700 1773 regium

181 2020 218 2047 30

183 2309 219 2337 35

180 2600 216 2629 40

251 1789 444 1817 somnum
483 1776 726 1831 importuna
765 1776 1044 1818 frustracione
1091 1790 1362 1832 peirumpere
1409 1777 1701 1818 existimatum

252 1839 327 1875 est.
389 1833 438 1874 Id
479 1834 638 1877 Frotho
677 1848 801 1876 mane
844 1849 896 1876 ex
936 1835 1134 1887 uigilibus
1167 1840 1394 1889 expertus,
1434 1838 1481 1874 ut
1511 1834 1699 1876 animad-

251 1892 399 1940 uertit,
440 1892 693 1947 Regnonem
734 1891 981 1934 insidiarum
1013 1892 1217 1945 nuncium,
1245 1891 1448 1945 attulisse,
1483 1896 1698 1934 contracto

251 1949 379 1991 milite
403 1949 559 1991 seuicia
582 1949 777 1992 fraudem
798 1964 1043 2006 precurrere
1070 1951 1229 1991 statuit.
1271 1948 1361 1991 Nec
1383 1949 1498 1991 aliud
1520 1949 1698 1992 Haraldi

249 2007 345 2049 filiis
368 2008 539 2061 auxilio,
573 2022 698 2063 quam
729 2007 881 2050 furoris
914 2008 1130 2050 simulacio
1165 2008 1257 2050 fuit.
1301 2007 1410 2049 Nam
1443 2023 1536 2050 cum
1569 2025 1612 2052 se
1645 2023 1698 2050 ex

252 2066 485 2121 improuiso
535 2067 734 2121 occupari
781 2067 1095 2121 conspicerent,
1141 2065 1318 2121 perinde
1365 2081 1414 2108 ac
1453 2066 1574 2108 furiis
1617 2067 1699 2110 acti

251 2123 566 2179 lymphancium
609 2123 806 2178 more[m]
847 2123 934 2179 <se>
976 2138 1124 2180 gerere
1167 2129 1382 2179 ceperunt.
1445 2124 1564 2173 Quos
1604 2139 1698 2166 cum

251 2182 413 2223 Frotho
448 2186 590 2223 mente
623 2186 769 2237 captos
800 2187 983 2237 putaret,
1013 2182 1276 2238 propositum
1306 2182 1480 2235 remisit,
1513 2182 1698 2224 deforme

255 2240 503 2282 existimans
534 2239 647 2281 ferro
680 2244 841 2295 petere,
874 2240 943 2294 qui
975 2240 1134 2281 ferrum
1165 2240 1206 2281 in
1238 2254 1283 2282 se
1317 2243 1562 2282 conuertere
1583 2240 1698 2282 uide—

249 2302 409 2340 rentur
471 2296 513 2338 A
559 2297 707 2352 quibus
753 2298 948 2353 proxima
992 2303 1118 2339 nocte
1162 2296 1356 2339 incendio
1410 2302 1696 2353 consumptus,

250 2355 398 2409 dignas
439 2353 663 2420 parricidii
693 2370 825 2411 penas
860 2355 1073 2410 pependit.
1136 2355 1303 2411 Quippe
1340 2356 1503 2410 regiam
1545 2356 1695 2407 adorti,

250 2413 438 2467 reginam
469 2414 512 2454 in
543 2412 687 2468 primis
718 2413 884 2469 lapideo
916 2413 1095 2454 obruere
1138 2417 1371 2479 congestu3
1413 2413 1511 2468 igne
1542 2412 1695 2456 deinde

249 2471 473 2526 penatibus
505 2471 730 2526 applicato,
762 2471 1057 2512 Frothonem
1047 2485 1088 2512 111
1114 2471 1245 2513 excisi
1269 2469 1427 2512 dudum
1451 2484 1602 2525 specus
1624 2485 1695 2513 an-

249 2529 412 2582 gustias
435 2533 478 2577 et
500 2542 656 2583 opacos
679 2529 966 2570 cuniculorum
989 2541 1176 2570 recessus
1203 2528 1408 2584 obrepere
1441 2525 1693 2594 coelgerunt.

247 2585 330 2629 Vbi
343 2586 442 2629 dum
454 2587 620 2629 clausus
633 2585 850 2639 delitescit,
866 2600 1027 2645 uapore
1042 2590 1083 2631 et
1095 2586 1215 2629 fumo
1228 2586 1515 2645 strangulatus
1523 2587 1644 2630 lutei
1634 2596 1692 2630 nt

1749 2541 1779 2566 p.
1798 2532 1848 2559 323
