1884 3126
763 269 817 275 -
877 244 971 287 IIII
1030 269 1082 275 -
1557 250 1635 292 101

193 372 364 428 nauigio
408 374 556 429 repeti,
596 371 768 415 inferias
809 374 1007 416 conuiuio
1054 374 1270 429 celebrari,
1312 376 1514 418 comitum
1544 377 1639 419 loco

194 431 363 474 baculos
410 431 762 489 percontantibus
803 432 983 486 ostendi,
1016 433 1214 475 iuuenem
1259 434 1457 490 pincerne
1499 440 1641 491 partes

193 490 372 546 exequi,
413 490 601 533 districto
634 504 710 546 per
740 489 993 532 industriam
1031 491 1141 533 ferro
1194 491 1349 547 digitos
1392 493 1639 541 exulcerari,

192 548 383 604 gladium
415 548 533 592 clauo
570 547 781 604 pertundi,
824 548 1067 591 conuiuales
1098 550 1270 605 plausus
1311 550 1468 605 augeri,
1509 551 1641 593 incre-

192 606 388 649 brescere
418 605 616 662 tripudia,
649 605 817 648 auleam
849 606 1155 650 dormientibus
1187 608 1310 660 iniici,
1342 609 1540 651 iniectam
1566 624 1640 650 un-

128 692 134 699 »
195 678 340 707 corum
371 665 553 708 nexibus
586 665 812 718 obfirmari,
844 665 1101 722 pertinacius
1133 666 1294 722 sopitos
1325 666 1496 715 inuolui,
1520 667 1641 709 tectis

125 917 161 944 10

125 1209 161 1235 15

123 1499 161 1527 20

124 2081 162 2108 30

127 2658 163 2685 40

193 727 350 765 torrem
371 723 555 776 immitti,
579 723 757 764 cremari
780 724 998 776 conuiuas,
1022 724 1244 780 depastam
1267 724 1459 766 incendio
1482 726 1641 780 regiam

193 781 452 834 labefactari,
469 781 681 836 Fengonis
704 782 944 823 cubiculum
965 782 1084 834 adiri,
1105 782 1295 838 gladium
1318 784 1435 838 eripi,
1452 784 1641 826 inutilem

194 840 330 895 erepti
363 840 457 882 loco
490 840 703 892 constitui,
726 854 873 895 regem
894 841 1078 896 priuigni
1100 855 1226 882 manu
1248 842 1407 897 proprii
1432 843 1642 884 mucronis

194 899 388 940 acumine
420 898 635 940 trucidari.
698 898 794 941 Hec
842 899 982 941 omnia
1026 900 1318 941 excultissimo
1363 914 1504 941 rerum
1544 901 1641 942 arti-

192 957 288 998 ficio
322 957 495 998 militari
528 957 616 998 eius
648 961 768 998 scuto
803 957 950 1013 opifex
982 957 1195 999 studiosus
1227 958 1435 1010 illeuerat,
1466 973 1532 1000 res
1562 958 1643 1001 for-

192 1015 271 1056 mis
304 1015 508 1068 imitatus,
541 1020 584 1057 et
615 1015 729 1057 facta
759 1015 993 1071 figurarum
1025 1015 1356 1058 adumbracione
1379 1017 1637 1072 complexus.

193 1072 279 1115 Sed
313 1077 355 1115 et
398 1074 576 1115 comites
618 1074 773 1129 ipsius,
820 1088 904 1130 quo
947 1088 992 1116 se
1032 1073 1205 1116 nitidius
1242 1078 1458 1129 gererent,
1501 1074 1641 1117 oblitis

192 1135 358 1172 tantum
389 1146 493 1173 auro
527 1131 685 1187 clypeis
717 1132 961 1174 utebantur.

331 1190 448 1238 Quos
472 1190 695 1232 Britannie
715 1205 794 1232 rex
817 1190 1118 1245 benignissime
1156 1194 1357 1246 exceptos
1387 1191 1491 1245 regii
1514 1205 1643 1246 appa-

193 1253 310 1290 ratus
331 1249 534 1304 impensis
555 1249 841 1304 prosequitur.
890 1249 974 1297 Qui
995 1250 1104 1290 inter
1129 1248 1400 1304 epulandum,
1422 1263 1475 1290 an
1497 1248 1641 1303 Fengo

192 1307 359 1348 uiueret
417 1307 678 1362 integrisque
735 1307 915 1351 fortunis
959 1310 1094 1361 esset,
1152 1306 1303 1362 cupide
1358 1310 1643 1362 percontatus,

194 1360 413 1420 cognoscit
447 1380 469 1407 c
500 1379 674 1421 genero,
708 1365 818 1406 ferro
855 1366 1047 1421 periisse,
1081 1365 1134 1406 de
1166 1365 1283 1406 cuius
1320 1364 1476 1406 frustra
1507 1365 1642 1406 salute

192 1424 472 1479 perquireret.
546 1422 738 1479 Cumque
780 1424 1098 1465 interfectorem
1142 1424 1230 1464 eius
1273 1423 1430 1465 crebris
1467 1436 1642 1478 percon-

191 1481 429 1524 tacionibus
476 1482 777 1536 inuestigaret,
820 1481 1003 1524 eundem
1035 1481 1163 1523 cladis
1198 1482 1285 1523 eius
1320 1486 1541 1523 auctorem
1594 1494 1642 1522 ac

193 1541 393 1582 nuncium
415 1545 562 1592 extare
586 1539 743 1590 didicit.
782 1539 876 1589 Quo
900 1539 1059 1593 audito,
1083 1540 1259 1581 tacitum
1276 1540 1405 1581 animi
1424 1544 1642 1594 stuporem

193 1599 418 1648 contraxit,
435 1597 546 1654 quod
565 1597 617 1640 ad
635 1613 679 1639 se
700 1599 955 1654 promissam
973 1598 1188 1653 quondam
1204 1597 1417 1652 Fengonis
1432 1597 1644 1638 ulcionem

196 1657 409 1713 pertinere
443 1662 731 1710 cognosceret.
794 1657 892 1712 Ipse
926 1655 1136 1711 siquidem
1167 1670 1216 1697 ac
1245 1656 1415 1710 Fengo,
1457 1661 1504 1696 ut
1536 1654 1644 1697 alter

194 1716 368 1758 alterius
399 1715 582 1756 ultorem
615 1718 774 1769 ageret,
805 1719 954 1756 mutua
977 1713 1189 1770 quondam
1221 1714 1421 1769 paccione
1443 1712 1643 1754 decreue-

194 1777 301 1816 rant.
374 1772 591 1815 Trahebat
635 1774 779 1828 itaque
822 1786 972 1827 regem
1016 1773 1110 1813 hinc
1152 1773 1192 1813 in
1236 1772 1365 1813 filiam
1401 1772 1557 1826 pietas,
1599 1771 1642 1811 in

194 1845 400 1886 generum
431 1845 564 1885 amor,
596 1831 695 1873 inde
729 1831 882 1873 caritas
912 1831 953 1873 in
988 1831 1170 1871 amicum
1188 1833 1229 1871 et
1255 1833 1448 1885 preterea
1478 1829 1642 1870 iurisiu-

193 1890 316 1932 randi
346 1890 538 1944 firmitas,
582 1890 676 1945 ipsa
726 1903 896 1945 quoque
943 1893 1088 1930 mutue
1136 1888 1434 1930 obtestacionis
1480 1886 1641 1941 religio,

194 1945 348 2004 quam*
378 1947 541 1989 uiolare
573 1948 783 1989 nefarium
814 1951 918 1989 erat.
966 1945 1158 1988 Tandem
1191 1960 1286 1987 cum
1307 1945 1522 1986 affinitatis
1544 1958 1638 1986 con-

195 2010 361 2062 temptu
411 2006 611 2048 iuratoria
649 2005 655 2059 1
692 2004 1021 2062 preponderauit
1071 2003 1187 2056 fides,
1233 2016 1542 2057 conuersusque
1587 2002 1638 2043 ad

192 2065 404 2106 ulcionem
435 2065 601 2106 animus
633 2063 936 2106 necessitudini
967 2063 1216 2118 religionem
1257 2062 1512 2117 anteposuit.
1558 2059 1640 2101 Sed

194 2123 395 2178 quoniam
417 2122 716 2178 hospitalitatis
737 2136 854 2163 sacra
877 2121 1036 2163 uiolare
1058 2120 1175 2163 nefas
1199 2118 1472 2175 crelidebatur,
1502 2118 1640 2159 aliena

194 2194 323 2222 manu
344 2181 522 2223 ulcionis
554 2184 695 2236 partes
717 2180 872 2235 exequi
903 2180 1157 2235 preoptauit,
1189 2178 1436 2220 innocencie
1458 2176 1642 2231 speciem

196 2239 362 2280 occulto
393 2239 583 2280 facinore
621 2243 908 2294 pretenturus.
972 2237 1106 2292 Igitur
1137 2236 1306 2278 insidias
1344 2235 1491 2276 officiis
1522 2234 1640 2286 texit,

193 2296 449 2352 ledendique
470 2311 615 2339 curam
632 2296 894 2339 adumbratis
911 2296 1203 2337 beniuolencie
1220 2294 1368 2336 studiis
1388 2291 1640 2334 obscurauit.

146 2372 161 2398 5
193 2353 248 2396 Et
279 2356 377 2410 quia
409 2355 593 2397 coniunx
627 2356 716 2396 eius
745 2367 880 2409 nuper
902 2354 1050 2395 morbo
1085 2357 1336 2408 consumpta
1356 2351 1506 2399 fuerat,
1539 2349 1640 2389 Am-

194 2413 358 2454 lethum
379 2413 714 2468 reparandarum
730 2413 981 2468 nupciarum
999 2412 1263 2466 legacionem
1280 2410 1492 2464 suscipere
1510 2406 1640 2459 iubet,

195 2470 248 2512 ad
280 2471 455 2512 modum
476 2485 523 2512 se
544 2470 749 2525 singulari
765 2471 896 2526 ipsius
927 2469 1139 2511 industria.
1157 2469 1414 2511 delectatum
1435 2464 1638 2521 prefatus.

194 2528 394 2582 Regnare
453 2528 663 2584 siquidem
716 2530 757 2570 in
803 2528 943 2569 Scotia
997 2527 1199 2569 feminam
1251 2523 1479 2569 asserebat,
1523 2522 1639 2584 cuius

195 2587 472 2628 uehementer
504 2586 760 2628 connubium
805 2585 1036 2636 affectaret.
1099 2584 1269 2626 Sciebat
1308 2595 1514 2636 namque,
1545 2593 1641 2621 eam

195 2658 279 2687 non
312 2644 438 2687 modo
470 2644 679 2703 pudicicia
702 2644 894 2698 celibem,
928 2642 1002 2685 sed
1025 2643 1158 2685 eciam
1188 2640 1417 2683 insolencia
1440 2645 1640 2692 atrocem,

1675 1946 1805 1975 xxxv>

1696 2010 1794 2044 p.156

1711 2124 1778 2174 (57)
