1884 3126
220 926 255 952 10

218 1213 254 1239 15

218 1500 255 1525 ‘20

218 2076 253 2103 30

218 2366 232 2391 3
237 2367 253 2392 5

294 276 373 317 398
855 238 924 298 -'
965 235 1055 309 ΧΠ
1117 289 1169 295 —

291 402 497 465 gesserat,
541 408 755 436 numerum
803 393 1051 448 adequauit,
1093 392 1324 446 celestique
1357 391 1508 432 robore
1539 391 1724 432 humana

292 458 332 498 ui
363 456 559 495 maioiem
595 452 725 493 (didit
755 451 978 491 ulcionem.
1035 450 1202 504 Quippe
1236 448 1352 489 ue1ni
1385 449 1591 503 estiuique
1623 455 1725 490 tem-

290 514 398 568 poris
439 512 605 551 fer-uolo
646 514 782 549 satum
825 522 948 550 omne
981 508 1162 559 coaruit;
1207 506 1450 547 autumnale
1482 521 1583 547 uero
1617 506 1723 548 adeo

290 569 475 625 pluuium
523 567 627 619 fuit,
674 572 742 617 ut,
788 566 924 621 siquid
971 539 1162 605 locoiuni
1207 564 1442 605 humilitate
1493 565 1726 619 palustriue

290 626 457 667 madore
491 625 636 665 alitum
669 624 974 674 succreuisset,
1006 623 1295 686 perseueranti
1327 622 1519 662 imbrium
1553 622 1726 663 inunda-

289 685 403 724 cione
427 681 667 735 ‹lecideret;
690 696 928 736 quanquam
955 680 1209 720 contr-alium
1235 680 1310 720 celi
1332 678 1521 721 habitum
1545 680 1726 721 humane

290 739 596 781 commoditatis
625 714 737 780 rficio
770 740 1013 793 flagitasset.
1057 737 1191 791 Igitur
1224 738 1463 792 opportuno
1496 738 1725 779 solsticium

288 799 462 839 humore
505 798 657 842 caruit.
703 797 974 849 eundemque
1015 796 1103 836 sinc
1144 795 1267 836 modo
1311 795 1531 849 profusum
1572 796 1727 836 siccum

289 870 432 897 amans
486 855 656 896 Sextilis
708 855 886 908 excepit.
934 853 1077 894 .Tunc
1129 853 1254 907 plane
1307 867 1549 908 camporum
1600 853 1727 894 facies

289 914 511 954 celestibus
553 913 754 953 imbribus
792 911 995 952 inundata
1033 911 1117 952 late
1158 911 1340 965 patentis
1373 912 1512 965 stagni
1545 911 1726 965 speeiem

287 971 465 1026 pr·ebe10
489 974 713 1024 conspeet1
736 974 810 1011 est.
855 970 936 1022 Ita,
970 968 1078 1023 quod
1113 975 1225 1009 estas
1258 983 1355 1022 egre
1395 969 1564 1022 genuit,
1609 972 1727 1009 autu-

287 1043 408 1069 mnus
432 1029 663 1082 oppressit,
695 1032 898 1082 tantaque
922 1032 1159 1081 temporum
1194 1027 1463 1082 intemperies
1498 1026 1650 1079 extitit,
1684 1031 1728 1066 ut

287 1100 361 1127 nec
394 1086 525 1126 imber
557 1061 693 1126 estuin
735 1086 886 1126 leniret
918 1099 995 1126 nec
1029 1090 1142 1125 estus
1172 1084 1316 1125 imbris
1348 1084 1537 1125 illuuiem
1570 1060 1728 1138 {inipe-

287 1148 409 1185 raret.
488 1143 596 1190 Quin
644 1143 774 1184 eciam
822 1149 1032 1197 agiestes,
1080 1143 1199 1197 aquis
1247 1156 1416 1197 campos
1474 1141 1728 1196 tegentibus,

286 1201 563 1256 superuancia
595 1202 803 1254 spicarum
851 1201 988 1255 capita
1021 1200 1282 1241 demetentes
1314 1200 1517 1241 nauiculis
1548 1199 1728 1264 excipie-

287 1260 400 1310 bant,
435 1272 483 1298 ac
515 1258 667 1299 deinde
708 1264 850 1312 putres
888 1259 1112 1299 aristarum
1143 1258 1338 1322 reliquias
1370 1258 1611 1299 fornacibus
1642 1256 1729 1311 igni

286 1315 576 1371 pei-calefactis
606 1315 877 1356 exsiccandas
910 1315 1354 1370 n1·1ndabant,sicque
1378 1329 1447 1356 eas
1471 1315 1580 1360 mole
1602 1314 1727 1356 subii-

289 1374 458 1425 cientes,
492 1374 585 1428 quii
619 1387 770 1427 panem
803 1379 990 1427 prestare
1023 1388 1104 1414 non
1138 1378 1346 1428 poter,ant
1378 1373 1417 1414 in
1450 1387 1573 1414 usum
1598 1372 1725 1437 pultis

287 1431 521 1472 uerezubint.
575 1431 858 1478 Quamobrem
891 1436 1010 1472 tanta
1043 1431 1229 1472 ciborum
1262 1431 1438 1486 penuria
1467 1431 1647 1479 incessit,
1681 1434 1726 1470 ut

286 1488 468 1529 maxima
486 1489 628 1542 populi
653 1502 747 1542 pars
771 1489 1097 1530 alimentorum'
1088 1504 1209 1544 lnops
1232 1488 1370 1529 inedia
1393 1494 1723 1529 consumernetui

286 1546 374 1593 Ea
373 1546 1105 1612 reslocupletesinopia,p·1uperes
1125 1547 1508 1597 moltemulctauit,
1528 1546 1724 1587 maiores-

286 1618 366 1658 que
400 1618 480 1655 ere,
513 1604 696 1645 minores
728 1605 876 1659 spiritu
908 1605 1117 1659 spoliauit.
1180 1604 1289 1645 Nam
1321 1603 1402 1645 diui
1409 1609 1495 1646 tum
1528 1603 1724 1659 populus,

287 1675 368 1701 non
411 1662 732 1727 suppetentibus
777 1662 1007 1716 alimentis,
1055 1676 1156 1703 auro
1199 1670 1461 1716 argentoque
1501 1662 1723 1703 salutarem

287 1719 545 1774 comparauit
569 1720 822 1784 ii‹111›enS11n;
855 1734 1099 1785 pauperum·
1119 1734 1219 1761 uelo
1252 1733 1438 1773 gregem,
1471 1725 1555 1760 tam
1578 1733 1725 1760 census

239 1789 254 1813 5
286 1791 408 1842 quam
434 1777 582 1832 dapis
576 1791 756 1835 inopem}
790 1778 958 1818 horrida
989 1778 1147 1833 passim
1178 1778 1310 1818 fames
1342 1777 1586 1832 absumpsit.
1630 1776 1726 1817 Rex

286 1836 387 1889 ipse,
417 1835 467 1875 ad
503 1836 691 1876 ultimam
723 1831 863 1877 tabem
895 1836 1110 1901 redactus,
1143 1835 1320 1891 plurima
1352 1835 1474 1889 fruge
1505 1833 1724 1876 latifundia

285 1893 568 1947 permutabat,
600 1894 795 1948 agrisque
827 1895 971 1934 uenire
1004 1894 1147 1947 iussis,
1180 1894 1378 1934 alimenta
1410 1893 1724 1957 possessionum

285 1950 435 2016 preciis
468 1951 752 2006 comparabat.
795 1951 1050 1993 Nobilibus
1043 1966 1082 1992 1n
1106 1951 1284 1993 eundem
1309 1965 1430 1992 usum
1452 1949 1722 2004 ingenuitatis

286 2008 465 2061 insignia
488 2022 663 2062 erogare
686 2010 829 2050 rubori
851 2023 934 2050 non
965 2010 1056 2051 fuit.
1110 2009 1338 2050 Enimuelo
1372 2009 1539 2049 abunde
1570 2022 1692 2061 seges
1717 2004 1721 2062 Ι

284 2066 467 2107 finitimis
510 2071 641 2118 erat,
678 2071 724 2107 ut
773 2067 939 2122 priuata
980 2068 1144 2122 gentis,
1185 2081 1266 2108 non
1309 2066 1475 2120 publica
1517 2072 1720 2107 terrarum

286 2123 394 2164 ulcio
435 2123 663 2165 uideretur.
726 2124 816 2172 Que
858 2131 943 2165 tam
984 2125 1074 2165 (lira
1115 2124 1255 2166 clades
1296 2125 1534 2165 conuictum
1574 2123 1720 2178 populi

286 2181 469 2221 animum
513 2181 777 2223 sanctitatem
816 2181 1041 2236 <Kanuti>,
1083 2197 1206 2237 quam
1245 2186 1370 2223 antea
1401 2181 1722 2233 detrectauerat,

286 2238 407 2279 fateri
441 2240 591 2292 coegit,
624 2239 761 2293 deque
793 2241 1050 2282 celsitudinis
1083 2241 1171 2282 eius
1205 2240 1564 2294 contemptoribus
1598 2251 1723 2278 uene-

287 2300 446 2337 iato1es
479 2297 630 2339 effecit.
693 2299 802 2338 Sane
834 2302 918 2339 tam
952 2298 1124 2339 euidens
1157 2311 1286 2352 pena,
1318 2297 1408 2338 aliis
1439 2297 1560 2350 fruge
1591 2297 1723 2336 abun-

286 2353 495 2406 dantibus,
529 2354 662 2395 Danis
693 2355 891 2419 priuatim
922 2356 1133 2410 ingruens,
1166 2361 1206 2396 et
1238 2354 1539 2410 parricidarum
1567 2367 1721 2394 noxam

288 2417 330 2452 et
360 2413 565 2466 perempti
598 2412 888 2455 innocenciam
918 2390 1075 2468 liqnuido
1109 2418 1402 2478 argumentata
1433 2417 1508 2453 est.

423 2469 544 2510 Hanc
588 2475 749 2524 pestem
788 2470 929 2512 Sucno
977 2471 1190 2525 pontifex,
1239 2471 1355 2512 cuius
1401 2484 1563 2511 summa
1605 2468 1717 2523 apud

285 2526 431 2567 Danos
454 2528 679 2569 auctoritas
711 2533 814 2581 erat,
846 2529 1004 2583 populo
1029 2529 1236 2583 parricidii
1259 2528 1447 2593 penitere
1471 2527 1719 2582 permonito,

285 2583 539 2629 incessuram
583 2585 780 2639 predixit.
851 2581 1018 2641 Quippe
1057 2587 1097 2627 in
1140 2586 1304 2641 plebem
1353 2586 1470 2651 pius,
1515 2585 1555 2625 in
1597 2584 1719 2626 deum

220 2653 255 2680 40
285 2642 533 2683 uenerabilis
567 2643 822 2698 habebatur,
854 2644 1183 2699 leligionomque
1218 2643 1446 2685 attenciore
1479 2655 1592 2694 cura,
1626 2656 1721 2683 con-
