1884 3126
42 860 79 886 10

40 1150 75 1176 15

38 1438 75 1465 ‘30

37 1727 74 1754 25

36 2017 74 2043 30

38 2307 74 2334 35

39 2596 76 2627 40

659 221 713 229 —
772 195 883 240 VIII
944 220 996 227 —-
1466 201 1546 242 267

111 325 262 380 guibus
295 325 603 381 contemplatus
636 324 782 376 oculis,
815 340 965 380 manu,
998 332 1043 368 ut
1075 331 1253 381 poterat,
1284 333 1402 369 mota
1434 328 1549 380 (nam

111 397 198 424 uox
230 383 419 437 linguam
451 381 685 436 defecerat)
718 383 983 429 accersitum,
1014 385 1104 426 fore
1134 386 1211 427 sibi
1243 400 1444 439 generum
1477 385 1549 426 ob—

113 444 261 492 secrat,
293 441 476 482 iocunde
508 455 552 482 se
585 440 717 481 fatum
751 442 946 496 excipere
978 456 1188 492 asserens,
1232 444 1264 484 si
1308 444 1378 485 tali
1422 443 1547 484 filiam

113 498 321 539 connubio
353 499 602 554 reliquisset.
663 497 752 540 Nec
793 513 995 554 responso
1038 505 1241 556 exceptus
1273 502 1546 554 extinguitur.

110 556 240 598 Cuius
264 570 485 598 excessum
508 555 730 597 Omundus
762 556 986 611 lachrymis
1016 563 1277 612 prosecutus,
1309 559 1547 610 Omothum,

111 615 227 655 cuius
260 614 389 655 fidam
419 615 462 655 in
495 614 604 655 bello
639 627 811 669 operam
844 619 1042 669 expertus
1072 615 1221 668 fuerat,
1254 617 1424 658 alterius
1446 616 1548 657 filia-

110 687 201 713 rum
235 672 682 727 Ringonisconnubio
716 672 870 724 donat,
914 673 1092 715 alteram
1122 673 1211 728 ipse
1242 674 1546 730 complectitur.

249 730 407 771 Eodem
441 735 631 785 tempore
660 730 794 771 Rusla
826 731 961 783 uirgo,
993 732 1205 772 strennuis
1236 732 1382 772 milicie
1417 732 1548 786 operi-

113 788 187 828 bus
209 785 469 843 mulliebrem
501 789 688 829 animum
719 802 1007 842 supergressa,
1038 789 1151 844 apud
1173 788 1430 843 Noruagiam
1454 803 1547 830 cum

108 845 235 887 fratre
259 846 461 887 Throndo
486 848 654 887 crebros
687 845 739 887 de
771 860 911 887 rerum
945 857 1135 888 !summa
1168 847 1383 888 conflictus
1415 847 1544 888 habu-

111 909 213 946 erat.
256 903 352 946 Hec
374 903 620 946 Omundum
641 903 1006 958 Noruagiensibus
1027 919 1196 960 preesse
1220 919 1303 946 non
1326 905 1547 954 sustinens,

108 962 150 1002 in
193 976 336 1004 omnes
377 963 599 1004 Danorum
645 962 864 1003 dediticios
905 962 1148 1004 decreuerat
1192 963 1358 1004 bellum.
1421 962 1546 1010 Quod

110 1019 333 1062 Omundus
364 1020 517 1061 nuncio
551 1025 765 1075 expertus,
798 1020 850 1061 ad
883 1021 993 1062 hunc
1024 1021 1250 1062 tumultum
1272 1021 1546 1076 comprimen-

110 1077 207 1119 dum
258 1078 594 1134 promptissimos
649 1078 842 1120 destinat.
933 1079 1095 1127 Quibus
1148 1079 1355 1133 superatis
1404 1078 1547 1128 Rusla,

107 1136 350 1190 superbiam
374 1151 427 1177 ex
450 1137 626 1178 uictoria
647 1142 782 1189 nacta,
815 1136 999 1177 animum
1032 1151 1105 1192 spe
1138 1136 1359 1177 immodica
1381 1141 1547 1191 raptum

110 1194 160 1234 ad
191 1193 327 1250 ipsam
356 1209 496 1236 rerum
528 1194 789 1235 Danicarum
829 1208 1032 1236 summam
1074 1194 1323 1250 pociendam
1354 1193 1546 1235 intendit.

108 1252 296 1293 Primum
318 1252 445 1308 igitur
463 1251 694 1294 Hallandie
716 1256 860 1307 partes
883 1252 1045 1303 adorta,
1079 1253 1131 1293 ab
1150 1252 1333 1294 Omotho
1354 1257 1395 1293 et
1412 1251 1547 1292 Thola

108 1323 132 1350 a
153 1324 251 1365 rege
273 1310 528 1353 transmissis
551 1310 771 1363 excipitur,
804 1311 998 1365 uictaque
1032 1311 1139 1352 bollo
1173 1310 1320 1364 refuga
1344 1309 1547 1351 concessit

107 1367 159 1408 ad
203 1368 389 1410 classem.
455 1368 586 1410 Cuius
628 1367 787 1410 .XXX.
828 1368 916 1409 sole
961 1372 1092 1422 rates,
1139 1368 1288 1409 ceteris
1330 1367 1382 1408 ab
1425 1367 1547 1408 hoste

107 1426 263 1480 captis,
307 1427 451 1481 fugam
497 1426 775 1480 nauigacione
809 1431 1066 1482 carpserunt.
1126 1425 1370 1467 Euitantem
1401 1425 1546 1466 Dauos

106 1497 296 1526 sororem
335 1484 460 1526 armis
506 1485 660 1540 excipit
705 1484 953 1535 Thi-ondus,
994 1499 1018 1526 a
1060 1498 1142 1538 qua
1183 1484 1319 1524 uictus
1369 1487 1545 1538 totoque

109 1542 299 1584 exercitu
342 1543 568 1597 spoliatus,
600 1542 796 1584 Dofrinas
830 1542 961 1597 Alpes
1002 1541 1294 1596 permeciendo
1334 1541 1544 1583 neminem

106 1599 206 1654 fuge
236 1600 432 1643 comitem
465 1600 625 1642 habuit.
677 1601 757 1654 Ita,
788 1615 868 1655 que
901 1601 1027 1655 paulo
1059 1603 1158 1641 ante
1190 1599 1319 1640 Danis
1352 1603 1543 1650 cesserat,

106 1672 207 1699 mox
241 1658 372 1700 fratre
403 1659 595 1714 superior
626 1657 771 1712 fugam
802 1658 979 1699 uictoria
1012 1657 1206 1699 mutauit.
1250 1657 1343 1704 Quo
1367 1656 1545 1710 cognito,

107 1715 329 1758 Omundus
375 1716 538 1771 ingenti
580 1715 839 1771 Noruagiam
887 1716 1019 1757 classe
1066 1715 1240 1769 repetit,
1284 1714 1545 1770 primumque

106 1773 424 1816 Thelemarchie
457 1775 663 1830 populum
696 1788 770 1829 per
802 1773 1029 1815 Omothum
1059 1779 1100 1814 et
1131 1772 1333 1825 Tholarn,
1381 1771 1544 1812 clande-

106 1831 213 1872 stino
261 1833 513 1887 compendio
560 1833 736 1885 missos,
784 1831 988 1872 aduersus
1032 1831 1164 1872 Rusle
1211 1829 1544 1871 dominacionem

107 1890 254 1931 erexit.
298 1889 390 1938 Quo
425 1890 581 1944 euenit,
615 1895 661 1931 ut
677 1890 823 1941 Rusla,
856 1903 983 1943 regno
1016 1903 1090 1944 per
1122 1888 1347 1943 populares
1381 1891 1543 1938 exacta,

106 1947 216 2003 apud
243 1948 413 1999 insulas,
446 1962 552 2004 quas
585 1962 659 2002 spe
689 1947 839 1989 salutis
867 1953 1117 1997 accesserat,
1149 1944 1544 2000 superuenientibus

106 2005 239 2047 Danis
261 2009 383 2061 terga
409 2006 499 2048 sine
530 2006 665 2061 prelio
698 2005 829 2047 daret.
872 2004 1001 2046 Cuius
1034 2004 1180 2058 fugam
1212 2018 1287 2044 rex
1318 2002 1544 2056 impensius

107 2068 368 2117 persecutus,
399 2064 677 2119 interceptam
711 2063 862 2119 pelago
887 2063 1063 2104 classem
1084 2061 1353 2103 internicione
1376 2059 1543 2110 deleuit,

105 2122 456 2178 incruentamque
498 2122 713 2164 uictoriam
756 2135 806 2162 ac
836 2121 1027 2176 speciosa
1070 2119 1203 2175 spolia
1247 2133 1340 2160 cum
1381 2131 1541 2159 summo

105 2178 288 2220 hostium
334 2179 571 2221 discrimine
617 2179 774 2221 retulit.
834 2179 894 2220 At
935 2178 1089 2220 Rusla.
1136 2176 1355 2233 perpaucis
1401 2175 1543 2230 elapsa

107 2237 298 2291 nauigiis,
327 2237 558 2279 incitaciori
590 2239 742 2279 fluctus
774 2236 947 2290 remigio
979 2234 1257 2291 persulcabat.
1320 2234 1412 2281 Que
1445 2233 1544 2273 dum

105 2295 254 2336 Danos
267 2295 463 2349 declinat,
474 2295 660 2337 fraterno
673 2294 908 2336 trucidatur
923 2308 1115 2336 occursu,
1129 2292 1248 2334 Adeo
1267 2291 1543 2332 efficaciorem

107 2352 405 2396 uim'nocendi
435 2354 768 2408 incircunspecta
800 2352 937 2393 solent
964 2351 1121 2393 habere
1144 2350 1341 2405 pericula,
1375 2352 1428 2400 et,
1462 2361 1543 2402 que

107 2411 243 2452 minus
265 2415 509 2453 metuuntur
531 2411 651 2459 mala,
677 2411 911 2466 plerunque
933 2409 1185 2450 instantibus
1207 2406 1403 2461 grauiora
1425 2419 1543 2446 casus

107 2468 246 2510 efficit.
289 2469 347 2510 At
368 2483 458 2520 reX‚
476 2468 679 2510 Throndo
702 2469 756 2509 ob
777 2467 1112 2508 interfeccionem
1136 2465 1287 2507 sororis
1308 2463 1544 2518 prefectura

106 2524 278 2577 donato,
302 2527 455 2568 ceteris
477 2541 579 2568 uero
598 2527 673 2567 sub
692 2525 894 2580 pensione
913 2523 1146 2573 choemitis,
1167 2523 1208 2563 in
1225 2521 1400 2577 patriam
1424 2519 1543 2561 redit.

244 2584 308 2628 Ea
337 2588 593 2640 tempestate
624 2584 801 2626 Thorias
833 2596 883 2624 ac
914 2583 1046 2635 Bero,
1084 2578 1382 2638 promptissimi
1413 2578 1543 2622 Rusle

1602 804 1628 828 p,
1648 796 1698 823 395

1600 853 1692 886 (149)
