1884 3126
202 882 232 909 10

198 1173 231 1199 15

195 1462 230 1487 ’.Ὅ

195 2040 232 2066 50

193 2327 229 2355 35

195 2617 231 2647 40

267 225 348 265 198
841 246 889 252 —
951 222 1018 265 VI
1080 246 1128 252 —-

266 352 405 394 cillam
436 366 480 393 se
512 350 723 392 cuiusdam
757 351 798 392 in
831 351 1097 392 matrimonio
1143 350 1299 394 habere
1336 352 1507 406 eiusque
1539 351 1705 395 domino

266 408 568 464 emancipando
619 409 805 463 coniugis
865 410 1007 464 gracia
1056 410 1254 450 rusticum
1306 424 1409 464 opus
1469 409 1705 465 dependere

267 467 513 509 testabatur.
575 466 702 508 Cuius
735 481 864 522 opera
896 466 1188 509 Starcatherus
1229 467 1382 508 idcirco
1414 482 1456 509 se
1496 469 1557 509 uti
1595 469 1705 510 nolle

265 525 501 580 perhibuit,
546 524 656 579 quod
687 524 969 567 erubescendo
1002 525 1200 567 connubii
1239 539 1394 580 genere
1425 526 1597 567 seruiles
1628 527 1706 568 sibi

265 581 572 636 eon<s>0iuisset
623 583 856 637 amplexus.
919 582 997 624 Cui
1048 582 1182 636 siquid
1235 584 1402 624 uirtutis
1450 588 1704 639 suppeteret,

266 641 454 681 fastidita
484 640 610 681 alieni
649 641 798 682 saltem
830 640 1118 682 familiaritate
1160 641 1380 696 mancipii,
1425 641 1557 682 libera
1598 641 1706 683 thori

265 699 469 753 participe
511 697 733 740 frueretur.
796 698 1008 746 Quantam
1049 711 1171 752 porro
1213 698 1336 739 huius
1374 699 1453 740 uiri
1500 700 1707 754 magnitu-

265 756 405 797 dinem
437 756 748 808 existimemus,
786 757 857 811 qui
887 756 1059 797 summis
1090 757 1176 798 uite
1220 756 1415 810 periculis
1456 757 1704 812 implicatus,

266 818 428 854 tantum
461 828 503 855 se
536 814 577 854 in
608 814 861 869 repellendis
904 813 1072 855 auxiliis
1113 814 1262 867 gessit,
1305 819 1508 868 quantum
1548 816 1590 855 in
1634 829 1706 856 ex-

264 871 465 926 cipiendis
525 872 769 913 uulneribus
826 876 1027 926 gesserat.
1109 871 1283 926 Itaque.
1347 872 1585 914 discedente
1645 887 1706 923 eo,

265 930 432 971 subiens
478 929 635 971 femina
681 929 853 971 fortuito
902 944 1044 971 senem
1090 931 1321 984 preteribat
1368 930 1543 971 incessu.
1615 930 1705 979 Que

266 1002 360 1028 cum
391 988 769 1042 pertergendorum
807 988 895 1029 eius
926 988 1145 1029 uulnerum
1186 988 1329 1041 gracia
1359 988 1530 1043 propius
1571 1002 1706 1030 acces-

264 1046 403 1098 sisset,
448 1046 491 1087 in
522 1047 690 1100 primis,
737 1060 817 1100 quo
849 1059 1004 1100 genere
1036 1050 1108 1086 aut
1151 1045 1289 1087 officio
1319 1052 1447 1097 esset,
1491 1059 1704 1101 exponere

264 1104 396 1156 iussa,
458 1104 653 1145 ancillam
704 1118 747 1145 se
798 1103 980 1145 molendi
1032 1103 1168 1144 officio
1219 1108 1428 1144 assuetam
1479 1104 1703 1158 perhibuit.

263 1163 399 1210 Quam
440 1176 604 1203 rursum
638 1161 952 1214 Starcatherus,
997 1175 1049 1202 an
1092 1161 1252 1215 prolem
1293 1161 1490 1214 haberet,
1533 1176 1703 1216 percon·

266 1224 402 1268 tatus,
434 1224 654 1274 postquam
687 1220 911 1261 femineam
943 1219 978 1261 ei
1013 1219 1195 1260 sobolem
1223 1218 1227 1271 Ι
1257 1232 1344 1259 esse
1376 1220 1595 1272 cognouit,
1635 1219 1704 1261 do-

264 1291 380 1317 mum
410 1278 525 1319 abire
558 1282 598 1320 et
641 1278 829 1332 uagienti
868 1278 952 1319 filie
994 1291 1195 1318 mammas
1226 1276 1402 1331 prebere
1433 1277 1572 1330 iussit,
1614 1291 1706 1332 per-

264 1349 388 1390 quam
427 1335 614 1377 deforme
656 1336 927 1387 existimans,
969 1335 1021 1376 ab
1066 1339 1254 1376 extreme
1298 1334 1420 1375 sortis
1461 1335 1705 1377 muliercula

265 1392 497 1434 subsidium
550 1394 743 1435 mutuari.
825 1393 933 1442 Quin
983 1394 1115 1434 eciam
1162 1392 1310 1433 melius
1355 1406 1446 1433 eam
1491 1393 1704 1447 proprium

262 1451 509 1504 sanguinem
542 1451 661 1493 lactis
682 1452 961 1504 nutrimentis,
995 1465 1120 1506 quam
1142 1451 1279 1491 aliena
1312 1450 1489 1491 uulnera
1510 1450 1705 1492 remediis

265 1513 578 1563 prosecuturam
620 1509 788 1550 sciebat.
850 1509 973 1550 Hanc
1013 1522 1176 1563 quoque
1219 1507 1502 1549 discedentem
1543 1508 1705 1550 iuuenis

264 1580 387 1607 curru
418 1566 581 1608 delatus
611 1567 855 1622 insequitur.
903 1566 1108 1615 Qui.cum
1140 1566 1352 1620 conspecti
1383 1566 1492 1607 senis
1523 1566 1705 1607 uulneri-

264 1624 341 1665 bus
373 1638 495 1679 opem
526 1625 686 1666 laturus
717 1625 961 1675 accederet,'
981 1624 1171 1679 quisnam
1203 1627 1337 1672 esset,
1368 1628 1562 1677 rogatus,
1595 1625 1705 1678 agri-

265 1682 355 1722 cola
386 1696 428 1723 se
451 1686 571 1737 patre
607 1687 754 1724 natum
784 1682 1010 1736 rusticique
1033 1681 1185 1722 laboris
1207 1681 1401 1736 operibus
1423 1681 1704 1722 assuefactum

195 1750 212 1777 2
263 1739 491 1781 subiunxit.
556 1739 683 1782 Cuius
715 1739 1007 1782 Stareatherus
1049 1739 1260 1780 natalibus
1301 1739 1572 1787 collaudatis,
1616 1741 1704 1781 offi-

265 1797 375 1838 cium
408 1811 570 1852 quoque
601 1799 876 1840 ueneracione
903 1797 1193 1851 dignissimum
1224 1796 1436 1846 iudicauit⁷
1468 1796 1580 1851 quod
1613 1798 1704 1838 tali-

264 1855 340 1896 bus
371 1855 457 1896 uite
489 1855 671 1897 subsidia
705 1857 812 1897 iusto
853 1855 1006 1897 laboris
1045 1854 1292 1896 commercio
1325 1858 1589 1908 peterentur,
1634 1855 1703 1910 qui

264 1913 460 1954 nimirum
507 1918 699 1967 questum
745 1928 826 1955 non
872 1917 1062 1966 nossent,
1117 1912 1193 1953 nisi
1249 1925 1372 1966 quem
1418 1911 1500 1952 fusi
1542 1911 1703 1954 sudoris

264 1970 476 2035 impendio
509 1971 779 2025 peperissent.
840 1971 929 2012 Nec
969 1970 1177 2011 immerito
1213 1969 1363 2010 luralis
1394 1969 1481 2010 uite
1512 1969 1702 2011 habitum

263 2028 394 2068 eciam
430 2028 791 2070 excellentissimis
834 2028 982 2084 opibus
1024 2026 1322 2081 preferendum
1354 2027 1544 2081 putauit,
1587 2028 1702 2069 cuius

262 2086 518 2140 integerrimi
552 2086 711 2127 fructus
742 2087 851 2128 inter
883 2085 1145 2140 splendidam
1169 2084 1457 2139 abiectamque
1488 2084 1703 2127 fortunam

264 2143 560 2185 mediocritatis
591 2145 751 2198 gremio
775 2145 853 2186 orti
884 2143 1132 2198 educatique
1163 2142 1420 2184 uiderentur.
1466 2142 1531 2184 Ne
1561 2148 1703 2185 autem

262 2201 507 2242 indonatam
539 2202 702 2243 iuuenis
735 2202 1038 2243 humanitatem
1070 2201 1350 2256 relinqueret,
1382 2200 1645 2256 chlamydem
1678 2215 1703 2242 a

262 2274 305 2301 se
338 2259 537 2314 uepribus
568 2259 831 2301 interiectam
861 2260 1001 2302 oblate
1033 2258 1292 2314 dignacionis
1313 2258 1521 2313 premium
1553 2259 1701 2301 effecit.

260 2316 479 2358 Accedens
523 2317 665 2372 itaque
711 2318 889 2359 rulieole
934 2317 1045 2358 filius
1098 2317 1264 2359 euulsas
1321 2316 1522 2357 stomachi
1562 2321 1702 2372 partes

261 2375 435 2440 pristino
457 2374 549 2417 loco
578 2375 772 2427 restituit,
805 2376 1074 2441 elapsamque
1097 2379 1216 2416 ext01
1221 2386 1290 2416 um
1312 2374 1548 2427 congeriem
1570 2375 1702 2416 nexili

261 2432 463 2474 uiminum
494 2433 783 2498 complexione
825 2433 1084 2488 perstrinxit.
1135 2432 1299 2474 Deinde
1332 2435 1554 2486 exceptum
1586 2432 1702 2473 uehi-

262 2490 356 2531 culo
404 2504 546 2531 senem
600 2490 654 2531 ad
688 2491 827 2545 iegios
870 2504 1000 2546 usque
1031 2494 1205 2546 penates
1247 2488 1373 2545 pleno
1417 2490 1702 2531 ueneracionis

262 2547 399 2589 studio
430 2547 734 2603 deportandum
768 2548 943 2590 curauit.

400 2605 569 2648 Interea
618 2605 761 2666 Helga
824 2606 965 2650 uerbis
1014 2619 1211 2665 magnam
1260 2617 1348 2665 pre
1394 2619 1437 2649 se
1494 2604 1703 2648 cautelam

1761 1231 1786 1255 1)-

1807 1221 1858 1248 29⁶
