1884 3126
243 1242 259 1268 5

228 1530 261 1557 10

228 1819 261 1846 15

225 2107 262 2133 ‘20

663 743 927 798 SAXOle
966 743 1354 798 GRAMMATICI

620 886 1036 930 HISTORIE
1095 885 1415 929 DANIOE

806 1015 952 1050 LIBER
978 1014 1225 1050 SEPTIMVS.

468 1131 646 1215 Ingello
680 1165 862 1216 quatuor
892 1161 1001 1202 filios
1032 1160 1180 1214 fuisse,
1223 1174 1274 1202 ex
1306 1160 1560 1216 iisdemqum
1603 1161 1736 1202 tribus

291 1225 400 1267 bello
450 1228 729 1282 consumptis,
772 1228 957 1270 Olauum
1005 1228 1139 1269 solum
1180 1232 1278 1283 post
1318 1232 1479 1283 patrem
1523 1241 1737 1282 regnasse,

293 1284 427 1338 perita
448 1300 587 1327 rerum
618 1286 758 1341 prodit
788 1286 1041 1341 antiquitas:
1075 1300 1197 1341 quem
1223 1286 1392 1341 quidam
1416 1285 1570 1339 Ingelli
1591 1300 1735 1327 sorore

293 1341 453 1384 editum
484 1345 645 1385 incerto
679 1344 887 1399 opinionis
919 1344 1090 1386 arbitrio
1133 1343 1367 1400 perhibent.
1444 1343 1584 1385 Huius
1616 1348 1735 1385 actus

294 1402 520 1443 uetustatis
553 1402 746 1457 squalore
787 1415 1038 1456 conspersos
1075 1416 1225 1458 parum
1255 1402 1365 1442 iusta
1403 1401 1556 1443 noticia
1594 1406 1734 1456 poste-

291 1458 392 1499 ritas
424 1459 726 1515 apprehendit3
759 1465 996 1501 extremum
1030 1460 1237 1502 duntaxat
1269 1458 1495 1513 prudencie
1528 1460 1616 1500 eius
1648 1473 1735 1501 mo-

292 1516 422 1556 nitum
470 1518 673 1559 memoria
719 1517 971 1560 uendicauit.
1043 1518 1210 1572 Quippe
1259 1531 1351 1558 cum
1398 1514 1613 1571 sulpremis
1660 1517 1735 1558 fati

293 1573 450 1616 uiribus
493 1580 746 1629 arctaretur,
788 1574 991 1617 Frothoni
1025 1580 1066 1617 et
1098 1575 1287 1617 Haraldo
1320 1575 1413 1616 filiis
1447 1576 1733 1626 consulturus,

291 1631 468 1673 alterum
501 1634 634 1684 terris,
666 1633 845 1675 alterum
876 1633 1131 1688 aquisregia
1155 1632 1321 1675 dicione
1342 1646 1526 1687 preesse,
1559 1646 1735 1688 eamque

292 1691 520 1744 potestatis
543 1690 825 1733 differenciam
851 1705 936 1732 non
968 1691 1131 1732 diutina
1163 1691 1454 1746 usui-pacione,
1487 1690 1561 1732 sed
1595 1705 1734 1732 annua

293 1748 584 1790 uicissitudine
623 1749 764 1791 sortiri
803 1748 934 1790 iubet.
995 1749 1062 1790 Ita
1100 1748 1303 1803 regnandi
1349 1748 1457 1789 inter
1489 1762 1561 1790 eos
1594 1748 1734 1789 condi-

294 1805 412 1846 cione
457 1811 629 1862 equata,
670 1807 780 1862 prior
811 1805 969 1849 Frotho
1009 1807 1312 1848 maritimarum
1351 1820 1489 1846 rerum
1533 1806 1735 1861 regimine

293 1863 465 1918 potitus,
498 1864 654 1906 crebris
686 1864 862 1920 piratice
895 1864 1059 1906 damnis
1092 1864 1291 1906 deformis
1324 1863 1469 1905 euasit.
1516 1863 1735 1906 Infortunii

292 1935 417 1962 eausa
450 1922 641 1964 recencia
672 1926 893 1963 nautarum
927 1922 1123 1977 coniugia
1154 1921 1297 1975 fuere,
1340 1921 1592 1963 domesticas
1625 1922 1735 1963 thori

294 1978 540 2033 uoluptates
572 1980 755 2021 externis
788 1980 940 2021 milicie
970 1979 1188 2021 laboribus
1219 1979 1538 2034 preferenoium.
1599 1979 1733 2020 Inter-

293 2037 400 2077 iecto
444 2041 631 2093 tempore
674 2043 774 2079 natu
817 2037 951 2079 minor
982 2037 1197 2079 Haraldus
1243 2038 1367 2078 maris
1400 2036 1733 2079 dominacionem

293 2094 484 2149 sortitus,
530 2110 713 2137 uacuum
745 2095 940 2150 coniugio
973 2096 1148 2137 militem
1179 2095 1303 2150 legit,
1346 2095 1530 2137 fraterne
1562 2095 1734 2136 frustra-

295 2153 425 2195 cionis
477 2156 675 2195 euentum
725 2158 930 2196 metuens,
1021 2153 1208 2195 Fortuna
1269 2153 1452 2195 delectui
1502 2152 1736 2208 respondit.

296 2211 462 2267 Quippe
483 2214 569 2253 tam
591 2211 821 2266 gloriosum
855 2212 1034 2266 piratam
1065 2211 1164 2266 egit,
1196 2225 1320 2267 quam
1351 2211 1482 2252 frater
1512 2211 1734 2266 inglorium

295 2273 495 2323 gesserat.
556 2269 648 2318 Que
688 2284 755 2311 res
795 2269 1022 2310 fraternam
1065 2269 1104 2311 ei
1144 2269 1343 2310 inuidiam
1383 2269 1560 2323 peperit.
1623 2269 1734 2316 Quin

298 2327 428 2367 ceiam
470 2340 617 2368 corum
661 2327 884 2382 coniuges,
918 2327 1057 2383 Sygne
1089 2332 1132 2368 et
1162 2326 1358 2377 Vluilda,
1397 2341 1572 2382 quarum
1604 2326 1736 2367 altera

295 2384 439 2427 Suetie
471 2399 571 2439 rege
596 2384 805 2441 Syuardo,
837 2385 968 2427 altera
991 2384 1167 2436 Karolo,
1198 2384 1354 2426 Gothic
1385 2384 1600 2439 prefecto,
1643 2389 1735 2425 orta

295 2442 458 2496 fuerat,
506 2443 652 2484 crebra
698 2443 929 2484 nobilitatis
972 2443 1248 2484 contencione
1294 2443 1503 2494 rixantes,
1549 2442 1734 2483 alternos

295 2501 543 2542 maritorum
572 2501 740 2543 soluere
772 2500 1001 2542 conuictus,
1055 2500 1148 2549 Quo
1182 2500 1337 2553 euenit,
1368 2504 1414 2541 ut
1445 2498 1660 2541 Haraldus
1692 2504 1734 2541 et

297 2558 487 2612 Frotho„
517 2559 578 2600 rei
607 2557 822 2604 familiaris
853 2558 1052 2608 societate
1086 2557 1310 2618 conuulsa,¹
1351 2571 1610 2600 communem
1643 2571 1734 2619 par-

1762 740 1884 769 anll

1797 784 1823 807 ῑν.
1843 775 1884 803 31Σ

1789 1532 1816 1557 p.
1837 1525 1884 1551 3211
