1884 3126
202 878 234 903 10

200 1166 233 1191 15

197 1453 233 1479 ‘20

200 2028 237 2055 30

201 2317 236 2344 35

203 2605 238 2632 40

268 229 349 269 374
834 243 885 248 —
946 218 1012 259 XI
1075 243 1125 248 -—

268 354 414 396 studiis
447 349 612 391 abundo
645 350 887 397 instructuS,
912 346 1212 387 uocabulorum
1238 345 1323 385 uim
1345 344 1396 384 ad
1420 358 1579 384 summa
1605 358 1706 399 que·—

271 425 349 467 que
395 408 663 462 grammatice
711 405 887 445 racionis
935 405 1144 444 elementa
1189 403 1316 442 animi
1354 401 1567 442 docilitate
1612 415 1704 456 per-

270 468 398 522 cepit,
430 465 675 517 abscisoque
715 462 856 503 rustici
902 461 1049 514 rigoris
1083 461 1276 509 crimine,
1313 459 1554 499 facundiam
1586 474 1703 500 suam

269 523 425 575 ingenii
457 520 765 561 exercitacione
797 519 1039 573 policiorcm
1074 517 1224 558 effecit.
1287 516 1436 571 Itaque
1469 517 1704 570 flagrantis-

267 582 367 623 sima
392 578 578 619 discendi
601 577 830 631 cupiditate
853 576 1008 616 clarum
1034 575 1208 616 sciencie
1234 574 1520 627 magisterium
1543 575 1701 626 retulit,

269 637 465 689 breuique
497 649 708 676 morarum
743 647 954 688 processu,
989 647 1095 686 quos
1124 632 1336 687 impericie
1363 634 1369 682 Ι
1398 631 1603 673 derisores
1636 633 1706 672 ha-

268 694 382 743 buit,
423 693 575 745 ingenii
619 694 909 732 ammiratores
951 690 1123 731 inuenit.
1185 689 1375 730 Primum
1422 690 1530 730 inter
1563 703 1707 731 omnes

270 750 520 791 Wilhelmus
553 750 661 804 apud
711 763 852 802 regem
897 747 1194 788 familiaritatis
1237 747 1377 787 locum
1411 752 1706 801 occupauerat,

266 810 438 861 eiusque
489 808 629 860 gracie
681 815 828 846 mutua
881 805 1007 845 animi
1060 804 1350 845 uicissitudine
1410 804 1705 859 respondebat.

267 866 431 906 Etenim
475 866 525 904 ab
569 865 660 919 ipso
706 863 853 903 ceteris
886 863 1118 917 impensius
1162 862 1297 902 cultus
1341 862 1524 903 caritatis
1564 862 1706 917 digna·

266 923 425 964 cionem
460 922 663 975 singulari
696 921 778 961 fide
800 922 1022 973 pensabat.
1085 920 1248 960 Horum
1281 919 1379 960 fidei
1411 934 1487 961 rex
1509 926 1706 975 tanquam

267 980 483 1021 tutissimis
518 979 728 1034 obsequiis
760 979 894 1019 latera
926 993 1001 1019 sua
1034 977 1241 1031 cingenda,
1275 978 1555 1020 commiserat.

405 1037 488 1078 Sed
521 1042 561 1078 et
593 1050 774 1091 sequens
807 1051 928 1077 casus
961 1037 1000 1076 in
1033 1034 1219 1076 antistite
1243 1035 1484 1076 seueritatis
1517 1036 1708 1090 pulcher-

267 1095 428 1142 rimum,
462 1096 500 1135 in
534 1109 634 1148 rege
669 1094 943 1135 certissimum
978 1093 1283 1134 moderacionis
1308 1092 1604 1135 documentum
1639 1108 1708 1134 cx.-

266 1152 415 1193 hibuit.
479 1153 576 1207 Ipse
608 1166 790 1206 namque
822 1166 939 1192 sacro
963 1151 1273 1192 circuncisionis
1297 1151 1516 1205 peruigilio
1547 1153 1708 1192 so’enni

268 1216 512 1263 magnatum
563 1210 754 1250 conuiuio
802 1210 989 1261 feriatus,
1034 1223 1126 1249 cum
1177 1209 1438 1262 quorundam
1476 1209 1707 1264 principum

267 1268 531 1308 clandestina
574 1267 884 1309 obtrectacione
925 1281 1072 1322 parum
1113 1266 1318 1308 honorate
1352 1266 1405 1308 de
1447 1280 1492 1307 se
1522 1267 1707 1308 habitum

268 1326 543 1379 001np‹›1·iss‹=t
560 1339 812 1374 sermonem,
832 1325 1037 1365 occultam
1061 1338 1207 1365 eorum
1227 1323 1443 1378 perfidiam
1461 1325 1710 1366 temulencie

268 1383 454 1424 lasciuiis
498 1383 707 1424 detectam
741 1383 1012 1432 existimans,
1046 1383 1105 1422 ire
1136 1382 1292 1423 aculeis
1325 1385 1441 1423 actus
1471 1383 1607 1434 misit,
1640 1383 1709 1438 qui

266 1441 382 1495 ipsos
437 1441 641 1482 matutino
691 1448 881 1495 tempore
928 1441 1036 1480 intra
1086 1439 1301 1481 Trinitatis
1350 1439 1471 1481 edem
1516 1446 1709 1482 oraturos

270 1498 560 1548 confoderent,
621 1503 820 1552 tanquam
866 1498 907 1537 in
958 1499 1085 1538 sacris
1136 1497 1421 1552 penetralibus
1467 1499 1708 1552 aptissimus

270 1555 542 1596 humanarum
588 1555 769 1596 cladium
812 1556 929 1596 locus
974 1557 1187 1596 existeret.
1250 1555 1399 1610 Itaque
1440 1560 1576 1596 actum
1610 1570 1711 1610 erga

269 1614 468 1654 conuiuas
509 1614 669 1654 facinus
715 1614 935 1666 sacrilegio
979 1613 1231 1668 duplicauit,
1276 1614 1497 1668 ipsumque
1540 1614 1707 1668 pietatis

270 1671 523 1712 domicilium
575 1671 832 1712 crudelitatis
874 1671 1083 1725 officinam
1128 1670 1285 1712 effecit,
1330 1685 1467 1725 neque
1510 1671 1593 1712 loci
1638 1675 1711 1712 aut

207 1740 215 1752 ¹
270 1730 484 1782 temporis,
508 1743 589 1784 quo
614 1730 751 1769 minus
776 1729 993 1784 cupiditati
1018 1729 1269 1783 indulgeret,
1287 1734 1523 1783 respectum
1549 1729 1708 1770 habuit.

271 1787 407 1834 Quam
439 1785 568 1840 re<m>
601 1787 786 1836 antistes,
820 1787 966 1841 templi
999 1785 1068 1840 (ut
1100 1800 1175 1841 par
1207 1787 1316 1838 erat)
1350 1787 1587 1828 uiolacione
1620 1801 1710 1841 per-

271 1849 429 1896 motus,
461 1845 500 1884 in
533 1845 677 1899 primis
711 1844 1022 1886 dissimulanter
1054 1844 1240 1898 excepit,
1284 1858 1422 1899 neque
1454 1844 1710 1899 indignacio-

270 1916 365 1942 nem
397 1916 514 1943 suam
549 1903 637 1943 ulla
670 1917 725 1944 ex
756 1908 875 1957 parte
911 1902 1186 1956 stipatoribus
1217 1901 1438 1956 patefecit,
1469 1908 1707 1957 opportuno

270 1960 495 2000 uindictam
540 1965 727 2014 tempore
771 1960 1029 2014 prebiturus.
1099 1959 1211 2000 Nam
1257 1974 1348 2000 cum
1397 1973 1481 2001 rem
1525 1960 1709 2001 diuinam

268 2017 496 2072 pontificali
522 2031 637 2058 more
659 2032 863 2073 peragere
887 2018 1117 2068 debuisset,
1141 2030 1221 2057 non
1248 2017 1383 2058 solum
1407 2017 1707 2059 aduentantem

268 2089 413 2129 regem
463 2075 708 2116 occurrendi
757 2077 1037 2117 ueneracicne
1089 2075 1284 2129 excipere
1330 2075 1585 2130 supersedit,
1636 2075 1708 2116 scd

271 2133 402 2173 eciam
436 2134 662 2174 sacrarium
696 2133 838 2174 subire
872 2134 1093 2175 connisum
1125 2146 1149 2172 a
1197 2132 1338 2186 primis
1371 2133 1458 2174 eius
1502 2133 1709 2175 liminibus

270 2190 429 2245 absque
462 2196 657 2245 respectu
679 2191 988 2243 familiaritatis,
1021 2190 1248 2231 sacerdocii
1270 2190 1502 2245 insignibus
1526 2195 1710 2244 ornatus,

271 2248 445 2300 baculo,
479 2262 560 2303 quo
594 2249 815 2300 utebatur,
850 2249 1048 2299 exclusit,
1092 2262 1304 2289 sacrorum
1337 2250 1558 2303 penacium
1592 2249 1709 2290 aditu

269 2305 488 2360 indignum
519 2306 724 2360 iudicans,
758 2321 937 2361 quorum
961 2306 1205 2361 religionem
1229 2319 1309 2346 non
1334 2307 1424 2347 sine
1456 2307 1574 2361 graui
1596 2307 1709 2361 pacis

269 2363 423 2404 rubore
456 2364 570 2405 ciuili
602 2364 805 2418 sanguino
838 2365 1111 2416 maculasset,
1150 2378 1462 2419 suppressoque
1495 2364 1709 2419 dignitatis

270 2422 457 2471 nomine,
501 2436 584 2462 non
626 2435 768 2475 regem
814 2436 931 2470 eum,
964 2422 1036 2463 sed
1071 2421 1240 2462 humani
1284 2422 1440 2463 cruoris
1471 2422 1708 2463 carnificem

270 2479 525 2532 appellabat.
573 2478 665 2521 Nec
688 2493 804 2520 reum
828 2480 1075 2533 obiurgasse
1106 2482 1343 2532 contentus,
1375 2480 1566 2521 aculeum
1589 2481 1709 2534 uirge

271 2535 358 2576 eius
389 2537 549 2591 pectori
581 2537 729 2588 infixit,
763 2541 1055 2592 armatumque
1089 2537 1248 2578 duricia
1269 2537 1453 2578 animum
1478 2537 1493 2590 ΙΙ
1516 2538 1705 2592 imperati

269 2593 476 2648 parricidii
516 2595 705 2650 penitere
748 2595 977 2652 perdocuit.
1039 2594 1267 2636 Enimuero
1307 2595 1472 2650 priuate
1513 2596 1707 2638 societati

1761 646 1788 670 p.
1809 638 1855 664 561

1761 2546 1853 2580 (210)
