1884 3126
40 924 76 949 10

39 1215 76 1241 15

41 2087 77 2115 80

43 2379 79 2405 35

45 2667 80 2696 40

649 277 701 282 -—
762 252 899 299 XIIII
963 278 1012 284 ———
1476 254 1559 295 493

107 386 210 440 lare,
243 384 413 441 gracias
445 383 524 426 deo
545 383 764 439 replicare,
793 383 799 437 1
826 385 938 440 quod
959 385 1184 427 amborum
1206 385 1367 426 facinus
1389 384 1563 426 alterius

106 459 208 487 nece
253 442 510 500 propulerit,
555 442 715 483 auxilia
757 442 983 485 aduersum
1015 444 1284 499 superstitem
1322 443 1561 499 implorare.

108 502 293 545 Assertis
326 502 435 552 eius,
468 500 566 555 quia
609 499 724 541 fraus
756 501 796 542 in
830 502 1053 556 propatulo
1085 502 1246 555 fuerat,
1284 501 1389 543 fides
1421 501 1563 542 delata

110 576 196 603 non
237 565 312 603 est.
384 558 574 609 Deinde,
624 572 676 600 ne
723 558 1000 601 Waldemaro
1043 561 1254 601 maritime
1299 559 1400 614 fuge
1445 560 1563 601 locus

110 623 368 675 suppeteret,
403 616 535 659 tocius
566 616 701 658 insule
733 617 915 672 nauigiis
947 618 1117 659 confodi
1148 618 1280 669 iussis,
1313 618 1563 659 solitudines

109 691 287 732 quoque,
320 675 470 731 quibus
503 689 600 716 eum
631 675 847 729 irrepsisse
876 676 1125 729 crediderat,
1158 676 1413 731 exquisicius
1444 676 1562 717 inda-

108 736 271 790 gandas
302 734 489 776 curabat.
549 733 686 788 Igitur
708 733 1023 788 WValdemarus,
1047 735 1181 776 tribus
1207 735 1417 776 duntaxat
1439 735 1563 775 comi-

108 794 220 835 tibus
253 794 397 842 fretus,
429 806 515 833 non
546 805 621 846 per
652 791 798 833 abdita
829 807 1048 834 nemorum
1095 798 1169 834 aut
1200 793 1412 834 inaccessa
1442 793 1563 848 palu-

108 852 232 905 dum,
274 851 347 893 sed
387 865 463 905 per
494 855 642 891 tenues
682 849 735 890 ad
778 850 949 892 modum
990 851 1122 892 saltus
1165 851 1358 904 errabat,
1403 851 1563 892 tuciora

106 915 223 952 ratus
254 910 361 960 loca,
394 923 473 964 que
505 908 642 949 minus
685 907 794 949 hosti
823 913 1018 964 suspecta
1056 909 1245 951 fuissent.
1315 908 1563 951 Hesbernus

110 982 276 1024 quoque
309 982 404 1010 cum
435 966 598 1021 aliquot
631 967 776 1021 procul
816 967 858 1008 in
890 968 1114 1022 planiciem
1156 968 1361 1020 mittitur,
1404 968 1475 1022 qui
1519 982 1562 1008 se

109 1026 422 1082 patencioribus
453 1023 666 1066 interdum
699 1025 879 1079 campis,
915 1025 1238 1067 Waldemarum
1276 1026 1561 1078 simulaturus,

110 1085 365 1127 ostenderet.
390 1083 404 1138 {l
438 1082 686 1138 Complures
727 1096 901 1138 quoque,
944 1083 1049 1125 duce
1091 1098 1167 1137 eo,
1214 1084 1342 1125 uariis
1374 1084 1415 1124 in
1458 1084 1563 1124 locis

110 1143 428 1184 multitudinem
460 1155 592 1194 suam,
623 1141 739 1195 regie
771 1142 1036 1183 transicionis
1067 1142 1368 1195 simulacione,
1401 1142 1562 1196 conspi-

109 1201 300 1242 ciendam
333 1200 583 1256 prebebant.
647 1198 836 1254 Cumq1'1e
877 1199 1047 1241 demum
1080 1200 1234 1241 Iutiam
1269 1199 1438 1241 acsscedi
1469 1201 1557 1254 pla-

108 1260 284 1300 cuisset.
317 1259 538 1300 familiaris
579 1258 617 1298 ei
649 1257 770 1299 faber
800 1258 1044 1312 nauigium,
1088 1273 1168 1313 quo
1199 1259 1241 1299 in
1275 1273 1375 1300 cam·
1400 1259 1562 1299 traiice-

107 1321 247 1370 retur,
289 1318 461 1358 reficere
504 1317 661 1368 iussus,
704 1320 919 1368 metuens,
961 1331 1013 1357 ne
1046 1315 1228 1358 Suenoni
1262 1331 1393 1372 penas
1425 1317 1561 1366 daret,

110 1389 282 1430 operam
316 1389 434 1416 suam
457 1374 534 1416 sub
556 1374 694 1428 specie
717 1375 945 1416 coaccionis
967 1375 1302 1429 extorquendam
1326 1375 1560 1430 perdocuit.

108 1432 246 1487 Igitur
278 1433 527 1475 Hesbernus
558 1431 770 1474 officinam
802 1433 890 1474 eius
922 1433 1153 1487 agrestium
1185 1433 1429 1488 frequencia
1451 1447 1561 1474 com-

108 1492 268 1546 pletam
309 1492 543 1546 ingressus,
584 1490 626 1531 in
675 1491 821 1544 primis
868 1505 964 1532 eum
1006 1491 1101 1532 ficte
1152 1493 1287 1546 precis
1326 1494 1562 1532 commento

109 1550 322 1591 sollicitat.
384 1549 686 1592 Refeccionem
718 1548 920 1590 abnuenti
952 1549 1086 1590 iniicit
1117 1564 1286 1603 manus,
1319 1563 1562 1603 nexumque

110 1607 301 1659 deducit,
334 1608 569 1649 abstractus
591 1607 825 1648 artificium
858 1607 1039 1661 prebuit.
1102 1607 1251 1663 Itaque
1292 1608 1368 1648 sub
1412 1607 1562 1648 iniurie

109 1666 382 1707 simulacione
415 1671 456 1707 et
488 1666 622 1706 amico
643 1665 804 1706 utiliter
835 1666 977 1720 paruit
1008 1670 1050 1707 ct
1081 1667 1195 1721 apud
1220 1666 1460 1707 Suenonem
1483 1665 1562 1706 sibi

109 1724 407 1778 impunitatem
439 1723 665 1766 salubriter
697 1724 953 1765 conciliauit.
998 1724 1116 1765 Tunc
1148 1724 1421 1765 armamentis
1453 1737 1562 1764 com-

61 1797 73 1822 :
109 1783 400 1838 meatibusque
432 1796 508 1837 per
539 1781 810 1823 Hesbernum
844 1782 1068 1833 exhibitis,
1101 1782 1404 1824 Waldcmarus
1437 1786 1563 1822 noctu

110 1855 204 1880 cum
236 1842 320 1881 suis
353 1841 672 1894 nauigacionem
706 1854 836 1892 orsus,
870 1845 1011 1882 coorta
1033 1841 1170 1882 subito
1202 1844 1468 1895 tempestato,
1501 1840 1561 1880 in-

111 1899 309 1939 usitatam
343 1900 468 1939 maris
502 1898 703 1939 seniciam
737 1903 940 1953 expertus
976 1903 1050 1940 est.
1112 1899 1221 1954 Ipsis
1254 1912 1423 1953 quoque
1456 1898 1563 1938 mili-

110 1956 235 2010 tibus,
258 1956 503 1998 immanium
527 1956 735 1997 undarum
760 1958 983 2011 aspergine
1007 1958 1198 2012 prolutis,
1222 1961 1384 1998 tantum
1408 1955 1562 2011 algoris

110 2015 294 2068 incessit,
328 2020 385 2066 ut,
417 2015 591 2070 singulis
626 2016 814 2069 corporis
847 2015 1039 2070 partibus
1073 2015 1300 2069 hebetatis,
1332 2030 1384 2057 ne
1419 2015 1562 2055 uelum

110 2072 278 2127 quidem
312 2074 363 2114 ad
387 2073 713 2127 nauigacionem
743 2073 1014 2114 commodum
1037 2074 1292 2115 circunferre
1326 2073 1561 2128 potuerint.

111 2131 314 2172 l'reterea
346 2135 463 2172 tanta
494 2132 640 2187 nymbi
674 2131 736 2172 uis
761 2136 990 2173 antennam
1015 2132 1194 2187 impulit,
1227 2135 1273 2172 ut
1296 2132 1405 2172 inter
1427 2130 1562 2171 undas

111 2188 286 2230 effracta
330 2189 564 2239 decideret,
611 2203 690 2231 nec
731 2190 868 2231 minus
913 2191 1150 2245 hymbrium
1198 2204 1325 2245 quam
1356 2191 1562 2230 fluctuum

110 2247 245 2287 moles
288 2248 502 2302 nauigium
543 2249 765 2289 onerabat.
827 2248 1102 2290 Gubernator
1135 2249 1275 2291 omnia
1316 2248 1423 2289 freto
1469 2260 1563 2302 per-

111 2305 295 2356 mittens,
327 2306 492 2347 abiecto
523 2305 743 2359 regimine,
777 2320 857 2361 quo
894 2321 1061 2361 proram
1097 2307 1343 2347 deflecteret
1374 2306 1562 2360 ignarus,

111 2363 248 2404 solum
291 2364 409 2405 uenti
448 2364 674 2419 imperium
720 2364 988 2419 expectabat.
1058 2365 1148 2406 Aer
1192 2377 1364 2420 quoque
1404 2362 1560 2404 crebris

111 2420 453 2463 internitencium
495 2420 718 2463 fulminum
763 2422 932 2476 ignibus
974 2422 1153 2475 micans,
1187 2423 1348 2477 ingenti
1387 2421 1561 2462 nubium

113 2478 284 2533 fragore
342 2480 602 2534 concrepuit.
683 2479 872 2521 Tandem
923 2495 1000 2536 per
1051 2494 1254 2522 summam
1307 2480 1560 2534 nymborum

113 2537 273 2578 rabiem
296 2538 430 2578 insule
456 2537 622 2579 cuidam
646 2551 787 2579 errore
809 2539 1101 2592 nauigacionis
1119 2537 1300 2593 appulsi,
1324 2538 1561 2578 detractum

115 2595 237 2636 undis
269 2596 509 2650 nauigium,
550 2596 663 2651 quod
707 2610 863 2638 ancora
895 2602 1112 2639 retentare
1144 2596 1362 2651 nequiret,
1401 2596 1562 2636 circun-

111 2654 315 2694 stancium
363 2651 572 2711 arlborum
621 2654 745 2695 ramis
791 2654 833 2695 in
881 2653 999 2697 foros
1047 2654 1245 2705 detortis,
1292 2668 1376 2709 quo
1424 2653 1561 2696 minus

1621 1087 1715 1122 (⁶277)

1587 1204 1737 1233 CXthn

1616 2671 1644 2696 p.
1665 2662 1714 2691 729
