1884 3126
132 893 164 921 10

131 1183 163 1211 15

129 1473 166 1501 ‘20

127 1764 165 1792 ‘25

133 2055 169 2083 30

131 2345 171 2372 35

131 2637 168 2664 40

792 227 1059 268 —V—
1564 235 1642 275 129

197 356 467 399 concitauere
513 369 693 412 corpus;
725 355 767 397 hi
803 355 916 398 uires
949 356 1091 399 ualida
1136 372 1338 400 saxorum
1383 359 1643 402 iaculaeione

197 414 434 468 tentabant,
466 414 527 456 illi
559 414 713 469 sagitte
746 428 868 455 usum
900 419 1023 456 tenso
1055 416 1385 472 experiebantur
1417 432 1532 462 areu.
1579 418 1646 460 Ita

197 473 362 515 roboris
394 473 638 514 firmitatem
659 471 777 514 uario
812 473 1065 526 agitacionis
1087 487 1242 527 genere
1267 476 1645 532 prosequebantur.

197 531 338 573 Fuere
400 536 443 573 et
494 531 565 586 qui
614 544 810 572 somnum
865 532 1133 588 quietemque
1184 533 1361 588 pocione
1413 539 1643 590 captarent.

196 590 379 631 Mittitur
423 588 577 630 deinde
607 588 807 635 Rollerus
838 602 864 629 a
894 594 1017 645 patre
1049 590 1333 645 cognoscendi
1377 605 1503 634 eausa
1533 592 1644 634 domi

195 648 364 689 interim
409 651 517 691 acta.
592 646 634 689 Is
677 651 724 688 ut
770 652 1009 689 maternum
1055 646 1220 690 fumare
1266 650 1482 703 tugurium
1526 650 1647 702 uidit,

196 706 298 748 foris
332 703 563 757 accedens,
604 705 918 762 paruulumque
963 705 1156 749 foramen
1189 706 1347 749 furtiua
1378 707 1543 750 luminis
1575 722 1648 764 ap·

196 764 429 821 plicacione
462 763 694 817 traiiciens,
728 764 988 819 introspecta
1012 763 1105 818 ede,
1139 764 1440 807 animaduertit
1471 771 1647 808 matrem

197 822 364 865 informi
419 821 575 863 cacabo
625 821 791 864 coctilia
842 821 1061 877 pulmenta
1111 826 1368 866 uersantem.
1446 823 1647 880 Suspexit

198 885 394 936 preterea
436 886 521 923 tres
555 880 747 922 colubras
787 895 970 936 superne
1014 879 1153 923 te*nui
1194 887 1304 923 reste
1347 881 1566 937 depensas,
1591 896 1645 923 ex

196 953 374 995 quarum
408 952 481 980 ore
512 939 676 994 proflua
717 938 837 980 tabes
875 939 1075 993 guttatim
1115 939 1334 982 humorem
1368 941 1494 996 epulo
1529 941 1646 982 mini-

195 997 369 1039 strabat.
432 997 530 1038 Due
562 997 722 1052 quippe
756 996 899 1038 colore
930 998 1049 1052 picee
1081 1003 1225 1051 erant,
1258 998 1387 1040 tercia
1419 999 1648 1054 squammis

196 1055 338 1098 albida
371 1054 622 1107 uidebatur,
664 1054 835 1111 reliquis
870 1055 1036 1097 modico
1071 1056 1328 1098 eminencius
1362 1070 1507 1112 pensa.
1556 1057 1650 1098 Hec

195 1128 354 1156 nexum
400 1113 442 1154 in
489 1112 627 1155 cauda
672 1113 894 1169 gestabat,
950 1127 1043 1155 cum
1093 1120 1233 1156 cetere
1280 1113 1465 1156 immisso
1511 1115 1650 1156 uentri

196 1172 384 1214 funiculo
417 1168 690 1227 tencfrentur.
723 1171 802 1213 Ille
825 1185 913 1213 rem
937 1172 1144 1214 maleficio
1167 1179 1496 1215 consentaneam
1519 1177 1649 1226 ratus,

197 1230 390 1285 silencio,
435 1230 548 1286 quod
580 1230 768 1275 uiderat,
801 1230 966 1285 pressit,
997 1245 1051 1272 ne
1082 1236 1258 1272 matrem
1302 1231 1497 1273 ueneficii
1537 1245 1650 1274 ream

198 1293 387 1330 astruere
408 1292 645 1344 putaretur.
693 1288 926 1344 Ignorabat
947 1288 1072 1341 enim,
1104 1289 1328 1330 innocuam
1351 1289 1552 1343 anguium
1578 1304 1650 1331 ex-

198 1347 332 1388 titisse
354 1354 563 1397 naturam,
597 1346 778 1393 nescius,
812 1350 1015 1402 quantum
1039 1347 1112 1388 illo
1146 1347 1306 1402 uigoris
1330 1348 1458 1403 epulo
1480 1362 1650 1403 parare-

198 1411 280 1447 tur.
326 1405 689 1460 Superuenicntes
710 1404 864 1446 deinde
885 1404 1112 1460 Regnerus
1137 1410 1177 1447 et
1194 1404 1357 1459 Ericus,
1379 1410 1425 1446 ut
1446 1404 1651 1447 fumidam

198 1477 406 1519 aspexere
437 1477 604 1505 casam.
634 1463 812 1517 ingressi
846 1463 1101 1505 discubitum
1132 1463 1338 1519 petiuere.
1401 1463 1565 1512 Quibus
1597 1462 1648 1504 ad

196 1535 386 1564 mensam
420 1521 522 1575 sitis,
557 1520 692 1563 Craca
727 1522 925 1578 priuigno
958 1522 1130 1577 filioque
1162 1536 1247 1563 una
1280 1522 1416 1564 cibum
1451 1521 1650 1577 capturis.

198 1579 386 1622 catillum
420 1579 638 1622 discolori's
673 1579 794 1635 dapis
826 1579 1029 1621 admouit.
1092 1579 1199 1621 Pars
1231 1581 1387 1636 quippe
1411 1579 1542 1635 picea,
1575 1579 1648 1621 sed

197 1638 355 1680 croceis
386 1639 517 1694 guttis
548 1638 756 1692 interlita,
797 1652 894 1693 pars
926 1637 1068 1679 albida
1099 1637 1344 1689 uidebatur3
1386 1639 1542 1694 quippe
1572 1651 1648 1693 pro

196 1696 315 1738 uaria
357 1700 602 1752 serpentum
650 1696 793 1752 specie
838 1695 1032 1752 geminus
1072 1696 1236 1751 pultem
1277 1696 1391 1739 color
1430 1695 1647 1738 infecerat.

198 1753 330 1796 Cuius
373 1768 469 1796 cum
500 1755 635 1797 solam
672 1759 854 1809 uterque
896 1753 1144 1809 particulam
1189 1753 1442 1807 delibasset,
1485 1753 1647 1806 Eunus,

198 1826 283 1854 non
318 1827 371 1854 ex
403 1813 591 1855 colorum
625 1812 786 1865 habitu,
828 1811 904 1854 sed
936 1813 1090 1854 interni
1124 1813 1282 1867 uigoris
1314 1812 1467 1854 effectu
1501 1812 1648 1868 epulas

200 1871 422 1924 estimans,
449 1872 690 1927 nigrantem
723 1870 842 1926 dapis
874 1875 1053 1926 partem,
1086 1869 1158 1912 sed
1192 1885 1316 1912 succo
1349 1870 1521 1925 poeiore
1553 1883 1647 1911 con-

198 1928 367 1982 fectam,
399 1929 539 1971 catino
573 1943 701 1985 quam
720 1928 936 1971 celerrime
968 1942 1094 1970 uerso
1127 1927 1180 1969 ad
1213 1943 1257 1970 se
1289 1928 1516 1981 transtulit,
1549 1927 1651 1968 albi·

199 1986 407 2043 damque,
457 1987 537 2030 sibi
582 1987 798 2029 admotam
844 1986 972 2041 prius,
1005 1986 1177 2028 Rollero
1225 1987 1455 2042 applicans,
1503 1999 1649 2027 cenam

200 2044 364 2087 felicius
396 2046 542 2100 gessit.
588 2044 645 2087 Et
667 2060 720 2087 ne
744 2045 997 2087 mutacionis
1020 2043 1226 2086 industria
1246 2048 1479 2097 notaretur,
1513 2043 1650 2085 taliter

199 2102 333 2158 inquit
373 2106 568 2146 estuante
613 2104 724 2146 freto
758 2103 933 2159 puppim
980 2103 1020 2143 in
1066 2116 1234 2158 proram
1281 2102 1429 2144 referri
1469 2101 1648 2143 solitam.

200 2159 291 2202 Nec
322 2165 453 2204 tenue
493 2160 574 2203 uiri
606 2162 822 2217 ingenium
865 2161 963 2214 fuit,
1004 2160 1195 2202 industrii
1237 2160 1374 2215 operis
1415 2160 1649 2202 dissimula-

200 2219 365 2262 cionem
395 2233 421 2260 a
451 2219 611 2275 nauigii
641 2218 948 2261 consuetudine
981 2218 1226 2260 mutuantis.

339 2276 488 2319 Ericus
534 2278 701 2334 itaque,
754 2278 894 2319 fausta
941 2277 1022 2319 iam
1069 2275 1179 2332 dape
1230 2275 1434 2327 refectus,
1483 2274 1648 2316 interna

199 2334 334 2390 ipsius
367 2348 497 2390 opera
529 2335 582 2377 ad
614 2349 826 2378 summum
852 2336 1035 2376 humane
1068 2334 1278 2389 sapiencie
1311 2332 1476 2390 pondus
1499 2332 1647 2374 euasit.

202 2392 371 2449 Quippe
404 2393 519 2448 epuli
558 2394 684 2449 uigor
722 2407 871 2450 supra,
910 2407 1038 2448 quam
1083 2391 1192 2435 credi
1226 2395 1422 2447 poterat,
1463 2389 1647 2431 omnium

193 2451 260 2492 illi
293 2451 571 2493 se1enciarum
603 2451 770 2508 copiam
801 2451 1080 2506 ingenerauit,
1112 2450 1172 2502 ita
1194 2456 1242 2491 ut
1263 2449 1392 2492 eciam
1423 2448 1649 2490 ferinarum

200 2502 557 2565 pecudaliumque
599 2523 753 2552 uocum
797 2508 1195 2564 interpretacionem
1239 2507 1422 2549 calleret.
1497 2504 1647 2560 Neque

200 2567 311 2609 enim
355 2567 495 2608 solum
539 2567 818 2610 humanarum
860 2581 1002 2609 rerum
1049 2564 1325 2622 peritissimus
1357 2567 1458 2615 erat,
1502 2576 1648 2604 uerum

199 2624 339 2666 eciam
369 2624 589 2667 sensuales
624 2625 842 2667 brutorum
884 2638 1010 2666 sonos
1041 2624 1095 2665 ad
1128 2627 1334 2664 certarum
1370 2621 1648 2663 affeoeionum

274 2698 355 2723 Seio
374 2698 605 2726 Grammaticus.
1488 2689 1511 2723 9

1671 892 1835 921 ΧΧΧΙΧὴ

1706 1191 1734 1216 p.
1756 1182 1803 1208 1³⁴
