1884 3126
187 850 221 877 1⁴)

186 1140 219 1166 15

179 2010 215 2037 30

178 2299 214 2326 35

177 2590 212 2617 40

256 188 339 230 320
722 208 725 211 >
832 211 877 216 -
947 185 1013 228 JX
1076 212 1126 218 a.

257 315 344 357 aeri
377 330 423 357 se
455 313 696 366 credidisse,
728 313 985 370 tandemque
1006 314 1213 355 minorem
1248 328 1301 355 ex
1324 313 1387 359 his
1409 313 1461 355 ad
1485 328 1530 356 se
1551 317 1698 371 pennis

257 387 408 414 cruore
457 373 598 414 oblitis
646 373 800 413 comite
848 386 1029 413 uacuum
1078 385 1304 413 remeasse.
1395 372 1458 413 Ea
1500 375 1696 429 opinione

255 430 476 484 attonituS,
508 435 555 471 ut
588 433 677 472 erat
707 444 853 472 somno
875 444 1060 485 pressus,
1091 429 1271 470 indicem
1295 431 1478 485 stuporis
1501 437 1697 486 questum

255 488 400 540 edidit,
448 502 496 529 ac
538 493 648 530 totos
694 492 868 542 penates
910 488 1174 529 tumultuoso
1222 488 1404 530 clamore
1452 490 1695 544 compleuit.

254 545 389 593 Quam
439 546 772 600 speculacionem
815 544 903 598 co,*
941 545 1291 600 percontantibus
1330 545 1511 600 famulis,
1560 549 1696 603 expli-

255 609 388 655 cante,
421 603 563 656 Thira,
609 605 773 646 felicem
815 618 858 645 se
891 604 1010 657 prole
1040 603 1230 644 futuram
1260 607 1499 654 autumans,
1541 608 1695 648 omisso

254 661 578 703 differendarum
632 662 878 716 nupciarum
928 661 1162 717 proposito,
1214 661 1519 716 castimoniam,
1570 677 1696 719 quam

253 720 404 775 cupide
450 724 622 775 precata
662 720 813 772 fuerat,
866 719 1031 761 auidius
1062 720 1245 773 remisit3
1293 719 1604 776 celibatumque
1643 722 1695 763 ad

252 791 454 820 uenerem
485 778 755 831 transferens,
787 791 943 833 sponso
983 782 1147 831 gratam
1190 778 1340 818 suimet
1378 779 1584 832 pociende
1627 794 1695 821 co-

252 836 364 891 piam
397 836 558 890 tribuit,
594 836 845 878 continentis
878 835 1006 876 animi
1026 836 1227 877 uirtutem
1251 834 1422 877 admissi
1446 838 1694 880 concubitus

253 895 455 936 sacietate
486 893 718 949 pensando,
749 894 927 949 prefata,
959 893 1129 934 minime
1160 908 1204 934 se
1239 893 1277 935 ei
1299 899 1528 948 nupturam
1549 895 1692 951 fuisse,

251 953 330 993 nisi
364 967 415 994 ex
449 953 512 992 his
545 951 793 993 adumbrate
826 951 979 1006 quietis
1010 951 1262 1006 imaginibus
1295 951 1523 994 cerciorem
1547 952 1693 995 fecun-

253 1010 397 1051 ditatis
430 1025 506 1052 sue
537 1010 749 1051 fortunam
782 1009 1004 1051 hausisset.
1067 1008 1217 1063 ltaque
1257 1013 1304 1050 ut
1334 1010 1470 1064 uafro,
1514 1011 1572 1052 ita
1602 1012 1694 1053 inu-

254 1069 379 1109 sitato
423 1068 596 1109 consilio
638 1067 845 1122 pudicicie
886 1067 1104 1108 simulacio
1144 1068 1184 1107 in
1225 1067 1368 1108 future
1408 1068 1538 1123 prolis
1578 1070 1694 1125 agni-

251 1127 417 1167 cionem
449 1127 658 1168 transiuit.
719 1125 812 1166 Nec
842 1139 933 1167 sors
966 1125 1207 1179 opinionem
1241 1126 1330 1165 eius
1370 1125 1574 1168 frustrata
1615 1133 1691 1169 est.

250 1184 381 1225 Breui
423 1185 532 1224 enim
569 1183 742 1224 Haraldi
793 1189 920 1237 atque
963 1182 1122 1223 Kanuti
1162 1182 1264 1223 felix
1303 1183 1420 1236 prole
1452 1190 1587 1226 mater
1620 1199 1691 1240 ap—

251 1241 404 1297 paruit.
468 1241 548 1289 Qui
582 1256 677 1283 cum
708 1241 874 1282 uirilem
904 1241 1145 1294 attigissent
1177 1243 1346 1292 etatem,
1378 1246 1526 1284 exerta
1559 1244 1692 1284 classe

252 1300 496 1341 effrenatam
520 1299 768 1341 Sclauorum
791 1299 1063 1340 insolenciam
1082 1297 1347 1340 domuerunt.
1381 1298 1470 1342 Nec
1492 1300 1690 1356 Angliam

253 1357 421 1414 quidem
466 1357 692 1398 immunem
732 1358 782 1397 ab
827 1356 906 1397 hoc
949 1357 1193 1397 uexacionis
1227 1370 1383 1411 genere
1415 1358 1690 1413 reliquerunt.

181 1430 198 1445 ⁴¹
250 1417 441 1464 Quorum
480 1415 782 1470 Edelra[n]dus
824 1415 1002 1469 ingeniis
1043 1414 1303 1467 delectatus,
1354 1415 1514 1456 illatam
1555 1431 1580 1457 a
1619 1431 1691 1458 ne-

249 1474 419 1529 potibus
471 1473 556 1514 uim
599 1473 830 1527 uoluptatis
871 1473 964 1513 loco
1006 1472 1176 1524 habuit,
1226 1472 1468 1527 amplissimi
1502 1474 1691 1516 beneficii

250 1531 417 1573 nomine
470 1532 730 1573 teterrimam
783 1531 1050 1586 amplexatus
1100 1529 1306 1571 iniuriam.
1388 1530 1523 1573 Multo
1580 1533 1690 1574 enim

250 1590 433 1645 amplius
472 1590 640 1630 uirtutis
683 1589 724 1630 in
769 1602 915 1629 eorum
947 1588 1195 1630 fortitudine
1226 1601 1351 1642 quam
1382 1589 1539 1643 pietate
1569 1603 1690 1645 repo-

249 1648 342 1689 suit.
404 1647 593 1702 Ideoque
636 1646 689 1688 ab
729 1647 889 1688 infestis
931 1647 1081 1687 lacessi
1133 1659 1257 1702 quam
1305 1646 1356 1687 ab
1399 1647 1563 1702 ignauis
1610 1649 1691 1690 coli

202 1718 214 1725 “
250 1706 482 1760 speciosius
515 1705 651 1750 duxit,
683 1709 884 1759 tanquam
918 1718 970 1745 ex
1002 1704 1094 1759 ipso
1117 1703 1346 1744 fortissimo
1370 1704 1520 1747 indolis
1543 1705 1690 1748 habitu

250 1764 438 1805 futurum
469 1763 679 1804 uirilitatis
712 1776 859 1803 eorum
892 1762 1104 1817 specimen
1134 1761 1387 1816 peruideret.
1448 1762 1542 1804 Non
1579 1765 1689 1805 enim

249 1822 466 1876 ambigere
497 1822 650 1877 potuit,
683 1821 782 1875 quin
815 1825 961 1861 extera
993 1820 1250 1876 quandoque
1281 1820 1509 1874 impetitum·
1535 1827 1687 1875 essent,

252 1880 325 1936 qui
367 1885 558 1921 materna
590 1884 675 1919 tam
707 1888 723 1926 ’.ἢ
753 1879 954 1919 audacter
985 1879 1220 1932 exigerent.
1285 1878 1406 1919 Adeo
1448 1883 1587 1920 autem
1629 1881 1689 1921 in-

252 1939 381 1980 iurias
405 1937 552 1979 officiis
575 1937 826 1991 anteposuit,
860 1941 918 1989 ut,
949 1936 1152 1991 preterita
1182 1936 1281 1988 filia,
1312 1936 1510 1990 Angliam
1540 1938 1687 1980 iisdem

247 2001 500 2037 testamento
528 1996 534 2049 Ι
561 1995 735 2049 legaret,
769 1995 930 2035 auitum
960 2008 1114 2035 nomen
1160 1999 1338 2048 paterno
1380 1995 1569 2049 preferre
1600 2011 1683 2038 non

249 2054 469 2106 dubitans,
506 2068 584 2095 nec
614 2051 927 2107 imprudenter,
971 2052 1169 2107 quoniam
1211 2051 1424 2106 aliquanto
1458 2054 1687 2108 speciosius

247 2125 385 2153 mares
427 2125 553 2166 quam
594 2111 770 2152 feminas
802 2111 921 2164 regni
951 2124 1074 2151 usum
1106 2109 1256 2151 decere
1285 2116 1477 2162 nouerat,
1509 2111 1687 2153 imbellis

248 2169 332 2212 filie
350 2183 400 2211 ac
417 2169 739 2210 fortissimorum
762 2173 967 2223 nepotum
986 2167 1275 2209 condicionem
1298 2168 1578 2222 separandam
1601 2169 1688 2211 exi-

247 2227 434 2270 stimans.
497 2227 592 2275 Quo
641 2226 794 2276 euenit,
840 2231 887 2266 ut
932 2225 1060 2267 Thira
1108 2225 1217 2266 filios
1268 2238 1364 2266 suos
1413 2231 1687 2280 paternorum

244 2285 453 2327 bonorum
475 2284 655 2327 heredes
688 2298 773 2324 non
804 2283 1041 2325 inuidenter
1074 2283 1255 2324 exheres
1287 2282 1379 2336 ipsa
1410 2285 1683 2339 conspiceret.

245 2343 543 2385 Prelacionem
589 2342 699 2383 enim
735 2355 881 2382 eorum
922 2340 1215 2382 honorabilem
1263 2340 1341 2381 sibi
1383 2342 1516 2396 magis
1556 2356 1684 2397 quam

247 2401 596 2443 contumeliosa-m
628 2399 719 2441 fore
752 2398 955 2440 arbitrata
998 2403 1072 2440 est.
1132 2397 1277 2448 Iidem,
1321 2399 1475 2440 crebris
1507 2400 1683 2454 piratice

246 2459 464 2514 questibus
504 2457 776 2514 locupletati,
823 2471 984 2498 summa
1025 2470 1121 2497 cum
1161 2455 1315 2497 fiducia
1354 2470 1448 2511 spes
1491 2471 1588 2498 suas
1631 2457 1683 2498 ad

244 2517 515 2560 iniiciendum
565 2530 713 2557 manus
765 2513 971 2556 Hibernie
1021 2517 1341 2570 promouerunt.
1405 2513 1534 2556 Cuius
1590 2529 1678 2566 reX,

243 2574 429 2627 Duflina,
476 2588 557 2630 que
603 2572 822 2630 prouincie
875 2577 1000 2629 caput
1047 2571 1296 2625 habebatur,
1349 2571 1532 2615 obsessa.
1586 2586 1681 2614 cum

1732 549 1855 580 XCVIa

1744 1892 1839 1925 (180)

1740 2014 1770 2040 p.
1789 2006 1840 2033 472
