1884 3126
764 192 1010 235 -I—
1555 197 1602 237 11

168 319 364 361 firmitate
396 319 495 361 facti
529 319 814 361 constanciam
849 319 1089 362 ominaturi.
1137 319 1234 368 Quo
1265 321 1347 363 ritu
1378 320 1605 375 Humblus,

164 377 397 420 decedente
415 383 547 433 patre,
570 391 682 419 nouo
704 377 840 431 patrie
865 378 1071 420 beneficio
1094 392 1170 420 rex
1193 383 1371 433 creatus,
1395 381 1606 436 sequentis

166 436 330 477 fortune
362 436 625 490 malignitate
646 450 698 476 ex
722 450 823 490 rege
846 436 1040 491 priuatus
1063 436 1213 479 euasit.
1258 437 1379 478 Bello
1401 438 1606 494 siquidem

161 508 185 534 a
215 493 403 535 Lothero
439 497 596 559 captus,
629 493 746 548 regni
771 493 1044 550 deposicione
1075 494 1267 549 spiritum
1290 502 1499 538 mercatus
1522 500 1606 549 est3

116 565 131 590 5
163 552 239 592 hec
280 551 370 592 sola
411 552 566 618 quippe
610 552 723 594 uicto
768 552 915 594 salutis
960 550 1151 594 condicio
1196 552 1467 595 reddebatur.
1540 555 1608 596 Ita

95 854 127 881 10

161 609 354 651 fraternis
387 610 548 652 iniuriis
579 609 802 665 imperium
835 610 1034 652 abdicare
1073 615 1266 663 coactus,
1307 610 1607 653 documentum

160 667 400 709 hominibus
443 668 637 723 prebuit,
680 671 726 708 ut
758 668 856 733 plus
894 667 1155 723 splendoris,
1197 668 1255 710 ita
1286 669 1423 711 minus
1455 670 1608 711 securi-

160 725 260 767 tatis
303 726 409 767 aulis
454 740 578 781 quam
625 725 804 781 tuguriis
846 726 998 768 inesse.
1068 726 1268 768 Ceterum
1312 727 1461 769 iniurie
1488 728 1493 780 Ι
1522 732 1607 769 tam

160 784 329 838 paciens
362 783 454 835 fuit,
488 788 534 825 ut
567 783 734 826 honoris
767 783 919 825 damno
945 788 1146 840 tanquam
1169 784 1373 826 beneficio
1405 786 1607 840 gratulari

158 841 423 894 crederetur3
466 842 696 897 sagaciter,
742 846 787 882 ut
819 847 948 896 puto,
979 843 1093 898 regie
1128 843 1384 885 condicionis
1419 843 1606 885 habitum

158 900 486 954 contemplatus.
559 900 643 942 Sed
698 914 776 941 nec
816 900 1029 942 Lotherus
1083 900 1412 943 tolerabiliorem
1467 916 1608 957 regem

127 984 135 995 .
158 972 283 1013 quam
315 958 489 1000 militem
521 959 620 1014 egit,
654 963 700 999 ut
723 972 893 1014 prorsus
918 959 1148 1000 insolencia
1178 973 1228 1000 ac
1249 960 1408 1001 scelere
1430 974 1607 1015 regnum

81 1144 114 1171 15

87 1434 124 1460 ‘20

91 1725 127 1752 ¹25

89 2015 126 2042 30

91 2304 126 2331 35

158 1017 367 1071 auspicari
398 1015 642 1069 uideretur3
681 1016 886 1071 siquidem
920 1017 1248 1058 illustrissimum
1280 1030 1488 1073 quemque
1521 1019 1609 1059 uita

158 1080 231 1116 aut
263 1075 414 1130 opibus
446 1075 643 1130 spoliare,
674 1075 941 1130 patriamque
974 1075 1094 1116 bonis
1128 1075 1289 1117 ciuibus
1330 1076 1608 1118 uacuefacere

158 1131 383 1187 probitatis
414 1132 508 1174 loco
543 1132 686 1186 duxit,
730 1133 850 1187 regni
891 1134 1054 1174 emulos
1085 1137 1214 1185 ratus,
1248 1147 1354 1189 quos
1387 1134 1606 1176 nobilitate

157 1204 282 1245 pares
316 1190 535 1232 habuerat.
597 1190 687 1232 Nec
724 1190 796 1232 diu
828 1191 1033 1233 scelerum
1067 1191 1310 1246 impunitus,
1342 1192 1476 1246 patrie
1509 1206 1607 1233 con-

157 1249 420 1291 sternacione
442 1249 673 1304 perimitur,
698 1249 849 1290 eadem
872 1249 1062 1304 spiritum
1087 1250 1304 1304 eripiente,
1329 1264 1409 1304 que
1431 1264 1607 1305 regnum

156 1307 309 1362 largita
338 1307 491 1349 fuerat.

298 1364 429 1406 Cuius
462 1365 570 1406 filius
603 1364 796 1406 Scioldus
819 1369 1012 1407 naturam
1046 1365 1099 1406 ab
1130 1366 1235 1420 ipsc,
1258 1380 1339 1407 non
1361 1381 1499 1408 mores
1521 1381 1606 1407 sor-

157 1423 273 1476 titus,
296 1437 371 1478 per
389 1438 592 1465 summam
613 1424 837 1465 tenerioris
855 1424 980 1465 etatis
998 1423 1248 1464 industriam
1267 1428 1416 1465 cuncta
1431 1429 1606 1480 paterne

157 1482 422 1536 contagionis
437 1482 617 1537 uestigia
631 1480 871 1536 ingenitils]
889 1483 1039 1523 erroris
1055 1481 1179 1523 deuio
1201 1483 1447 1537 preteribat.
1469 1483 1607 1537 Igitur

156 1543 203 1580 ut
235 1554 258 1580 a
290 1540 476 1595 paternis
509 1540 627 1581 uiciis
658 1539 890 1594 prudenter
922 1540 1114 1593 desciuit,
1144 1540 1203 1582 ita
1234 1541 1358 1582 auitis
1381 1540 1607 1582 uirtutibus

156 1597 333 1639 feliciter
351 1597 877 1653 respondit,re1nociorem
898 1598 1053 1653 pariter
1070 1612 1118 1639 ac
1134 1599 1466 1653 prestanciorem
1488 1599 1607 1640 herc-

156 1655 295 1697 ditarii
319 1656 444 1697 moris
466 1656 712 1711 porcionem
735 1656 972 1712 amplexus.
1019 1656 1160 1697 Huius
1184 1656 1475 1699 adolescencia
1497 1657 1606 1698 inter

159 1717 362 1769 paternos
394 1720 620 1756 uenatores
652 1715 846 1756 immanis
879 1714 1006 1756 belue
1038 1714 1293 1756 subaccione
1325 1715 1501 1768 insignis
1534 1730 1606 1756 ex-

160 1772 256 1825 titit,
289 1772 568 1827 mirandoque
600 1773 661 1814 rei
685 1777 842 1814 euentu
865 1772 1008 1814 future
1029 1772 1118 1813 eius
1139 1771 1397 1814 fortitudinis
1414 1771 1606 1814 habitum

159 1830 345 1871 ominata
368 1834 443 1872 est.
496 1829 630 1872 *Nam
664 1845 759 1872 cum
790 1845 815 1872 a
847 1830 1059 1872 tutoribus
1082 1830 1202 1884 forte,
1235 1844 1417 1885 quorum
1438 1844 1600 1872 summo

159 1887 300 1928 studio
335 1888 614 1940 educabatur,
646 1888 924 1944 inspectande
954 1888 1199 1930 uenacionis
1233 1889 1452 1930 licenciam
1475 1889 1606 1943 impe-

158 1950 324 1999 trasset,
358 1946 529 1988 obuium
555 1946 634 1988 sibi
659 1947 830 1989 insolite
862 1947 1115 2002 granditatis
1134 1961 1290 2000 ursum,
1323 1946 1408 1988 telo
1434 1961 1607 1999 uacuuS,

157 2003 346 2058 cingulo,
389 2004 508 2046 cuius
541 2019 660 2047 usum
695 2004 893 2058 habebat,
925 2004 1194 2060 religandum
1223 2006 1412 2058 curauit,
1455 2019 1606 2047 necan-

159 2061 343 2117 dumque
388 2063 612 2104 comitibus
654 2063 836 2118 prebuit.
910 2063 992 2104 Sed
1039 2067 1080 2104 et
1125 2063 1361 2119 complures
1402 2063 1606 2118 speJJctate

159 2119 418 2162 fortitudinis
442 2121 607 2177 pugiles
630 2135 706 2176 per
728 2121 842 2163 idem
873 2125 1041 2176 tempus
1074 2119 1242 2176 uiriltim
1274 2121 1324 2163 ab
1349 2136 1396 2164 eo
1420 2121 1607 2177 superati

158 2177 422 2232 produntur,
466 2193 489 2220 e
525 2179 676 2234 quibus
710 2179 881 2221 Attalus
924 2188 967 2221 et
1004 2179 1154 2221 Scatus
1198 2180 1299 2221 clari
1340 2179 1607 2233 illustresque

161 2236 296 2277 fuere.
359 2236 609 2284 Quindecim
652 2251 787 2280 annos
828 2243 968 2291 natus,
1012 2237 1213 2279 inusitato
1256 2238 1444 2292 eorporis
1475 2239 1606 2279 incre-

157 2298 300 2336 mento
335 2294 686 2349 perfectissimum
717 2295 893 2337 humani
924 2295 1090 2337 roboris
1116 2295 1331 2350 specimen
1353 2295 1605 2361 preferebat,

157 2355 363 2407 tantaque
394 2352 548 2395 indolis
580 2353 669 2395 eius
700 2354 995 2409 expeiimenta
1026 2353 1160 2406 fuere,
1194 2357 1241 2395 ut
1270 2353 1322 2394 ab
1353 2353 1444 2407 ipso
1477 2351 1606 2394 ceteri

155 2409 375 2451 Danorum
418 2424 543 2466 reges
587 2411 800 2452 communi
859 2410 1046 2467 quodam
1100 2411 1309 2453 uocabulo
1361 2410 1606 2463 Scioldungi

155 2473 517 2523 nuncuparentur.
567 2467 702 2522 [Idem
738 2468 948 2525 perditam
982 2473 1025 2512 et
1047 2482 1249 2511 eneruam
1280 2469 1408 2509 uitam
1430 2472 1605 2522 agentes

157 2526 552 2582 continenciamque
593 2527 699 2568 luxu
731 2527 970 2569 labefacere
1005 2527 1178 2581 solitos,
1219 2526 1271 2567 ad
1305 2525 1606 2582 capessendam

92 2594 129 2623 40
162 2583 361 2628 uirtutem
393 2599 533 2628 rerum
565 2584 805 2643 agitacione
838 2584 1012 2628 sedulus
1044 2583 1293 2638 excitabat]

1634 1842 1718 1870 11111ι

1652 2073 1699 2107 (6)

1635 2142 1663 2167 p.
1682 2134 1714 2159 24
