1884 3126
296 243 352 284 44
887 240 1162 283 -ΙΙ-

296 368 490 412 ducebat.
552 368 811 410 Seruitutem
842 368 985 424 itaque
1017 382 1102 410 non
1133 382 1306 424 semper
1339 366 1536 410 uirilitate
1567 382 1742 411 uacuam

297 427 471 483 reperiri
504 426 749 480 subiunxit3
794 439 894 481 sepe
925 427 1035 468 enim
1066 426 1236 468 sordido
1273 426 1389 468 cultu
1419 426 1638 468 robustam
1670 426 1743 469 ob-

299 486 385 539 tegi
415 499 597 536 manum,
629 484 864 540 fortemque
897 483 1089 526 dextram
1118 488 1208 526 atra
1239 489 1358 526 ueste
1392 483 1584 526 concludi
1614 483 1743 527 inter-

298 543 422 596 dum,
466 542 611 598 itaque
656 548 806 584 nature
851 542 1005 584 uicium
1045 542 1199 584 uirtute
1243 541 1414 595 redimi,
1458 541 1741 597 damnumque

248 612 264 639 5
295 600 462 657 generis
494 600 622 641 animi
653 600 916 655 ingenuitate
950 600 1131 655 pensari.
1175 599 1230 641 Se
1263 614 1374 655 ergo,
1407 599 1525 642 Thor
1555 599 1636 642 deo
1669 615 1741 642 ex-

298 662 433 712 cepto,
451 658 609 700 nullam
625 658 911 712 monstrigene
931 657 1097 699 uirtutis
1117 657 1355 713 potenciam
1377 671 1604 713 expauere,
1628 658 1742 699 cuius

296 717 448 759 uirium
475 715 779 771 *magnitudini
822 715 924 757 nihil
966 714 1244 758 humanarum
1277 715 1571 758 diuinarumue
1600 729 1740 758 rerum
1760 719 1844 749 Xlll

298 775 426 830 digna
456 773 593 830 possit
633 773 861 829 equalitate
903 772 1098 815 conferri.
1158 772 1241 815 Sed
1273 787 1411 829 neque
1441 774 1583 815 laruas
1613 772 1742 815 liuido

298 837 461 874 tantum
508 832 704 887 squalore
750 830 956 873 terribiles
998 845 1023 872 a
1063 831 1257 873 masculis
1302 831 1459 873 debere
1499 831 1743 887 pectoribus

232 901 266 929 10
297 890 538 943 formidari,
585 903 761 945 quarum
808 887 995 944 effigies,
1042 888 1278 931 adulterino
1327 889 1522 931 distincta
1565 889 1743 944 pallore,

297 951 640 990 momentaneum
661 946 850 1003 corporis
871 947 1060 988 habitum
1083 946 1136 988 ab
1153 946 1260 989 aeris
1291 946 1576 990 teneritudine
1606 951 1743 989 mutu-

298 1007 359 1048 ari
405 1004 685 1048 consueuerit.
746 1004 856 1046 Falli
906 1004 1035 1059 igitur
1074 1003 1378 1059 Suanhuitam,
1430 1019 1510 1061 que
1563 1004 1744 1046 solidum

297 1065 486 1106 uirorum
507 1062 637 1104 robur
655 1062 918 1105 muliebriter
949 1062 1150 1117 emollire,
1182 1062 1377 1118 uiresque
1408 1062 1522 1104 uinci
1551 1062 1743 1105 insolitas

299 1122 540 1165 effeminato
572 1134 733 1176 pauore
764 1120 1020 1176 perfundere
1053 1123 1241 1162 conetur.

234 1190 266 1217 15
434 1179 671 1221 Ammirata
715 1179 878 1220 iuuenis
928 1178 1213 1220 constanciam
1245 1177 1496 1232 Suanhuita,
1543 1177 1741 1233 ablegato

297 1237 441 1280 nubile
472 1236 798 1279 inumbracionis
838 1250 1025 1292 uapore,
1063 1240 1280 1292 pretentas
1313 1236 1375 1277 ori
1405 1235 1605 1278 tenebras
1637 1235 1744 1278 suda

297 1295 598 1352 perspicuitate
629 1294 837 1348 discussit,
865 1308 1091 1349 ensemque
1133 1293 1261 1335 uariis
1293 1293 1555 1336 conflictibus
1589 1307 1742 1349 oppor-

298 1359 448 1395 tunum
491 1367 535 1395 se
578 1352 614 1393 ei
657 1352 849 1394 daturam
891 1351 1100 1407 pollicita,
1145 1351 1293 1393 miram
1337 1351 1517 1407 uirginei
1549 1351 1743 1394 candoris

299 1412 485 1467 speciem
542 1424 654 1453 nouo
711 1407 1009 1466 membrolrum
1071 1409 1216 1451 iubare
1273 1408 1524 1466 preferebat.
1583 1409 1744 1452 Taliter
1772 1431 1800 1456 p.
1818 1422 1852 1450 72

231 1479 269 1507 20
300 1470 466 1512 accensi
486 1469 650 1510 iuuenis
673 1468 928 1510 connubium
959 1471 1095 1523 pacta,
1125 1467 1292 1522 prolato
1317 1481 1516 1510 mucrone
1538 1467 1595 1510 sic
1617 1466 1742 1524 cepit:

412 1527 463 1569 In
495 1525 648 1582 gladio,
682 1539 765 1582 quo
798 1529 984 1569 monstra
1014 1525 1089 1568 tibi
1118 1524 1309 1568 ferienda
1340 1525 1563 1581 patebunt,

471 1585 659 1640 Suscipe,
689 1598 780 1638 reX,
812 1597 968 1639 sponse
999 1597 1176 1626 munera
1205 1583 1340 1639 prima
1371 1587 1454 1626 tue.

414 1641 511 1686 Hoc
542 1642 717 1698 dignum
747 1645 790 1683 te
819 1643 898 1684 rite
930 1642 1087 1697 proba3
1118 1654 1267 1683 manus
1298 1641 1438 1685 emula
1466 1640 1566 1684 ferri

471 1700 701 1743 Gestamen
732 1698 903 1742 studeat
934 1699 1218 1742 condecorare
1250 1713 1387 1742 suum.

230 1768 268 1796 25
413 1759 571 1801 Ferrea
601 1758 666 1800 uis
698 1762 893 1800 tenerum
923 1757 1075 1800 mentis
1106 1756 1316 1800 confortet
1346 1770 1538 1811 acumen,
1781 1777 1852 1813 (24)

470 1816 614 1872 Atque
645 1816 810 1858 animus
842 1816 993 1858 dextre
1023 1815 1192 1859 nouerit
1223 1828 1315 1857 esse
1345 1828 1500 1858 comes.

413 1875 557 1932 Equet
589 1888 694 1916 onus
725 1874 850 1927 lator,
882 1877 925 1916 et
955 1877 1003 1915 ut
1033 1873 1122 1916 ensi
1154 1876 1359 1927 congruat
1389 1877 1523 1926 actus,

472 1932 660 1975 Accedat
690 1931 876 1987 grauitas
906 1945 982 1988 par
1011 1932 1053 1973 in
1085 1934 1270 1987 utroque
1301 1930 1391 1973 tibi.

414 1991 594 2033 Framea
625 1989 725 2045 quid
753 1989 941 2045 prodest,
973 1989 1047 2031 ubi
1076 1989 1253 2044 languet
1284 1987 1424 2031 debile
1451 1990 1614 2043 pectus,

233 2058 269 2086 30
470 2048 527 2090 Et
558 2048 694 2091 telum
724 2047 887 2103 trepide
918 2047 1148 2090 destituere
1179 2047 1364 2088 manus?

413 2107 592 2149 Ferrum
624 2106 763 2148 animo
797 2109 932 2159 coeat,
964 2118 1205 2161 corpusque
1235 2108 1422 2147 armetur
1451 2106 1655 2159 utroque;

472 2164 680 2220 Iungatur
711 2164 861 2219 capulo
895 2176 1079 2206 consona
1110 2162 1263 2205 dextra
1292 2176 1385 2205 suo.

414 2222 510 2265 Hec
541 2222 728 2265 celebres
761 2220 892 2263 edunt
922 2234 1101 2278 pugnas,
1133 2220 1233 2277 quia
1262 2218 1406 2263 iuncta
1436 2219 1593 2275 uigoris

471 2280 575 2322 Plus
607 2280 788 2323 retinere
820 2279 969 2332 solent,
1002 2278 1227 2321 dissociata
1257 2279 1410 2321 minus.

233 2349 269 2378 35
414 2339 527 2381 Hinc
559 2338 634 2380 tibi
664 2338 700 2381 si
730 2337 887 2393 uolupe
919 2340 981 2380 est
1012 2336 1112 2379 belli
1144 2337 1375 2379 clarescere
1406 2336 1562 2391 palma,

474 2395 731 2438 Consectare
761 2409 881 2448 auen,
915 2393 1028 2450 quod
1058 2395 1213 2450 premis
1243 2394 1334 2450 ipse
1365 2407 1505 2437 manu.

437 2453 628 2509 Cumque
658 2453 792 2496 multa
822 2452 876 2495 ad
905 2453 1020 2495 hunc
1058 2452 1229 2495 modum
1260 2455 1459 2507 coaptato
1491 2449 1742 2492 rithmorum

301 2526 455 2554 canore
485 2511 773 2568 prompsisset,
805 2510 985 2552 dimissis
1016 2510 1253 2562 comitibus,
1283 2509 1508 2552 aduersum
1531 2506 1742 2550 obscenis-

301 2570 441 2612 simas»
467 2573 762 2625 portentorum
803 2572 995 2611 cateruas
1042 2571 1207 2610 noctem
1237 2566 1474 2609 dimicando
1505 2578 1741 2622 permensa,

231 2638 268 2667 40
300 2628 397 2671 luce
417 2626 584 2671 reddita
603 2627 743 2670 uarias
763 2626 978 2669 laruarum
998 2625 1202 2670 formulas
1225 2629 1266 2669 et
1285 2624 1488 2668 inusitata
1503 2623 1742 2680 specierum
