1884 3126
135 890 169 917 10

137 1181 168 1208 15

129 1763 166 1790 25

128 2055 165 2083 3‹›

126 2346 164 2373 35

126 2638 163 2666 40

791 223 1064 266 —X—
1575 225 1657 267 357

204 351 404 395 indicium
437 367 530 396 esse
562 352 722 396 maluit.
785 352 854 394 Illi
896 353 1100 395 concione
1131 352 1446 409 lachrymantes
1485 351 1657 408 egressi,

206 410 518 454 deliberacione
558 411 684 465 inita,
725 412 891 453 tristem
935 411 987 452 de
1030 425 1131 465 rege
1175 412 1436 453 sentenciam
1467 411 1582 453 ferre
1613 415 1660 452 ut

204 470 341 510 minus
373 470 622 520 honestum,
654 471 713 512 ita
745 484 895 525 parum
926 470 1029 511 utile
1062 469 1360 525 peruiderunt3
1393 484 1476 511 non
1508 469 1658 525 ignari,

204 529 293 568 sine
328 542 374 570 co
408 542 499 570 esse
530 542 575 570 se
596 542 800 570 uacuums
823 528 950 583 piritu
973 542 1138 583 eorpus,
1168 527 1359 583 predam,
1383 528 1535 584 quibus
1560 532 1659 569 ante

202 586 505 641 imperassent,
546 586 725 628 futuros.
797 587 1022 628 Postremo
1069 586 1313 627 uniuersum
1363 588 1421 627 rei
1466 585 1658 628 militaris

203 649 383 698 statum,
425 659 476 686 eo
518 659 673 701 penam
713 645 945 697 subeunte,
978 644 1160 686 conuelli
1193 644 1319 699 inque
1350 645 1474 686 unius
1509 658 1657 686 omnes

203 703 518 758 proscripeione
540 704 754 757 damnari3
779 704 943 759 lapsum
968 703 1058 744 eius
1081 702 1245 744 ruinam
1269 716 1400 754 suam,
1417 702 1659 744 damnacio-

203 774 297 802 nen]
341 776 563 803 commune
605 763 790 804 omnium
833 761 1065 817 perieulum
1104 760 1361 802 fatebantur.
1431 761 1569 816 Igitur
1615 762 1658 801 in

202 823 288 860 tam
320 819 452 862 ardua
483 835 528 862 re
559 821 774 862 sentencie
807 820 936 872 dubii,
969 818 1213 874 ereditoque
1248 819 1327 860 sibi
1360 819 1514 861 iudicio
1548 833 1657 875 equo

184 878 338 919 ⁸leuius
369 879 635 921 austeriusue
669 879 730 920 uti
761 878 899 930 ueriti,
931 878 1103 934 proprio
1137 890 1279 932 regem
1307 877 1479 918 arbitrio
1513 878 1658 919 decre-

203 950 303 977 uere
335 936 641 992 mulctandum,
666 938 973 989 existimantes,
1009 937 1103 991 plus
1125 936 1248 977 nutui
1273 935 1506 978 maiestatis
1530 950 1656 992 quam

202 995 469 1049 priuatorum
502 996 728 1037 sentenciis
751 994 1046 1038 deferendum.
1109 993 1391 1035 Emendabile
1424 994 1536 1035 enim
1570 1008 1666 1035 cre-⁷

202 1052 346 1095 didere
380 1054 603 1102 delictum,
644 1053 760 1110 quod
801 1054 961 1109 impetu
993 1052 1127 1107 magis
1162 1066 1288 1108 quam
1329 1051 1538 1094 industria
1581 1067 1657 1094 no-

201 1116 390 1153 sceretur
422 1112 670 1155 admissum.
718 1112 856 1167 Igitur
879 1125 931 1152 ex
957 1125 1006 1153 eo
1032 1111 1212 1152 iudicem
1244 1114 1452 1164 statuunt,
1485 1125 1657 1168 penam-

199 1183 282 1225 que
335 1171 589 1224 prestolanti
623 1170 909 1226 impunitatis
961 1170 1203 1226 potenciam
1265 1169 1519 1223 largiuntur.
1601 1168 1656 1210 Et

200 1228 378 1282 pulchre
419 1228 590 1284 quidem
638 1229 795 1271 factam
842 1229 919 1270 sibi
966 1227 1180 1270 iudicandi
1226 1231 1485 1282 potestatem
1523 1227 1657 1283 ipsius

199 1286 375 1327 arbitrio
423 1286 723 1339 reddiderunt,
769 1302 822 1329 ne
870 1286 1165 1328 difficillimum
1217 1286 1443 1338 negocium
1495 1291 1656 1328 temere

200 1345 310 1385 iacta
337 1351 341 1397 Ι
370 1346 730 1401 pronunciacione
770 1346 962 1399 finirent,
1007 1345 1076 1386 uel
1109 1344 1404 1387 commilitonis
1438 1344 1650 1386 ulcionem

200 1402 368 1458 placide
412 1403 483 1445 uel
523 1404 634 1459 regis
678 1404 931 1460 supplicium
972 1403 1202 1447 crudeliter
1246 1407 1514 1458 expetentes.
1587 1402 1654 1443 Ita

131 1472 146 1498 2
198 1461 310 1503 salus
343 1462 470 1516 regis,
502 1476 614 1517 pene
646 1476 724 1504 suo
757 1463 917 1504 scelere
960 1475 1137 1514 euersa,
1171 1461 1375 1517 temporis
1416 1460 1654 1502 difficultati

200 1519 355 1562 donata
388 1524 464 1561 est.
529 1520 596 1561 Ad
621 1521 698 1562 hec
721 1521 822 1562 satis
843 1535 999 1575 graues
1032 1533 1128 1561 eum
1153 1519 1293 1561 delicti
1317 1533 1451 1574 penas
1484 1519 1652 1561 dedisse

199 1576 530 1631 arbitrabantur,
562 1579 632 1634 qui
666 1594 710 1621 se
742 1580 782 1621 in
817 1583 935 1620 tanto
968 1578 1140 1620 fortune
1172 1577 1342 1631 fastigio
1375 1581 1462 1618 tam
1494 1577 1652 1632 suppli-

201 1635 301 1677 citer
334 1636 516 1678 abiicere
549 1636 832 1679 sustinuisset
896 1637 1003 1678 Tum
1037 1636 1207 1677 demum
1245 1636 1548 1680 uenerabiliter
1580 1649 1652 1677 ex-

200 1701 372 1749 ceptum
413 1702 541 1750 atque
585 1710 639 1736 ex
670 1696 841 1750 ancipiti
881 1709 955 1736 reo
997 1695 1134 1737 secmi
1174 1693 1322 1735 iudicis
1367 1694 1562 1750 partibus
1593 1694 1654 1734 in-

198 1754 357 1794 seruire
390 1753 550 1794 iussum
583 1755 689 1795 selle
722 1755 1018 1796 restituerunt.
1066 1753 1163 1795 Rex
1198 1753 1368 1808 culpam
1400 1766 1470 1794 ere
1502 1752 1651 1793 redimi

199 1810 356 1852 debere
410 1811 641 1854 constituit.
725 1811 915 1866 Cumque
967 1811 1068 1855 alias
1121 1810 1445 1852 homicidiorum
1494 1811 1652 1852 crimen

199 1868 481 1924 quadragenis
527 1871 684 1911 nummi
727 1870 897 1912 talentis
939 1869 1101 1925 expiari
1135 1869 1305 1923 soleret,
1338 1869 1428 1924 ipse
1459 1868 1538 1910 sibi
1566 1871 1651 1910 tre-

199 1932 323 1969 centa
355 1941 404 1968 ac
438 1929 854 1982 sexaginta.mulcte
895 1928 1066 1970 nomine
1111 1927 1374 1969 numeranda
1415 1926 1650 1981 descripsit.

202 1984 311 2026 Huic
344 2000 506 2027 summe
539 1986 630 2028 .IX.
665 1988 824 2028 talenta
855 1986 946 2027 auri
982 1986 1097 2027 doni-
1124 1986 1297 2027 nomine
1341 1984 1512 2039 adiecit,
1556 1998 1652 2027 ean-

196 2043 378 2099 demque
412 2045 566 2086 mulcte
598 2046 784 2100 speciem
817 2044 1044 2087 consimilis
1091 2045 1214 2100 culpe
1244 2043 1328 2086 reis
1373 2044 1468 2099 lege
1499 2057 1652 2098 peren-

197 2102 306 2143 niter
338 2103 557 2156 irrogauit.
619 2103 775 2144 Tocius
811 2118 912 2145 uero
944 2102 1123 2158 pecunie
1146 2106 1312 2158 partem
1337 2103 1425 2156 regi
1457 2102 1652 2157 primam,

198 2160 376 2201 alteram
419 2161 643 2213 militibus,
684 2162 859 2203 terciam
899 2160 1123 2203 interfecto
1166 2160 1375 2215 sanguine
1417 2160 1652 2201 coniunctis

197 2216 487 2261 adiudioauit.'
538 2219 730 2274 Cumque
752 2221 842 2275 ipse
864 2221 906 2261 in
929 2219 1247 2274 presenciarum
1270 2224 1354 2259 tam
1389 2219 1501 2272 regis
1524 2231 1651 2273 quam

197 2277 255 2317 rei
288 2280 430 2330 partes
464 2279 617 2333 exequi
650 2277 885 2344 debuisset,
928 2278 1154 2333 ascriptam
1190 2277 1271 2318 sibi
1303 2276 1552 2332 porcionem
1582 2291 1648 2318 sa-

196 2348 360 2376 crorum
407 2334 647 2402 presidibus
694 2336 926 2403 egenisque
973 2335 1138 2387 diuisit,
1183 2334 1335 2388 deum,
1380 2333 1559 2390 perinde
1599 2347 1650 2375 ac

190 2407 467 2434 communem
500 2394 685 2435 omnium
718 2395 974 2472 principem,
1006 2394 1076 2450 pio
1111 2407 1284 2435 munere
1324 2392 1647 2447 propiciandum

196 2451 458 2493 existimans.
541 2451 643 2506 Egit
694 2449 949 2493 humanum*
994 2451 1201 2504 iudicem,
1247 2465 1366 2492 reum
1408 2450 1643 2504 liberalem,

196 2510 320 2550 uenie
351 2523 499 2563 genus,
532 2509 819 2551 absolucionis
841 2523 960 2565 spem
982 2508 1124 2552 debito
1151 2508 1466 2551 emendacionis
1498 2508 1646 2551 ordine

197 2566 532 2621 complectendo.
606 2566 806 2609 Ceterum
857 2582 907 2610 eo
948 2567 1122 2610 uiuente
1164 2567 1356 2608 militaris
1398 2579 1490 2608 mos
1538 2580 1646 2622 eque

194 2625 401 2667 uiolatore
433 2629 563 2682 atque
598 2625 817 2681 expiatore
850 2626 998 2668 caruit.
1058 2625 1195 2681 Igitur
1226 2624 1325 2666 dum
1348 2624 1407 2666 sic
1430 2623 1647 2667 sediciosis

1705 1359 1733 1384 p.
1751 1352 1803 1377 534

1699 2458 1805 2489 OVHa
