1884 3126
44 908 82 935 10

44 1197 80 1224 15

46 1484 83 1514 20

48 1775 84 1802 25

49 2063 85 2090 30

50 2352 87 2381 35

52 2640 85 2668 Ol·

675 273 726 279 —
786 249 872 293 XV
932 278 985 284 —
1466 256 1547 297 655

111 380 243 431 patre,
276 376 461 418 succurri
492 382 724 432 oporteret,
766 380 1071 434 prouidendum
1102 381 1306 424 hortatus.
1368 383 1547 425 Tantam

114 434 319 489 siquidem
360 434 403 475 in
445 437 557 490 regis
596 436 743 477 funere
787 438 921 479 luctus
960 440 1233 480 acerbitatem
1263 442 1471 494 futuram,
1502 446 1549 483 ut

114 492 330 534 consilium
362 493 496 533 ullum
526 493 691 534 aduerti
721 500 914 549 nequeat.
962 495 1121 538 Eodem
1152 502 1338 552 tempore
1369 499 1549 541 Ioannes

114 549 285 605 quidam
325 550 530 604 religione
572 551 726 604 abbas,
772 552 975 594 medicine
1020 556 1377 609 presumptuosior
1424 570 1549 611 quam

111 607 293 662 pericior
325 608 549 662 professor,
581 610 695 650 cuius
725 611 792 663 opi
815 610 1042 664 plurimum
1071 612 1332 664 credebatur,
1353 627 1375 654 e
1398 612 1548 655 Scania

113 666 338 706 accersitus
370 665 554 707 aduenit.
617 666 710 717 Qui,
742 667 887 708 morbo
920 682 1066 723 parum
1090 670 1316 724 prudenter
1347 671 1546 726 inspecto,

112 723 354 778 sospitatem
377 724 467 778 regi
490 725 750 765 constancius
772 739 897 780 quam
918 726 1057 767 uerius
1088 727 1371 781 promittebat.
1414 728 1547 776 Quem

113 795 207 822 cum
251 780 343 821 cibo
391 781 628 822 medicinali
675 788 764 823 arte
807 783 992 825 confecto
1038 785 1306 825 reficiendum
1352 790 1548 839 curasset,

113 839 270 880 cunctis
312 839 502 880 cubiculo
546 839 709 893 eiectis,
751 841 932 895 quietem
964 855 1112 896 capere
1152 842 1279 883 iubet.
1340 843 1548 897 Eundem,

112 896 237 951 paulo
270 901 364 950 post
395 897 483 937 sine
518 911 616 938 uoce
649 911 736 938 esse
769 903 1055 952 compertum,
1098 904 1143 940 ut
1174 901 1368 941 artuatim
1400 901 1547 942 sudore

113 953 340 996 suffusssum
382 954 567 1004 inuenit,
609 957 847 996 accuracius
891 957 1041 1010 operiri
1082 958 1290 1012 precepit,
1332 959 1460 999 letum
1503 959 1545 999 id

113 1012 312 1067 profluuii
360 1026 493 1066 genus
540 1026 587 1053 ac
633 1013 816 1054 salutare
863 1018 1051 1055 testatus.
1121 1014 1294 1055 Vtinam
1337 1015 1548 1057 Sunonem

112 1071 255 1124 pocius
279 1071 428 1111 mentis
450 1071 686 1124 augurium,
720 1084 845 1124 quam
868 1071 1074 1112 medicum
1097 1073 1196 1113 artis
1218 1087 1289 1114 sue
1312 1074 1549 1128 presagium

113 1127 357 1169 fefellisset!
418 1127 545 1169 Cuius
576 1129 823 1181 promissum
856 1129 966 1182 regis
997 1129 1132 1170 obitus
1160 1130 1378 1172 insecutus,
1411 1128 1544 1186 quaml

112 1199 261 1241 parum
303 1186 401 1226 fidei
444 1186 486 1226 in
518 1186 772 1227 medicorum
804 1185 964 1241 ope[re]
1006 1188 1149 1241 reponi
1181 1194 1394 1242 oporteat,
1427 1189 1548 1229 docu-

117 1250 255 1284 mento
300 1244 452 1284 extitit.
526 1244 707 1298 Ingressi
749 1258 870 1285 mane
909 1245 1141 1285 cubiculum
1183 1246 1323 1297 amici,
1366 1246 1549 1287 defuncti

115 1301 226 1355 regis
257 1315 640 1356 corpusperquam
674 1302 807 1342 simile
840 1303 1014 1356 spiranti
1057 1303 1293 1358 reperiunt,
1326 1303 1431 1344 adeo
1464 1305 1547 1357 pri-

115 1360 269 1400 stinum
302 1359 493 1400 habitum
526 1360 731 1400 retinente
763 1362 898 1412 uultu,
932 1365 978 1400 ut
1008 1374 1084 1401 nec
1123 1362 1259 1414 rigore
1291 1366 1546 1401 contractum

115 1430 193 1457 nec
233 1416 405 1458 horrore
447 1421 654 1458 mutatum
696 1431 906 1469 cerneres,
939 1418 1178 1458 rubicundis
1215 1419 1295 1459 oris
1326 1419 1431 1459 notis
1461 1419 1548 1459 uiui

115 1474 292 1515 hominis
324 1476 503 1530 speciem
537 1479 833 1530 aspectumque
865 1475 1147 1516 reddentibus.
1182 1475 1196 1528 ΙΙ
1230 1475 1462 1521 Incertum,
1495 1490 1548 1516 an

117 1531 378 1586 decessisset,
421 1533 586 1588 pristini
629 1533 775 1574 caloris
815 1532 1004 1585 habitus,
1045 1534 1140 1574 totis
1178 1533 1313 1574 adhuc
1353 1534 1548 1574 membris

116 1594 316 1641 retentus,
347 1591 590 1646 relinquere·
617 1591 853 1632 uidebatur.
891 1590 998 1631 ‘Sero
1029 1591 1196 1631 tandem
1228 1591 1385 1645 pallore
1408 1592 1549 1632 mortis

116 1647 242 1688 fidem
273 1648 466 1701 faciente,
501 1649 724 1689 mandatur
764 1649 917 1689 feretro
958 1662 1126 1702 corpus,
1158 1648 1549 1703 Ryngstadiumque

117 1705 338 1747 funerandi
389 1706 531 1761 gracia
577 1706 869 1748 deuehendum
914 1712 1092 1747 curatur.
1173 1706 1255 1746 Hic
1304 1707 1418 1747 uicus
1467 1720 1549 1747 non

116 1767 326 1805 uetustate
351 1764 491 1816 modo,
513 1764 584 1805 sed
607 1765 739 1805 eciam
760 1769 933 1819 paterne
956 1765 1040 1804 eius
1071 1764 1281 1818 sepulture
1302 1764 1424 1804 titulo
1456 1778 1550 1804 con-

118 1821 285 1876 spicuus
337 1822 585 1864 habebatur.
658 1822 845 1863 Accessit
895 1822 1024 1862 luctui
1075 1827 1253 1862 matrum
1304 1821 1550 1862 miserabilis

118 1879 323 1933 planctus,
356 1881 508 1935 sparsis
540 1881 665 1921 comis
707 1879 843 1921 funeri
874 1880 1203 1930 occurrentium,
1247 1879 1476 1933 iterumque
1507 1893 1549 1920 se

118 1937 342 1991 pristinum
372 1939 585 1979 seruitutis
617 1952 718 1979 onus
750 1942 997 1992 experturas
1029 1936 1280 1989 dicencium3
1320 1937 1551 1977 extinctum

118 1994 262 2045 illum,
305 1996 375 2050 qui
414 1996 567 2037 ciuium
609 1995 814 2050 capitibus
854 1994 1140 2050 captiuitatem
1186 1994 1436 2043 detraxerit,
1481 1994 1551 2048 qui

118 2053 296 2106 patriam
328 2059 577 2108 pyratarum
610 2059 723 2094 metu
754 2052 1046 2102 uacuefecerit,
1080 2051 1385 2105 maritimasque
1417 2051 1549 2103 sedes,

118 2110 291 2163 perinde
323 2125 371 2152 ac
402 2111 664 2163 domesticas,
695 2125 718 2151 a
741 2111 971 2165 predonum
993 2111 1289 2165 incursu-tutas
1310 2108 1548 2164 prestiterit.

119 2166 321 2222 Agrestes
352 2182 540 2225 quoque,
573 2169 738 2210 funebri
778 2169 905 2223 ipsius
937 2182 1088 2222 pompa
1119 2171 1361 2221 conspecta,
1398 2166 1549 2206 rustico

120 2238 260 2279 opere,
294 2240 374 2281 quo
408 2228 598 2282 occupati
629 2230 761 2278 erant,
794 2227 958 2278 relicto,
993 2224 1278 2265 consentaneis
1308 2238 1410 2264 arua
1452 2237 1549 2277 que-

120 2283 216 2324 relis
254 2285 487 2339 replebant.
552 2283 628 2325 Cui
670 2284 802 2325 eciam
838 2289 884 2324 ut
926 2282 1108 2336 supremi
1148 2281 1274 2322 officii
1304 2281 1428 2321 decus
1458 2294 1550 2335 pre-

117 2344 303 2389 starent,
347 2342 514 2384 funebri
560 2342 648 2383 eius
693 2342 799 2382 lecto
847 2341 1042 2381 humeros
1087 2339 1288 2380 subiicere
1330 2338 1549 2379 iocundum

119 2398 351 2450 ducebant,
395 2414 587 2442 euersam
632 2400 741 2453 regis
787 2403 918 2439 morte
964 2397 1143 2452 patriam
1190 2396 1428 2449 miserisque
1473 2395 1550 2436 sibi

120 2470 338 2498 commune
370 2457 517 2510 funus,
561 2462 633 2498 aut
665 2456 799 2511 siquid
831 2455 976 2496 funere
1018 2454 1173 2495 tristius
1213 2458 1293 2503 est,
1335 2453 1550 2493 imminere

119 2514 380 2568 plangentes.
425 2516 509 2556 Pro
543 2515 658 2556 cuius
689 2514 837 2568 spiritu
859 2514 1057 2553 salutaria
1078 2511 1264 2552 Absalon
1295 2515 1391 2551 uota
1412 2514 1550 2563 gestu-

119 2586 201 2622 rus,
233 2572 340 2614 inter
370 2574 604 2615 solennium
637 2572 860 2612 uerborum
897 2569 1251 2624 nuncupacionem
1291 2567 1445 2608 doloris
1475 2566 1551 2606 im-

118 2634 288 2686 potens,
329 2645 411 2671 non
451 2629 702 2686 temperauit
744 2628 842 2682 sibi,
883 2642 963 2682 quo
1008 2627 1141 2667 minus
1180 2639 1294 2666 aram
1326 2623 1551 2680 lachrymis

1582 964 1735 992 cxculb

1602 1204 1629 1228 p.
1650 1195 1699 1222 957

1602 1481 1693 1517 (373)
