1884 3126
747 234 1012 274 -V-
1530 241 1607 280 139

162 363 477 419 experienciam
510 362 725 429 accepisti
776 362 929 406 Preter
961 378 1011 406 ea
1041 363 1154 419 apud
1187 365 1392 407 Getarum
1422 366 1609 422 pocionis

160 436 262 464 usus
302 421 429 477 epulo
473 421 708 478 permixtus
753 434 845 463 esse
877 421 1012 476 solet;
1059 423 1195 478 liquor
1226 424 1319 466 cibo
1352 424 1608 467 coniunctim

156 494 287 536 super
318 479 488 522 additus
521 479 880 522 comessabundos
911 479 1044 522 iuuat.
1107 481 1267 523 Contra
1297 481 1483 525 Frotho:
1525 483 1607 524 Im-

155 538 459 595 pudenciorem
491 543 616 594 potus
647 543 721 579 aut
753 538 867 593 epuli
898 539 1127 594 petitorem
1157 539 1262 582 *non
1295 542 1471 596 repperi.
1497 542 1514 591 ΙΙ
1535 541 1602 582 Ad

107 608 124 635 5
157 598 237 640 hec
259 597 431 639 Ericus:
462 597 596 638 Pauci
628 596 808 638 tacentis
841 601 1075 652 egestatem
1106 598 1316 650 estimant,
1349 604 1423 640 aut
1444 599 1603 641 silentis

156 655 511 697 necessitudinem
532 655 786 697 meciuntur.
829 655 939 696 Tum
971 669 1092 697 soror
1123 658 1235 711 regis
1266 657 1426 711 ingenti
1458 663 1607 713 patera

154 715 378 770 pocionem
424 713 616 770 proferre
662 714 791 756 iussa.
869 713 998 756 Cuius
1040 713 1191 756 Ericus
1244 715 1464 757 dexteram
1512 730 1605 757 cum

155 772 301 815 oblato
335 772 459 814 simul
502 776 667 814 cratere
709 771 961 827 corripiens,
1003 772 1071 814 An
1111 772 1218 828 hoc,
1259 773 1417 828 inquit,
1458 788 1604 828 regum

157 831 328 887 optime,
360 845 513 873 munus
535 836 609 872 tua
631 829 755 872 michi
778 830 997 886 delegauit
1020 830 1290 873 humanitas?
1332 830 1444 872 Num
1466 832 1605 886 michi,

90 901 125 927 10
155 889 270 945 quod
318 893 466 942 teneo,
508 888 797 931 irreuocabilis
831 888 929 931 doni
958 889 1053 931 loco
1086 904 1302 932 cessurum
1335 903 1426 932 esse
1458 890 1606 932 confir-

155 947 279 990 mas?
338 947 458 999 Rex,
503 954 694 1003 pateram
735 950 901 988 tantum
934 948 1140 1003 postulari
1171 953 1312 1001 ratus,
1356 949 1606 1004 pronunciat

157 1003 344 1062 dolnum.
386 1006 445 1047 At
467 1005 618 1048 Ericus
642 1006 849 1061 uirginem
883 1005 962 1047 sibi
994 1006 1129 1047 ueluti
1162 1020 1255 1048 cum
1286 1011 1434 1061 patera
1465 1006 1605 1048 datam

156 1064 354 1121 applicat.
419 1064 514 1112 Quo
558 1065 651 1107 uiso
693 1078 798 1118 rex,
846 1063 1055 1116 Fatuum,
1095 1064 1251 1120 inquit,
1293 1078 1422 1120 opera
1452 1064 1605 1120 prodit.

156 1121 288 1179 Apud
327 1137 403 1164 nos
444 1122 604 1165 intacta
647 1122 859 1178 uirginum
899 1123 1072 1164 libertas
1114 1123 1261 1165 haberi
1302 1122 1425 1166 solet.
1487 1122 1607 1164 Tunc

91 1193 123 1221 15
154 1181 326 1234 Ericus,
359 1182 500 1236 puelle
531 1195 702 1223 manum
734 1181 908 1237 perinde
940 1195 989 1223 ac
1021 1181 1163 1236 poculi
1195 1181 1366 1224 nomine
1396 1180 1606 1231 traditam,

155 1240 268 1282 ferro
301 1239 573 1282 desecturum
603 1253 650 1281 se
681 1239 896 1305 simulans,
926 1238 1008 1294 [et]
1044 1238 1103 1293 si,
1134 1239 1283 1295 inquit,
1316 1240 1450 1295 plura,
1480 1253 1606 1295 quam

156 1298 336 1351 dederis,
370 1298 567 1354 ceperim,
599 1302 673 1339 aut
705 1298 738 1340 si
772 1302 908 1339 totum
941 1302 1102 1340 temere
1134 1302 1273 1346 teneo,
1306 1298 1456 1341 saltem
1489 1302 1607 1353 parte

155 1357 282 1413 potiri
328 1356 465 1399 liceat.
537 1356 656 1423 Rex,
704 1356 900 1423 promissi
946 1370 1088 1398 errore
1135 1356 1376 1411 recognito,
1423 1356 1607 1411 puellam

157 1415 351 1466 tradidit,
396 1415 541 1457 nolens
583 1415 744 1456 incurie
787 1415 945 1456 uicium
990 1415 1167 1457 leuitate
1212 1414 1478 1480 rescindere,
1523 1429 1606 1471 quo

86 1489 124 1515 20
154 1474 326 1530 grauior
366 1473 606 1529 pollicentis
650 1472 868 1515 uideretur
898 1473 1153 1527 auctoritas3
1195 1487 1435 1529 quanquam
1468 1472 1606 1514 inania

155 1537 280 1589 pacta
325 1546 526 1575 reuocare
582 1531 816 1586 maturitati
848 1532 1018 1587 pocius,
1062 1546 1187 1588 quam
1219 1531 1504 1573 inconstancie
1537 1531 1606 1573 de-

155 1594 345 1648 putetur.

293 1648 459 1692 Deinde
489 1648 609 1690 illum
640 1648 694 1690 ad
725 1662 872 1702 naues,
905 1653 1081 1704 accepta
1101 1647 1344 1690 reuertendi
1366 1648 1605 1703 sponsione,

156 1707 340 1760 dimittit,
373 1712 583 1763 tempore,
616 1707 729 1763 quod
763 1721 907 1763 pugne
940 1707 1188 1759 debebatm,
1221 1706 1420 1748 instante.
1457 1706 1605 1749 Ericus

86 1779 124 1805 ‘25
154 1781 250 1808 cum
281 1765 367 1808 suis
401 1769 634 1808 crustatum
665 1766 801 1821 glacie
833 1779 967 1820 equor
998 1779 1250 1821 aggressus,
1292 1764 1501 1806 lubricum
1545 1764 1605 1805 in-

157 1824 439 1880 stabilemque
468 1822 607 1879 gradu
640 1823 803 1866 hostem
836 1823 1047 1866 solearum
1095 1823 1219 1865 nixus
1260 1822 1457 1864 firmitate
1508 1836 1604 1878 pro-

156 1882 319 1925 strauit.
382 1882 602 1924 Statuerat
634 1883 745 1924 enim
778 1881 967 1934 Frotho,
1013 1882 1163 1938 nequis
1194 1880 1400 1923 inclinatis
1445 1884 1517 1922 aut
1547 1881 1604 1921 la-

157 1941 405 1983 borantibus
452 1940 611 1982 auxilio
665 1940 790 1983 foret.
851 1939 1021 1983 Deinde
1067 1940 1202 1982 uictor
1247 1939 1401 1994 repetit
1444 1953 1602 1994 regem.

156 1999 292 2055 Igitur
326 1998 527 2052 Gomara,
560 2003 810 2054 consumpte
839 1998 1066 2040 infeliciter
1097 1997 1256 2040 sobolis
1288 1996 1422 2039 exicio
1455 2001 1603 2051 mesta,

85 2074 124 2102 30
153 2058 363 2113 simulque
396 2071 487 2099 eam
522 2056 666 2099 ulcisci
701 2056 854 2109 auida,
894 2056 1167 2111 pronunciat,
1176 2055 1402 2097 'aduersus
1433 2055 1601 2097 Ericum

155 2114 388 2158 altercandi
420 2114 654 2157 collibitum
697 2115 779 2157 sibi
822 2114 914 2156 fore
947 2120 1187 2181 certamen,
1229 2114 1289 2155 ita
1320 2118 1367 2154 ut
1397 2114 1487 2169 ipsa
1519 2117 1602 2154 tor-

157 2188 282 2230 quem
314 2173 456 2227 magni
487 2163 710 2228 ponderis,
750 2173 821 2215 ille
853 2173 984 2214 uitam
1016 2173 1058 2214 in
1089 2173 1269 2228 pignore
1299 2174 1498 2226 poneret,
1530 2174 1603 2212 aut

154 2246 305 2274 aurum
338 2230 573 2284 uincendo,
613 2236 688 2273 aut
730 2231 862 2273 letum
894 2229 1222 2275 succumbendo
1239 2229 1416 2271 laturus.
1480 2228 1601 2270 Com·

155 2290 367 2345 probante
398 2293 611 2332 certamen
634 2289 775 2355 Erico,
807 2303 938 2345 penes
970 2289 1216 2331 Gunuaram
1247 2287 1399 2343 pignus
1430 2285 1601 2342 deponi-

87 2362 122 2390 35
154 2351 234 2391 tur.
294 2348 434 2404 Igitur
464 2347 655 2390 Gotuara
685 2347 801 2403 prior
833 2347 892 2390 sic
924 2361 1043 2389 orsa:

215 2449 397 2500 Quando
432 2454 547 2491 tuam
578 2449 699 2491 limas
731 2449 917 2492 admissa
948 2453 1041 2491 cote
1072 2448 1311 2506 bipennem,

328 2507 482 2550 Nonne
514 2507 610 2550 terit
641 2508 842 2551 tremulas
876 2508 1058 2550 mentula
1093 2522 1245 2565 quassa
1277 2507 1426 2548 nates?

1666 547 1776 576 xmlb

1674 581 1743 616 (78)

1662 1033 1688 1057 p.
1710 1024 1762 1050 210
