1884 3126
141 894 177 922 10

141 1185 177 1212 15

137 1475 174 1502 20

139 2057 175 2084 30

139 2349 176 2376 35

798 248 851 255 ..
912 224 957 266 X
1016 248 1069 254 -.
1550 223 1657 265 ·347

209 355 473 411 negligencie
519 368 705 396 errorem
748 353 857 396 tueri
901 357 1067 410 posset,
1118 368 1259 410 nequa
1304 353 1498 408 religioni
1542 353 1658 396 fraus

210 415 356 467 fieret,
384 412 672 480 penitenciam
714 413 848 468 magis
879 418 1177 467 representare
1209 413 1385 464 curauit,
1418 427 1658 494 penamque

211 472 489 514 correccionis
521 486 597 513 sue
628 470 776 524 fidem,
814 485 942 527 quam
979 470 1272 525 impunitatem
1314 470 1458 514 delicti
1491 468 1658 525 telstem

211 545 303 572 csse
352 530 512 571 maluit.
573 529 641 571 Ita
679 504 910 588 prudencia
950 542 999 569 ac
1031 529 1266 570 deuocione
1310 529 1657 572 instiuctissimus

209 588 379 644 propior
410 588 579 644 publice
610 588 803 643 religioni
849 601 974 653 quain
1005 587 1174 642 priuato
1206 587 1343 629 reatui
1374 587 1467 629 fuit.
1529 587 1660 630 Cuius

211 647 313 688 facti
357 646 767 701 circunspectissima
808 645 1034 688 sanctitate
1066 650 1256 687 eternam
1289 646 1539 700 cognomine
1572 661 1658 687 me-

211 705 390 746 moriam
413 704 647 759 usurpauit.
687 704 756 745 Ab
783 703 931 746 eodem
960 717 1129 760 quoquc
1158 704 1413 759 pauperibus
1430 705 1660 760 protecciO,

210 763 381 819 pupillis
405 762 554 816 tutela,
587 763 841 804 sacerdotali
875 761 1010 803 ordini
1033 763 1276 815 ueneracio,
1308 761 1660 805 detrimentorum

209 821 420 863 uiolencia
470 821 677 863 lacessitis
729 819 917 862 subsidia
969 820 1268 875 prebebantur.
1349 820 1554 863 Preterea
1605 836 1658 864 ex

209 879 372 934 gremio
415 880 532 933 eius,
578 879 711 921 ueluti
745 878 926 935 quodam
959 879 1251 921 munificencie
1282 878 1413 933 fonte,
1446 880 1661 936 complura

208 938 290 980 alia
322 939 526 979 uirtutum
560 938 801 993 spectacula
832 941 1130 979 manauerunt.
1193 937 1287 978 Hec
1309 936 1531 989 hactenus,
1562 938 1660 994 quia

208 996 377 1052 publico
402 996 519 1037 cultu
542 1000 787 1038 consecrata
808 996 945 1051 pietas
967 997 1132 1051 priuate
1154 995 1293 1036 laudis
1316 1010 1452 1050 egena
1473 1010 1556 1037 non
1581 1001 1658 1039 est.

345 1053 405 1095 At
422 1053 537 1107 Vlfo,
561 1054 613 1097 ob
635 1055 806 1096 uirtutis
826 1054 1137 1096 emulacionem
1153 1054 1357 1108 grauibus
1379 1054 1420 1095 in
1440 1053 1660 1096 Kanutum

211 1112 315 1154 odiis
354 1112 572 1164 efferatus,
615 1113 714 1168 quia
746 1117 838 1154 tuto
871 1113 1116 1154 inimicicias
1148 1125 1297 1167 gerere
1328 1113 1544 1167 nequibat,
1577 1127 1659 1168 quo

209 1171 469 1212 efficaciores
490 1171 665 1212 insidias
687 1175 895 1226 necteret,
918 1171 1248 1212 instrumentum
1281 1170 1366 1211 doli
1386 1171 1661 1213 simulacione

208 1229 334 1270 officii
375 1228 494 1272 texit.
557 1229 698 1271 Suetis
731 1229 840 1270 enim
882 1229 1049 1271 assidue
1081 1229 1275 1270 Scaniam
1316 1229 1660 1285 irrumpentibus,

207 1287 365 1342 primus
387 1287 438 1328 ad
460 1287 806 1341 constringendos
827 1301 893 1330 eos
911 1287 1119 1343 proficisci
1135 1288 1377 1343 proposcit,
1408 1288 1661 1342 impetratis-

207 1359 288 1401 que
310 1345 430 1401 petiti
449 1346 665 1387 ministerii
687 1346 890 1401 partlbus,
905 1345 1215 1400 Est[e]r1tham
1247 1360 1497 1412 quecunque
1527 1347 1660 1402 impe-

206 1408 372 1457 rasset,
421 1405 577 1459 exequi
630 1404 761 1446 literis
804 1407 837 1447 si
841 1405 1059 1460 *gnatorio
1106 1404 1233 1447 anulo
1275 1405 1492 1471 implessis
1523 1405 1657 1447 iuberi

206 1462 372 1518 petiuit.
456 1462 622 1510 Quibus
674 1464 883 1519 acceptis,
946 1463 1146 1505 continuo
1198 1463 1516 1504 matrimonium
1570 1464 1659 1505 eius

205 1520 424 1576 postulare
464 1534 714 1576 aggressuS,
757 1522 817 1563 rei
848 1522 996 1564 bellice
1036 1520 1280 1563 mandatum
1311 1521 1365 1562 ad
1408 1521 1659 1576 nupciarum

205 1593 353 1635 preces
401 1579 639 1631 transtulit,
683 1579 1034 1635 libidinosumque
1076 1593 1202 1634 quam
1250 1583 1498 1621 strennuum
1543 1580 1660 1634 lega-

207 1637 339 1679 cionis
372 1637 609 1679 ministrum
643 1651 769 1692 agere
801 1639 941 1681 sacius
975 1637 1111 1680 duxit.
1175 1637 1314 1685 Quam
1347 1651 1438 1679 rem
1469 1637 1661 1679 Estritha

207 1708 362 1737 arcano
411 1694 551 1736 fratris
598 1696 775 1750 imperio
825 1700 1152 1738 consentaneam
1204 1701 1317 1749 rata,
1369 1697 1659 1751 perseueranti

158 1767 169 1772 “
208 1766 446 1809 repugnare
507 1767 633 1808 passa
686 1768 772 1795 non
826 1762 903 1797 est.
981 1754 1050 1796 Ita
1099 1755 1259 1796 uersuti
1312 1754 1430 1796 ducis
1482 1754 1658 1803 animus,

207 1812 392 1867 impulsu
436 1812 550 1867 capri
591 1811 676 1853 odii
709 1813 953 1863 instinctus,
993 1818 1195 1867 corrupto
1228 1812 1457 1867 legacionis
1500 1812 1657 1865 officio,

207 1870 352 1925 lingue
384 1869 665 1919 uolubilitate‚
699 1884 782 1925 qua
813 1871 1043 1927 plurimum
1065 1871 1213 1925 ualuit,
1244 1871 1386 1912 fratris
1419 1885 1468 1912 ac
1501 1871 1658 1913 sororis

207 1927 500 1970 credulitatem
521 1927 692 1969 nefariis
709 1929 885 1983 perfidie
902 1930 1062 1984 laqueis
1085 1927 1415 1985 ciricunuentam
1435 1929 1658 1985 oppressit,

207 1985 448 2040 bellumque
479 1986 683 2028 aduersus
699 1986 883 2029 Daniam
904 1987 1134 2042 professus,
1166 1988 1335 2030 structis
1367 1987 1518 2029 callide
1553 1987 1659 2028 dolis

206 2043 408 2085 audacter
448 2043 711 2086 euidenciam
755 2046 937 2101 prebuit.
999 2046 1056 2087 Et
1098 2061 1152 2088 ne
1184 2045 1405 2087 Kanutum
1446 2045 1487 2087 in
1520 2045 1660 2087 Dania

208 2102 394 2143 ultorem
426 2103 703 2158 opperiretur,
737 2103 988 2146 declinande
1019 2103 1204 2145 uindicte
1226 2104 1368 2159 gracia
1399 2105 1441 2145 in
1467 2104 1658 2146 Suetiam

208 2160 284 2201 sibi
325 2174 421 2202 cum
465 2161 644 2216 coniuge
691 2162 995 2204 transeundum
1038 2162 1238 2217 prouidit.
1300 2161 1387 2203 Vbi
1418 2161 1658 2204 inuadende

207 2218 343 2260 Danie
387 2220 656 2274 propositum
695 2220 952 2276 pertinacius
1002 2222 1142 2262 animo
1203 2221 1408 2274 uoluens,
1462 2220 1658 2262 Omundo

209 2276 435 2331 Olauoque
477 2277 638 2319 consilii
671 2279 945 2334 participibus
977 2279 1119 2322 factis,
1163 2279 1283 2321 alteri
1315 2279 1535 2320 maritimis
1568 2279 1657 2320 Sia-

208 2334 394 2376 landiam
439 2335 595 2402 copiis,
641 2336 767 2378 alteri
814 2336 1010 2379 Scaniam
1058 2338 1330 2380 terrestribus
1371 2337 1657 2392 impetendam

196 2393 432 2448 proponit,
476 2393 568 2448 ipse
614 2407 660 2435 se
699 2395 874 2444 classem
918 2410 941 2437 e
980 2395 1126 2438 Suetia
1168 2394 1394 2437 duotmum
1437 2395 1657 2450 promittit.

211 2450 343 2492 Cuius
385 2451 445 2492 rei
491 2451 716 2494 molicione
750 2451 764 2506 Η
797 2452 988 2504 detecta,
1028 2453 1254 2509 Haquinus
1297 2452 1468 2508 quidam
1500 2466 1523 2494 e
1553 2453 1657 2494 uilla

211 2508 419 2575 Stangby,
451 2510 765 2552 amantissimus
783 2511 910 2565 regis,
943 2517 1112 2567 arrepta
1138 2525 1262 2567 quam
1297 2511 1516 2553 celerrime
1539 2511 1657 2552 naui-

213 2567 412 2621 gacione,
444 2566 619 2608 Kanuto
663 2573 817 2610 cuncta
848 2583 901 2610 ex
933 2584 978 2611 se
1012 2569 1300 2623 cognoscendi
1348 2569 1515 2623 copiam
1546 2569 1657 2621 tulit,

143 2637 181 2666 40
214 2637 349 2680 eaque
395 2625 688 2680 humanitate,
740 2630 897 2683 quanta
949 2628 1150 2684 principis
1200 2641 1249 2668 ac
1294 2627 1428 2682 patrie
1484 2627 1658 2670 caritate

1714 478 1812 511 p.516

1707 1417 1820 1446 011112

1714 1938 1739 1964 μ
1764 1927 1813 1956 517

1712 2462 1808 2496 (195)
