1884 3126
370 223 447 264 112
932 245 979 251 -
1041 220 1133 262 IIII
1197 246 1245 253 —-

364 347 477 404 apud
509 349 678 389 ueteres
725 346 992 390 credebatur.
1055 347 1138 389 Sed
1170 361 1309 402 neque
1341 346 1519 389 uictoria
1548 347 1630 389 hoc
1659 361 1803 402 pugne

363 420 519 461 genere
541 409 664 460 parta
684 403 936 447 laudabilior
967 405 1123 456 habita,
1155 406 1268 460 quod
1294 405 1438 460 pocius
1459 404 1655 447 dedecori
1677 419 1801 460 quam

363 464 494 518 glorie
524 460 694 503 iunsscta
726 461 953 505 uideretur.
1012 462 1179 518 Quippe
1210 476 1338 504 unum
1371 477 1396 504 a
1427 462 1593 504 duobus
1623 463 1803 518 opprimi
1822 472 1882 500 xx

362 526 409 562 ut
451 520 605 561 nullius
651 520 838 574 negocii,
886 520 944 563 ita
991 520 1163 562 maximi
1207 521 1372 562 ruboris
1418 521 1510 563 loco
1556 519 1802 563 ducebatur.

363 578 501 619 Tanta
542 581 683 618 autern
717 579 931 620 Athislum
962 578 1119 620 fiducia
1151 584 1339 634 ceperat,
1386 582 1432 619 ut
1475 577 1621 620 ambos
1663 578 1716 619 ad
1758 593 1803 619 se

362 637 521 691 pariter
551 635 842 677 incessendum
875 637 1129 690 hortaretur,
1161 636 1361 691 prefatus,
1394 650 1438 678 se
1470 636 1641 677 tucioris
1663 649 1804 691 pugne

363 698 617 749 potestatem
650 693 878 746 facturum,
919 695 1070 749 quibus
1109 695 1326 750 pugnandi
1360 699 1507 735 uotum
1540 693 1762 735 detrahere
1795 692 1798 749 Ι

361 756 555 807 nequeat.
619 750 755 799 Quam
786 752 1096 806 indulgenciam
1129 751 1241 794 Keto
1274 753 1332 794 ita
1365 755 1584 793 auersatus
1629 756 1713 804 est,
1755 758 1802 792 ut

362 811 477 865 prius
508 823 552 851 se
582 808 682 861 fato,
715 823 840 864 quam
871 824 921 851 ea
952 824 1125 851 usurum
1165 813 1412 861 testaretur,
1454 810 1640 851 oblatam
1671 814 1803 850 certa-

298 880 330 908 10
359 868 480 908 minis
513 866 800 909 condicionem
823 867 838 920 Η
863 868 968 908 uicio
994 867 1070 908 sibi
1093 867 1339 909 uertendam
1364 867 1620 909 existimans.
1666 866 1799 915 Quem

301 1169 330 1196 15

293 1458 329 1485 20

292 2032 328 2059 30

291 2322 327 2349 35

362 925 550 966 Athislus
597 939 767 966 manum
812 939 952 967 secum
1000 925 1189 980 cupidius
1252 930 1542 967 conserentem
1606 925 1800 966 modesto

361 997 505 1038 pugne
545 996 700 1037 genere
741 984 934 1038 excipere
976 985 1171 1038 cupiens,
1218 983 1415 1038 clypeum
1458 983 1547 1024 eius
1593 982 1803 1024 duntaxat

361 1041 511 1082 adacto
543 1041 681 1081 leuius
711 1055 911 1083 mue-rone
956 1040 1262 1094 conuerberat,
1295 1041 1520 1082 animosior
1551 1041 1696 1082 salutis
1729 1053 1804 1081 sue

363 1112 487 1154 quam
520 1098 731 1139 efficacior
763 1098 971 1140 defensor.
1035 1098 1129 1146 Quo
1162 1098 1324 1139 diutule
1356 1104 1506 1153 gesto,
1537 1102 1701 1151 monet,
1742 1099 1804 1139 uti

360 1157 530 1198 fratrem
564 1156 674 1210 cepti
693 1161 927 1198 consortem
951 1155 1208 1210 ad<s>ciscat‚
1239 1170 1319 1198 nec
1340 1157 1475 1197 aliene
1509 1170 1658 1196 manus
1681 1169 1802 1210 opem

362 1228 594 1269 exposcere
638 1214 880 1264 erubescat,
925 1228 1016 1255 611111
1063 1214 1293 1255 solitariam
1323 1214 1386 1255 sui
1420 1219 1595 1255 conatus
1638 1214 1802 1268 experi-

362 1272 522 1313 enciam
543 1273 633 1312 sine
655 1272 811 1313 effectu
834 1285 924 1313 esse
949 1272 1104 1313 uideat.
1142 1271 1362 1313 Abnuenti
1382 1271 1639 1327 parcendum
1662 1275 1802 1325 negat,

360 1330 579 1384 minasque
620 1343 747 1384 opere
788 1335 1056 1384 prosecutus,
1098 1329 1268 1370 summis
1312 1344 1409 1371 eum
1450 1329 1608 1370 uiribus
1649 1334 1801 1370 tentat.

364 1387 399 1427 A
422 1401 505 1441 quo
530 1393 616 1429 tam
638 1387 778 1428 ualido
800 1387 895 1429 ferri
919 1388 1003 1429 ictu
1036 1392 1239 1442 exceptus
1274 1392 1349 1440 est,
1381 1391 1427 1428 ut
1458 1388 1608 1442 ipsum,
1640 1386 1802 1428 diffissa

360 1444 535 1495 casside,
568 1445 690 1500 capiti
723 1445 836 1486 illabi
869 1449 1105 1500 cogeretur.
1149 1444 1242 1492 Quo
1276 1446 1452 1487 uulnere
1475 1445 1661 1486 irritatus
1683 1443 1800 1498 (nam

362 1503 518 1544 multus
543 1517 564 1544 e
595 1503 755 1544 uertice
788 1516 910 1544 cruor
941 1502 1295 1558 profundebatur)
1319 1501 1531 1544 Ketonem
1563 1502 1719 1544 crebris
1753 1515 1800 1543 ac

362 1561 527 1615 uegetis
571 1560 722 1601 ictibus
784 1561 963 1615 petitum
1018 1561 1194 1614 genibus
1242 1561 1414 1601 humum
1461 1565 1605 1615 petere
1653 1560 1801 1614 coegit.

362 1618 487 1666 Quod
520 1618 648 1671 VVigo
694 1618 848 1660 intueri
879 1633 962 1660 non
994 1632 1163 1677 passus,
1207 1619 1376 1674 propior
1419 1619 1585 1673 priuate
1626 1618 1802 1669 caritati,

360 1689 484 1730 quam
516 1676 682 1731 publice
714 1677 1025 1727 consuetudini,
1058 1677 1255 1718 ruborem
1285 1677 1431 1731 pietati
1464 1675 1614 1717 cedere
1652 1675 1801 1729 coegit,

313 1746 324 1761 ν’
358 1735 591 1789 inuasoque
624 1733 788 1775 Athislo
836 1734 1019 1776 fraterne
1065 1734 1385 1777 imbecillitatis·
1409 1737 1624 1789 protector
1674 1746 1799 1790 quam

360 1796 571 1846 spectator
618 1805 708 1833 esse
754 1792 912 1833 maluit.
974 1792 1067 1840 Quo
1113 1793 1224 1834 facto
1271 1792 1364 1847 plus
1411 1791 1626 1846 obprobrii
1675 1805 1799 1846 quam

359 1849 494 1891 laudis
539 1850 772 1901 contraxit,
816 1850 929 1904 quod
971 1851 1011 1891 in
1051 1850 1237 1892 iuuando
1279 1849 1407 1891 fratre
1449 1853 1627 1890 statutas
1669 1849 1798 1891 duelli

359 1907 475 1961 leges
507 1908 716 1960 soluisset,
750 1907 970 1963 eidemque
1002 1908 1144 1950 utilius
1176 1922 1304 1963 quam
1336 1908 1553 1949 honestius
1592 1921 1714 1961 opem
1737 1911 1800 1948 tu-

359 1965 459 2006 lisse
495 1965 721 2006 uideretur.
768 1965 987 2020 Siquidem
1029 1981 1082 2008 ex
1122 1967 1253 2007 altera
1301 1966 1420 2006 lance
1460 1964 1699 2011 dedecoris,
1747 1979 1799 2005 ex

359 2023 492 2064 altera
530 2024 700 2078 pietatis
744 2024 931 2076 partibus
972 2023 1157 2066 indulsit.
1218 2022 1370 2077 Itaque
1403 2023 1642 2078 prompcius
1675 2037 1798 2078 quam

359 2081 587 2134 speciosius
620 2080 774 2121 Athisli
806 2082 928 2123 cedes
959 2082 1012 2122 ab
1044 2081 1142 2136 ipsis
1173 2086 1344 2135 peracta
1375 2080 1643 2122 noscebatur.
1706 2080 1798 2128 Que

359 2152 412 2178 ne
445 2139 573 2192 uulgo
607 2138 712 2179 clam
745 2144 877 2189 esset,
920 2153 1071 2194 corpus
1112 2140 1222 2192 eius,
1265 2139 1449 2180 abscisso
1490 2138 1648 2192 capite,
1692 2151 1798 2192 equo

358 2196 594 2251 impensum
628 2200 748 2237 extra
781 2210 928 2238 nemus
959 2196 1155 2248 ferentes,
1186 2196 1495 2252 propinquioris
1528 2196 1625 2250 pagi
1653 2196 1798 2237 incolis

358 2253 551 2307 tradunt,
596 2253 779 2294 Frowini
810 2255 917 2296 filios
949 2260 1123 2310 paterne
1151 2254 1268 2296 necis
1300 2254 1508 2295 ulcionem
1540 2253 1594 2295 ab
1628 2252 1797 2294 Athislo

359 2311 574 2353 Sueonum
605 2325 706 2365 rege
740 2312 933 2365 exegisse
964 2317 1182 2354 testantes.
1226 2311 1372 2352 Talem
1405 2326 1481 2366 pre
1503 2325 1546 2352 se
1578 2310 1797 2352 uictoriam

359 2368 554 2423 ferentes,
587 2369 728 2424 primis
750 2383 774 2410 a
794 2366 1059 2411 Wermundo
1093 2370 1322 2411 honoribus
1356 2369 1635 2424 excipiuntur,
1668 2368 1798 2409 utilis-

360 2427 510 2468 simum
549 2427 603 2468 ab
644 2428 704 2468 eis
744 2442 855 2482 opus,
894 2427 1054 2469 editum
1100 2427 1336 2478 iudicante,
1384 2427 1624 2481 sublatique
1671 2426 1797 2467 emuli

360 2484 539 2539 gloriam
570 2499 694 2540 quam
727 2486 898 2526 admissi
931 2485 1144 2540 obprobrii
1186 2486 1340 2526 famam
1373 2484 1565 2539 cupidius
1596 2483 1796 2528 intuente,

359 2556 436 2584 nec
476 2543 641 2599 tyranni
682 2556 827 2584 necem
870 2543 964 2589 ullis
1005 2544 1232 2597 ignominie
1274 2543 1464 2599 partibus
1504 2541 1671 2583 affinem
1703 2554 1797 2583 cen-
