1884 3126
269 891 304 918 10

268 1178 304 1205 15

268 1464 305 1491 20

267 1752 305 1779 25

264 2041 301 2068 30

263 2330 299 2357 35

264 2617 300 2643 40

340 241 421 281 614
874 259 927 265 -——
986 233 1123 275 XIIII
1185 257 1238 261 —

341 366 477 408 trauit.
538 364 655 405 Idem
687 377 779 404 cum
814 361 951 402 adhue
972 361 1162 416 priuatus
1196 361 1339 402 Suetie
1373 360 1521 401 ducem
1548 360 1769 414 Birgerum

340 423 523 478 petisset,
555 419 779 472 sacerdoti,
811 420 929 460 cuius
950 418 1059 459 forte
1084 418 1271 473 hospicio
1300 432 1400 459 usus
1422 417 1572 464 fuerat,
1603 417 1770 470 stolam,

339 481 585 534 precipuum
627 476 790 517 diaconi
831 476 1020 530 insigne,
1064 490 1155 517 cum
1196 476 1303 517 libro
1344 474 1620 517 sacerdotalia
1653 489 1771 516 sacra

340 537 581 578 continente
610 534 720 575 dono
754 533 920 574 dedisse
949 533 1097 575 fertur.

472 592 557 634 Sed
579 606 631 633 ne
653 591 886 646 peregrinis
908 591 1085 632 ulterius
1106 591 1321 641 immorer,
1354 590 1493 631 stilum
1526 589 1577 630 ad
1602 590 1772 645 propria

338 650 525 691 referam.
586 648 738 704 Neque
778 662 844 689 me
885 647 1117 690 domestica
1157 648 1319 689 scelera
1351 662 1426 702 per
1462 646 1571 688 idem
1605 652 1770 702 tempus

338 712 487 748 exorta
548 703 722 760 diulcius
786 705 969 747 externis
1001 706 1191 746 insistere
1241 705 1478 759 paciuntur.
1558 704 1773 760 Siquidem
1827 708 1884 741 1’·8

337 765 519 819 Magnus
550 763 661 804 Erici
694 764 815 814 filius,
846 763 1052 818 presentis
1084 761 1275 804 forsstune
1307 762 1523 817 stipendiis
1558 776 1642 803 non
1673 776 1768 803 con·
1788 764 1884 793 CLX]

338 826 491 872 tentus,
525 835 615 862 oum
651 820 819 861 Kanuto
852 824 894 862 et
927 820 1094 873 Carolo,
1127 820 1279 875 quibus
1310 824 1486 875 paterna
1529 834 1621 860 cum
1654 819 1772 860 Wal-

337 879 508 920 demaro
540 878 828 927 necessitudo,
869 882 1083 919 maternus
1124 882 1266 919 autem
1300 892 1406 919 auus
1439 877 1625 918 Eskillus
1667 882 1771 931 erat,

336 937 511 991 aliisque
544 936 828 991 compluribus
859 936 900 977 in
933 936 1178 977 societatem
1209 935 1408 976 facinoris
1440 935 1597 988 accitis,
1631 935 1770 990 oppri-

337 995 478 1036 mendi
508 1008 585 1048 per
614 993 785 1035 insidias
817 994 927 1047 regis
960 993 1180 1034 consilium
1212 1006 1360 1048 capere
1385 993 1595 1041 sustinuit,
1627 1007 1651 1034 a
1675 1007 1772 1046 quo,

337 1066 446 1106 cum,
463 1049 547 1105 (in)
568 1051 775 1093 Suenonis
797 1051 987 1106 partibus
1009 1049 1242 1103 militando,
1267 1050 1375 1092 bello
1402 1050 1599 1092 Grathico
1624 1055 1771 1104 captus

335 1108 499 1162 fuisset,
530 1122 613 1150 non
647 1109 781 1150 solum
814 1109 977 1163 spiritu,
1010 1108 1083 1149 sed
1116 1108 1248 1148 eciam
1272 1108 1457 1150 amicicie
1491 1112 1531 1149 et
1562 1107 1772 1149 familiari-

338 1167 436 1208 tatis
468 1166 559 1207 iure
586 1169 590 1216 Ι
620 1163 800 1208 donatus
832 1172 959 1221 atque
983 1180 1035 1207 ex
1057 1166 1222 1220 priuata
1244 1165 1415 1207 fortuna
1437 1165 1488 1207 ad
1516 1166 1772 1207 eminentem

337 1224 553 1277 dignitatis
596 1225 731 1264 locum
774 1228 1003 1279 prouectus
1034 1223 1187 1264 fuerat.
1250 1223 1429 1265 Tantam
1461 1223 1634 1265 uictoris
1666 1224 1772 1264 cari-

336 1285 463 1322 tatem
497 1282 704 1336 supplicii,
737 1281 848 1337 quod
879 1285 1111 1332 meruerat,
1141 1281 1235 1322 loco
1268 1285 1470 1336 expertus
1503 1286 1580 1322 est.
1644 1279 1773 1322 Cuius

335 1338 573 1380 insidiarum
608 1343 836 1394 apparatus
858 1339 939 1380 hoc
960 1339 1158 1390 securior,
1190 1351 1273 1393 quo
1305 1339 1587 1380 incredibilior
1618 1338 1774 1381 extitit.

335 1394 485 1451 Neque
526 1396 634 1437 enim
678 1396 801 1438 facile
843 1397 951 1451 regis
996 1396 1180 1437 animum
1217 1396 1356 1437 subire
1398 1401 1590 1451 poterat,
1623 1396 1775 1437 abillo

338 1453 415 1495 sibi
456 1453 622 1495 insidias
665 1455 803 1509 necti,
846 1455 910 1495 cui
950 1454 1162 1509 quondam
1202 1454 1378 1496 salutem
1421 1468 1445 1494 a
1485 1468 1529 1495 se
1572 1454 1774 1495 tributam

335 1512 593 1553 meminerat.
665 1511 771 1553 Cum
813 1526 879 1553 res
921 1511 991 1552 diu
1023 1512 1239 1565 latuisset,
1271 1511 1470 1553 indicium
1501 1511 1621 1562 huius
1660 1511 1775 1552 modi

333 1569 423 1610 fuit.
478 1569 660 1617 Quidam
688 1569 905 1611 Teutones
938 1569 1182 1611 insidiarum
1205 1569 1374 1620 conscii,
1398 1569 1553 1624 Magno
1576 1569 1770 1611 clientele

336 1626 547 1681 obsequiis
580 1627 778 1676 deuincti7
812 1641 906 1668 cum
938 1626 1064 1678 forte,
1096 1627 1368 1680 negociorum
1401 1628 1489 1668 eius
1513 1640 1656 1668 curam
1688 1641 1772 1667 am-

335 1683 604 1725 ministrando
649 1684 888 1726 Holsatiam
934 1689 1234 1740 peragrantes,
1282 1684 1500 1726 cuiusdam
1542 1684 1774 1726 solitariam

340 1742 469 1782 uitam
495 1742 686 1795 degentis
710 1742 899 1798 hospicio
923 1742 1091 1798 excepti
1122 1741 1312 1794 fuissent,
1345 1746 1519 1798 eiusque
1541 1741 1778 1783 cubiculum

338 1814 363 1840 a
395 1813 440 1840 se
475 1799 610 1841 medio
643 1804 805 1841 tantum
839 1801 1001 1855 pariete
1033 1800 1261 1841 discretum
1303 1800 1540 1850 nescirent,
1571 1804 1775 1842 nocturno

336 1856 520 1898 inuicem
571 1871 765 1899 sermone
811 1858 984 1899 effusius
1034 1858 1191 1910 habito,
1229 1858 1503 1899 uehementer
1549 1872 1594 1899 se
1638 1857 1776 1898 mirari

335 1913 495 1967 dixere,
528 1928 609 1969 quo
651 1919 773 1970 pacto
806 1930 883 1957 rex
915 1916 1024 1957 inter
1065 1920 1130 1956 tot
1162 1920 1386 1971 preparata
1417 1915 1495 1956 sibi
1526 1915 1770 1956 insidiarum

337 1977 571 2013 commenta
604 1973 845 2014 mortalium
878 1973 1016 2015 adhuc
1046 1973 1139 2014 luce
1171 1972 1431 2028 fungeretur,
1465 1986 1568 2027 quas
1590 1973 1771 2025 Magnus

332 2042 427 2069 cum
468 2029 618 2071 Karoli
656 2030 751 2071 filiis
793 2031 882 2072 eius
925 2031 1051 2086 capiti
1084 2030 1342 2071 clandestino
1386 2030 1558 2072 consilio
1600 2030 1770 2071 molitus

334 2085 474 2128 fuerit.
536 2087 627 2128 Has
669 2102 768 2130 uero
813 2102 986 2141 omnes,
1018 2088 1242 2130 aduersum
1287 2089 1460 2130 inscium
1493 2088 1767 2143 excogitatas,

333 2158 418 2185 non
450 2143 632 2185 fortuitis
664 2145 847 2187 humane
879 2146 1136 2188 condicionis
1160 2147 1343 2199 casibus,
1375 2146 1448 2188 sed
1479 2145 1766 2187 constantibus

334 2201 475 2243 diuine
525 2203 805 2257 proteccionis
857 2204 1051 2245 subsidiis
1105 2217 1195 2245 esse
1245 2203 1467 2258 dispulsas.
1549 2203 1768 2258 Siquidem

333 2258 560 2313 Magnum,
591 2261 734 2315 gladio
777 2261 986 2302 duntaxat
1016 2261 1338 2316 uenabuloque,
1371 2274 1454 2316 quo
1486 2261 1614 2315 tigres
1647 2275 1771 2302 occu·

331 2316 458 2371 pandi
480 2318 826 2373 consuetudinem
848 2319 1042 2371 habebat,
1075 2323 1281 2368 utentem,
1303 2320 1486 2373 petituro
1506 2318 1765 2360 Sialandiam

332 2375 419 2427 regi
453 2375 676 2416 comitandi
708 2376 958 2431 obsequium
989 2376 1042 2419 ad
1073 2375 1291 2418 cuiusdam
1323 2390 1457 2431 usque
1488 2375 1587 2417 uadi
1618 2376 1767 2417 transi-

332 2437 421 2473 tum
440 2432 695 2486 exhibuisse,
718 2434 858 2490 ibique
882 2434 1052 2485 Kanuti‚
1085 2435 1156 2490 qui
1179 2434 1267 2489 pari
1291 2439 1504 2475 armatura
1535 2434 1765 2475 instructus

333 2490 452 2542 (nam
467 2491 507 2531 id
525 2505 662 2545 genus
684 2491 724 2532 in
744 2494 985 2534 uenacionis
1010 2492 1291 2534 sectatoribus
1309 2496 1551 2547 suspectum
1571 2505 1661 2533 esse
1683 2505 1769 2532 non

332 2547 518 2602 poterat)
554 2563 645 2590 cum
677 2550 904 2591 coniuratis
937 2550 1088 2592 eodem
1118 2553 1309 2604 tempore
1334 2549 1610 2603 superuenire
1643 2548 1769 2589 debe-

332 2605 415 2659 bat⁷
449 2620 625 2649 occursu
657 2606 908 2661 fraudatum,
941 2607 1184 2665 facinusque
1217 2607 1304 2649 sine
1340 2607 1542 2662 complice
1587 2606 1768 2661 experiri
