1884 3126
208 929 243 956 10

207 1217 240 1245 15

200 1505 238 1533 20

201 1793 239 1821 25

199 2084 237 2112 30

200 2369 236 2396 35

199 2661 235 2692 40

281 279 364 320 630
815 294 868 299 —
927 267 1066 309 XIIII
1128 291 1178 295 —

280 402 332 444 ad
364 397 602 456 appellandi
633 395 816 436 officium
846 393 1067 449 procurrit,
1100 406 1282 448 eumque
1312 391 1507 447 precibus
1541 392 1716 435 obsecu-

279 463 396 501 turus
417 458 650 512 putaretur,
680 451 987 493 ualidissimum
1007 450 1313 505 repugnaeioni
1333 464 1411 492 sue
1432 454 1717 493 tutamentum

279 515 442 558 adiecit.
502 511 731 566 Rapuisset
763 510 868 551 alius
892 508 1033 550 oblate
1054 508 1271 563 dignitatis
1302 508 1567 558 beneficium,
1595 508 1601 562 Ι
1630 510 1717 551 aui-

278 573 415 627 deque
446 583 490 611 se
511 569 619 610 tanti
640 566 871 609 sacerdocii
893 566 1175 607 tribunalibus
1195 566 1455 621 ingessisset.
1503 565 1718 619 Nicolaus,

276 627 569 672 Roskildensis
589 625 705 668 chori
727 625 877 678 senior,
900 638 1028 679 super
1043 623 1232 679 irrogata
1253 623 1486 678 antistiti[s]
1511 624 1718 667 uiolencia

277 700 420 741 parem
451 683 752 740 appellacionis
784 695 935 724 uocem
968 681 1095 724 edere
1118 686 1340 723 cunctatus
1371 695 1456 723 non
1489 686 1564 724 est.
1607 682 1718 724 Tum

275 743 463 786 Eskillus
495 741 708 796 aliquanto
741 740 1007 792 concussior,
1049 739 1280 782 certissime
1311 753 1356 781 se
1387 739 1717 795 suffragatorum

274 801 466 857 partibus
499 799 729 840 affuturum
761 797 940 847 dicebat,
970 811 1195 839 sensurum
1228 797 1512 850 Absalonem,
1556 812 1632 840 sua
1663 813 1717 841 an

276 859 387 900 illius
418 860 521 899 uota
551 857 647 912 plus
679 856 881 897 momenti
901 855 1040 898 Rome
1074 855 1157 897 sint
1187 855 1397 898 habitura.
1449 855 1561 897 Hinc
1592 857 1716 899 misse

272 915 458 958 studium
492 914 628 957 datur.
691 913 785 962 Qua
814 913 1126 968 percelebrata,
1158 913 1501 956 benediccionem
1531 914 1716 957 Eskillus

273 973 502 1015 Absalonis
522 971 754 1014 ministerio
776 972 958 1026 prestari
988 971 1191 1026 precepit,
1213 972 1294 1013 hac
1316 972 1597 1027 usurpacione
1619 986 1717 1015 eum

274 1031 500 1073 eleccionis
542 1042 806 1072 assensorem
848 1028 1015 1071 efficere
1055 1029 1302 1083 gestiendo,
1333 1043 1401 1082 se,
1440 1030 1523 1071 iam
1554 1032 1717 1073 cunctis

272 1089 542 1145 pontificatus
564 1088 755 1144 partibus
778 1086 1036 1141 defunctum,
1059 1087 1157 1128 huic
1177 1088 1409 1130 ministerio
1433 1089 1717 1143 congruencia

273 1146 452 1201 amplius
493 1145 646 1201 exequi
685 1159 771 1187 non
813 1148 1009 1200 oportere
1049 1144 1250 1201 prefatus.
1327 1145 1464 1194 Quem
1511 1146 1715 1199 Absalon,

270 1204 439 1246 tametsi
469 1203 726 1259 pontificalia
748 1202 1008 1259 deposuerit,
1038 1203 1273 1258 legacionis
1294 1206 1436 1245 tamen
1465 1203 1556 1246 iure
1589 1204 1716 1246 bene-

272 1261 438 1304 dicendi
469 1261 782 1317 prerogatiuam
812 1262 997 1303 retinere
1029 1260 1219 1316 dicebat,
1251 1274 1388 1317 neque
1420 1261 1474 1303 ad
1504 1261 1715 1304 inferioris

270 1319 466 1375 potencie
499 1320 613 1361 uiros
637 1319 822 1360 debitum
854 1319 1023 1374 fastigio
1046 1333 1123 1361 suo
1145 1334 1299 1361 munus
1330 1320 1520 1375 relegare
1543 1319 1713 1363 debere.

270 1377 335 1420 Ea
375 1377 605 1419 Absalonis
645 1375 914 1432 uerecunjjdia
952 1390 1096 1419 senem
1144 1377 1235 1419 uoti
1284 1377 1483 1433 cupidum
1522 1378 1715 1433 neglecte

271 1434 488 1490 dignitatis
519 1450 594 1477 sue
626 1435 867 1477 meminisse
899 1435 1052 1490 coegit.
1096 1434 1195 1476 Alio
1219 1449 1387 1491 quoque
1407 1435 1716 1478 moderacionis

269 1506 425 1548 genere
455 1493 783 1549 repugnacionis
805 1493 895 1535 eius
926 1493 1429 1548 perseueranciam·idem
1454 1493 1716 1536 labefactare

270 1551 463 1593 tentauit.
515 1550 734 1607 Siquidem
754 1551 796 1592 in
819 1551 1059 1593 cubiculum
1090 1550 1358 1601 deuocatum‚
1391 1565 1489 1593 cum
1518 1552 1715 1606 precibus

269 1610 515 1664 perflectere
545 1623 628 1652 non
658 1612 817 1663 posset,
849 1609 1028 1663 genibus
1058 1609 1185 1651 nixus
1216 1609 1351 1665 plenis
1389 1610 1714 1665 supplicacionis

269 1667 497 1723 lachrymis
528 1666 704 1722 aggredi
736 1672 913 1709 conatus
945 1672 1023 1709 est.
1085 1667 1290 1709 Profectu
1321 1681 1506 1721 uacuus,
1538 1668 1715 1710 tercium

268 1724 517 1767 irritamenti
548 1724 735 1778 modum,
767 1739 849 1780 quo
880 1725 1004 1767 electi
1025 1729 1211 1767 mentem
1232 1725 1284 1767 ad
1308 1739 1427 1767 suam
1458 1726 1714 1768 sentenciam

269 1781 524 1838 adduceret,
558 1782 846 1838 excogitauit,
878 1783 1085 1824 incertum
1115 1783 1381 1839 relinquens,
1410 1784 1546 1826 maior
1572 1784 1614 1826 in
1646 1798 1714 1826 co-

268 1844 407 1896 gente,
438 1854 492 1882 an
523 1841 748 1883 resistente
770 1841 1097 1896 perseuerancie
1132 1845 1308 1882 conatus
1331 1841 1530 1884 extiterit.
1577 1841 1714 1898 Siqui-

269 1897 367 1940 dem
399 1900 561 1953 equites
582 1913 696 1949 suos,
727 1912 903 1941 numero
937 1902 979 1940 et
1002 1898 1281 1954 amplitudine
1306 1899 1506 1955 insignes,
1537 1899 1591 1941 ad
1616 1914 1711 1942 eum

268 1954 436 2009 direxit,
469 1957 640 1998 militari
670 1956 753 1998 fide
786 1971 832 1998 se
866 1958 954 1998 eius
978 1957 1170 2011 partibus
1193 1957 1468 2011 obligaturos.
1519 1957 1712 2006 Quorum

267 2013 459 2056 Absalon
504 2014 756 2056 famulatum
801 2015 1044 2070 repudians,
1093 2029 1138 2057 se
1183 2028 1358 2070 prorsus
1395 2017 1436 2057 in
1480 2014 1711 2058 hono²⁵rem
1732 2023 1815 2052 ChX

266 2086 412 2114 eorum
435 2072 648 2127 obsequiis
673 2072 850 2126 dignum
873 2086 1175 2115 consensurum
1193 2072 1390 2125 negabat.
1426 2073 1521 2122 Qua
1542 2073 1714 2115 demum

269 2130 512 2172 constancia
543 2130 706 2171 euictus
732 2130 936 2182 Eskillus,
968 2145 1023 2173 ne
1054 2130 1344 2185 supellectilis,
1376 2145 1504 2187 quam
1537 2132 1713 2174 ecclesie

267 2188 507 2243 relinquere
538 2188 769 2241 statuisset,
803 2188 1021 2230 obscurior
1054 2189 1271 2243 deposicio
1303 2188 1426 2241 foret,
1458 2189 1638 2231 eundem
1669 2191 1712 2231 in

268 2258 463 2286 arcanam
485 2245 684 2287 uestibuli
705 2250 869 2300 partem
891 2245 1120 2288 abductum
1141 2247 1373 2288 instancius
1403 2247 1566 2289 hortari
1588 2248 1711 2303 cepit,

267 2304 330 2344 uti
361 2303 512 2344 saltem
543 2303 674 2345 oculis
716 2318 811 2345 eam
842 2304 1049 2346 subiicere
1094 2304 1352 2358 dignaretur.
1414 2304 1498 2347 Sed
1531 2309 1574 2346 et
1603 2304 1712 2347 hanc

267 2374 435 2417 quoque
467 2360 779 2403 sollicitacionis
811 2365 974 2417 partem
1006 2362 1275 2416 superiorum
1306 2363 1442 2404 uictor
1483 2363 1586 2404 mire
1617 2376 1711 2405 con-

265 2419 452 2473 tempsit,
484 2432 551 2471 ne,
583 2419 654 2474 qui
684 2419 819 2473 glorie
849 2423 1113 2461 tentamenta
1146 2419 1375 2473 calcasset,
1407 2421 1591 2462 auaricie
1621 2420 1711 2462 irri-

267 2476 465 2518 tamentis
487 2476 795 2519 succumberet.
859 2477 996 2525 Quam
1026 2477 1078 2520 ob
1100 2490 1188 2518 rem
1220 2476 1423 2531 Eskillus,
1455 2479 1517 2519 ira
1539 2478 1709 2520 accendi

267 2533 471 2587 creditus,
521 2535 660 2576 minus
700 2545 750 2599 ‘se
795 2535 1023 2588 bonorum,
1069 2548 1198 2590 quam
1239 2535 1515 2590 cogitauerit,
1559 2536 1708 2591 inquit,

266 2591 393 2632 sacris
425 2594 551 2647 atque
598 2591 834 2650 domesticis
875 2593 1022 2634 usibus
1062 2593 1330 2644 relicturum,
1371 2594 1593 2649 ipsumque
1622 2598 1708 2636 tam

265 2648 416 2691 stolide
443 2648 449 2702 Ι
475 2651 705 2708 pertinaeie
749 2650 1006 2708 quandoque
1053 2650 1209 2693 damna
1254 2665 1489 2694 sensurum.
1566 2651 1708 2695 Aureo

1775 1386 1848 1422 (35
