1884 3126
276 912 310 939 10

355 228 436 305 396
919 278 974 286 -
1031 255 1097 297 XI
1161 278 1209 284 —

352 389 462 439 odio,
493 398 666 440 syncere
700 383 905 424 estiment.
969 382 1128 423 Verum
1162 395 1282 423 sacra
1315 381 1417 434 eius,
1452 379 1652 436 oppidulo
1677 385 1781 436 orta,

351 451 437 487 toto
469 456 573 498 pene
605 446 808 481 terrarum
841 439 941 481 orbe
973 440 1194 490 fulserunt,
1227 439 1447 493 cultusque
1485 439 1637 493 ipsius,
1667 442 1671 486 l
1699 439 1780 495 pri-

350 515 457 542 mum
491 514 515 540 a
547 498 955 551 ciuibus‘exceptuffi
987 497 1189 551 paulatim
1231 497 1272 536 in
1305 510 1523 538 commune
1553 498 1779 551 prorepsit.

350 557 476 599 Cuius
529 559 612 595 tam
662 555 750 595 uite
801 567 924 608 quam
971 554 1265 596 miraculorum
1316 554 1540 606 uirtutem,
1583 554 1779 609 priuatim

348 611 674 655 Otlioniensibus
708 611 1019 664 uenerandam,
1083 611 1220 652 ublica
1253 609 1424 664 e<oi>am
1456 610 1602 665 religio
1636 626 1779 654 conse-

344 670 489 711 crauit.
539 668 622 710 Sed
644 673 685 709 et
709 668 905 709 celestem
938 669 1027 710 eius
1051 625 1281 722 llspiritum
1314 668 1366 708 ad
1401 668 1480 709 hoc
1510 683 1643 724 usque
1675 674 1779 711 tem-

345 741 422 780 pus
452 726 554 766 felix
582 726 798 780 signorum
829 726 999 766 fortuna
1031 725 1314 780 prosequitur.
1388 725 1497 767 Hine
1540 731 1628 779 est,
1666 727 1779 782 quod

345 783 550 831 Kanutus‚
583 782 712 823 diuini
743 783 825 823 iam
858 783 986 823 animi
1018 783 1333 823 immortalitate
1363 784 1536 837 potitus,
1568 789 1615 824 ut
1647 789 1776 826 terre-

343 841 496 884 stribus
527 841 704 894 patriam
748 840 990 894 patrociniis
1029 841 1220 881 attollere
1251 839 1432 894 studuit,
1464 841 1522 882 ita
1554 842 1779 888 celestibus

341 902 566 952 protegere
607 911 690 938 non
733 897 921 950 desistit3
964 897 1147 952 ideoque
1188 899 1386 939 sanctitas
1421 899 1532 947 eius,
1573 899 1705 952 glorie
1738 904 1779 941 et

344 955 598 997 celebritatis
620 954 760 995 fructu
784 955 1115 1008 opulentissima,
1138 954 1406 1009 splendidum
1428 956 1467 996 in
1500 956 1617 998 fastis
1639 958 1778 999 locum

343 1012 518 1053 obtinet.
599 1012 710 1059 Quin
758 1013 891 1052 eciam
937 1012 1142 1053 salutares
1187 1012 1362 1054 effectus
1409 1028 1508 1055 suos
1559 1015 1778 1056 cotidianis

342 1069 618 1110 amministrat
660 1069 820 1110 indiciis
862 1069 1150 1124 maliciamque
1191 1071 1326 1124 patrie
1369 1071 1581 1113 beneficiis
1613 1076 1776 1127 pensat.

341 1125 448 1167 Nam
481 1127 684 1167 uirtutum
726 1127 815 1168 eius
856 1127 1090 1181 insignibus
1133 1128 1268 1168 omnis
1310 1132 1399 1170 etas
1431 1128 1593 1169 Danica
1622 1130 1776 1184 gloria÷

273 1198 310 1225 15
341 1184 460 1225 bitur.
524 1183 696 1225 Talibus
728 1184 1021 1226 illustracionis
1054 1185 1181 1226 radiis
1204 1191 1445 1227 sanctorum
1479 1186 1576 1228 fatis
1609 1187 1776 1230 claritas

342 1245 552 1296 erogatur,
584 1255 676 1283 cum
708 1241 849 1283 celesti
882 1242 1088 1284 beneficio
1122 1243 1311 1285 mortalis
1341 1243 1451 1284 liuor
1484 1245 1723 1299 opponitur.

730 1586 929 1615 EXPLICIT
960 1586 1088 1615 LIBER
1120 1587 1379 1618 VNDECIMVS.

1834 683 1884 714 (22
