1884 3126
107 922 143 949 10

105 1213 144 1241 15

102 1504 139 1532 00

101 1795 138 1822 25

101 2085 138 2112 30

101 2375 137 2403 35

726 273 776 280 -
838 249 956 294 XIII
1017 274 1071 281 —-
1550 250 1633 293 433

179 379 553 433 animaduerteret,
586 379 659 421 sed
695 380 749 421 ob
770 393 911 421 rerum
933 379 1150 433 angustias
1172 379 1290 434 regio
1313 378 1427 435 apud
1449 378 1636 421 Ysoram

177 439 351 481 nomine
377 438 566 492 insigniri
588 438 795 494 nequiret,
829 437 1086 479 Sialandiam
1109 452 1320 490 reueisus,
1354 438 1443 479 eius
1465 437 1636 480 Scanie-

178 512 261 553 que
293 497 504 551 suffragiis
535 501 778 538 recusatum
810 497 927 563 prius
962 497 1167 538 honorem
1201 497 1387 551 accepit,
1438 495 1634 562 omnique

179 555 522 598 dissimulacione
555 555 739 607 reiecta,
790 556 927 596 acrius
957 554 999 596 in
1031 554 1172 596 fratris
1203 555 1415 596 ulcionem
1445 554 1634 609 erigitur.

316 613 422 655 Inde
450 614 592 655 literas
625 613 678 654 ad
712 612 964 655 Lotharium
1009 612 1133 666 facit,
1175 613 1297 654 amici
1338 626 1487 655 necem
1534 612 1635 654 ulci-

177 676 332 725 scatur,
357 676 462 725 orat,
494 671 706 728 parricidii
739 687 764 713 a
787 671 943 727 Magno
978 685 1108 727 penas
1140 675 1339 726 expetat,
1377 686 1561 727 eumque
1591 672 1634 712 in

177 732 426 772 societatem
458 730 559 772 belli
590 734 678 772 tum
712 730 924 785 precibus,
961 734 1052 771 tum
1084 730 1215 771 eciam
1247 730 1396 785 premii
1429 730 1634 785 paccione

177 790 390 831 sollicitat.
433 788 682 844 Imperator,
714 789 875 830 maiore
907 789 1104 844 pociendi
1129 789 1249 843 regni
1273 803 1398 843 quam
1423 787 1635 845 enigende

176 848 356 889 ulcionis
402 847 632 903 cupiditate
674 847 928 902 perductus,
971 861 1091 888 secus
1126 846 1238 904 Iutie
1281 847 1421 888 menia
1452 846 1632 901 gradum

176 906 372 948 Romano
415 905 537 946 militi
576 906 743 947 struxit.
818 905 988 947 Etenim
1029 905 1237 961 propositi
1270 919 1389 961 spem
1429 920 1512 947 non
1546 910 1633 946 tam

175 965 218 1006 in
258 965 419 1014 uiribus
462 964 547 1006 suis
593 978 720 1019 quam
764 965 805 1005 in
846 964 1013 1005 interno
1061 963 1234 1005 diuidue
1279 964 1466 1018 regionis
1514 968 1632 1006 motu

174 1023 380 1078 reposuit.
444 1021 523 1064 Oui
565 1036 610 1064 se
650 1021 799 1063 Ericus
841 1022 954 1078 apud
998 1022 1238 1064 Slesuicum
1280 1023 1413 1064 classo
1457 1022 1632 1064 obuium

175 1082 308 1123 dedit.
370 1080 430 1122 At
474 1080 655 1135 Magnus
704 1081 924 1137 utriusque
972 1081 1106 1122 hostis
1154 1081 1386 1122 aduentum
1435 1084 1634 1122 accurata

175 1139 275 1181 ualli
309 1139 547 1181 municione
579 1153 843 1194 precurrens,
875 1139 1064 1180 ualidum
1092 1140 1221 1194 portis
1244 1138 1478 1194 presidium
1500 1141 1634 1196 appli-

175 1203 333 1240 cuerat.
378 1197 618 1239 Interiectis
652 1197 813 1250 diebus,
847 1197 1047 1239 Nicolaus
1082 1198 1274 1239 citeriora
1304 1197 1405 1238 ualli
1426 1198 1631 1242 immenso

173 1256 366 1298 Iutorum
400 1257 567 1311 agmine
601 1256 866 1298 circunfudit.
931 1256 1062 1297 Cuius
1095 1261 1212 1298 tante
1246 1255 1378 1310 copie.
1399 1260 1543 1312 erant,
1584 1262 1631 1298 ut

173 1314 405 1369 imperator
446 1315 535 1356 acie
577 1329 751 1356 manum
782 1329 877 1356 cum
912 1328 962 1356 eo
997 1327 1216 1356 conserere
1247 1313 1515 1368 formidaret,
1558 1315 1630 1357 sed

174 1387 315 1428 neque
360 1373 494 1414 classe
526 1373 639 1415 Erici
680 1373 733 1413 ad
777 1373 916 1429 copias
959 1388 1057 1415 suas
1096 1373 1136 1414 in
1181 1373 1327 1414 urbem
1360 1372 1630 1417 traiiciendas

173 1432 235 1472 uti
281 1436 563 1497 presumeret.
628 1430 821 1487 Cumque
868 1445 945 1472 nec
998 1446 1199 1486 aggerem
1250 1445 1505 1497 oppugnare
1550 1446 1630 1475 nec

170 1489 344 1530 militem
379 1489 560 1543 nauigiis
592 1489 793 1531 mandare
824 1494 963 1531 tutum
1006 1489 1206 1544 duceret,
1247 1490 1431 1531 inaniter
1462 1493 1629 1546 tempus

173 1562 198 1589 a
220 1562 265 1589 se
297 1548 377 1590 teri
410 1548 684 1603 conspiciens,
716 1549 832 1603 pacis
865 1547 1134 1590 condiciones
1169 1548 1449 1603 excogitauit,
1476 1550 1627 1606 quibus

172 1606 407 1661 speciosam
431 1606 511 1656 sibi
538 1607 744 1652 solucncle
779 1606 1010 1648 obsidionis
1043 1607 1258 1648 racionem
1291 1605 1626 1661 con<s>cisceret.

172 1663 343 1705 Ericum
376 1665 533 1720 itaqffue
567 1665 632 1705 cui
665 1655 982 1720 integerrimam
1018 1666 1109 1721 opis
1136 1665 1415 1706 stabilitatem
1442 1680 1628 1722 spopon-

173 1723 313 1776 der,at
358 1728 603 1775 auersatus,
645 1728 817 1778 pactum
863 1738 956 1764 cum
989 1722 1171 1765 aduerse
1203 1724 1334 1778 partis
1365 1723 1627 1780 principibus

169 1780 340 1834 habuit,
387 1785 434 1821 ut
482 1781 692 1823 obsidioni
737 1782 827 1837 ipse
870 1786 1086 1836 parceret,
1128 1781 1399 1837 Magnusque
1442 1784 1628 1825 Romani

170 1839 338 1894 imperii
368 1839 543 1881 militem
575 1845 734 1894 ageret.
799 1840 881 1888 Qui
914 1840 1064 1896 cupide
1097 1840 1345 1882 condicione
1379 1855 1495 1894 usus,
1529 1856 1625 1897 sup-

171 1898 270 1953 plex
303 1897 567 1946 Lotharilum
600 1903 832 1939 ueneratus
878 1902 954 1941 ost.
1017 1898 1100 1941 Sed
1131 1898 1306 1940 insidias
1338 1900 1519 1954 parabat
1553 1900 1626 1941 ob-

171 1956 329 2011 sequio.
376 1955 455 1998 Ille
488 1970 542 1998 ex
572 1961 698 2012 pacto
730 1956 874 2012 copias
907 1961 1023 1999 trans
1055 1956 1274 2012 Eydoram
1304 1958 1479 2013 recepit.
1529 1958 1623 2006 Quo

171 2019 368 2069 accepto,
400 2014 550 2056 Ericus
584 2013 782 2056 Cesarcm
824 2016 999 2081 nauigio
1041 2017 1222 2071 petitum
1254 2029 1329 2071 per
1374 2030 1581 2058 summam
1613 2014 1625 2071 Η

169 2072 404 2114 Teutonice
450 2072 624 2127 perfidie
677 2073 997 2116 execracionem
1048 2074 1392 2141 exprobracione·
1438 2075 1623 2117 leuitatis

170 2131 419 2186 insequitur,
442 2130 633 2172 futurum
657 2131 887 2184 affirmans,
919 2136 967 2172 ut
989 2132 1172 2186 Magnus
1195 2133 1270 2173 tali
1293 2146 1337 2174 se
1360 2133 1468 2174 circa
1488 2133 1626 2188 ipsum

169 2187 253 2229 fide
285 2194 474 2242 gereret,
497 2190 685 2244 qualem
717 2203 851 2244 nuper
882 2191 924 2231 in
958 2190 1195 2232 excolenda
1226 2189 1390 2232 Kanuti
1421 2192 1625 2234 societate

169 2247 412 2302 prebuerfflat
455 2246 548 2289 Nec
581 2261 691 2288 uana
715 2249 897 2289 asseroio
921 2249 1076 2291 extitit.
1119 2249 1385 2304 Imperatore
1417 2249 1624 2304 siquidem

171 2304 387 2360 Eydoram
409 2318 616 2357 remenso,
639 2305 857 2359 Adolfum,
891 2311 1107 2349 extremos
1130 2307 1182 2348 ab
1207 2322 1256 2348 eo
1278 2322 1428 2349 curare
1449 2308 1623 2359 iussum,

169 2362 354 2417 Magnus
385 2376 462 2418 per
492 2363 664 2405 insidias
696 2364 893 2417 adortus,
935 2379 1020 2406 non
1053 2365 1190 2407 solum
1228 2366 1356 2421 copiis
1396 2363 1621 2422 spoliauit,{

171 2421 243 2462 sed
296 2422 431 2462 eciam
482 2435 599 2463 arma
649 2421 895 2463 deformiter
945 2423 1230 2465 abiectantem
1283 2423 1423 2465 nando
1475 2423 1622 2478 fugam

171 2492 392 2534 capessere
442 2479 603 2534 coegit·
651 2480 825 2532 Ericus,
872 2481 1140 2535 imperatoris
1190 2496 1271 2536 ope
1318 2481 1532 2523 defectum
1579 2496 1624 2524 se

129 2549 132 2552 ’
171 2537 336 2591 uidens,
367 2550 443 2592 per
475 2551 680 2579 summam
710 2538 836 2579 animi
858 2539 1143 2591 egritudinem
1166 2540 1385 2581 oiientalia
1406 2539 1622 2606 repetiuit

86 2666 139 2696 40

171 2594 488 2662 Superueniunt
528 2596 658 2650 legati
690 2611 714 2637 a
746 2596 931 2651 Magno,
962 2611 1063 2652 rege
1095 2597 1467 2664 Noruagiensium,
1493 2597 1622 2652 missi,

167 2654 368 2696 maiorem
399 2653 563 2696 Kanuti
593 2654 745 2709 filiam,
787 2655 860 2697 sed
893 2655 1082 2697 nondum
1113 2656 1277 2712 nupciis
1309 2656 1621 2712 tempestiuam,

239 2727 318 2754 Saxo
339 2728 574 2756 Grammaticus.
1441 2724 1486 2759 28

1680 1925 1709 1950 p.
1728 1917 1781 1944 616

1685 2087 1780 2123 (243)

1677 2448 1706 2473 p.
1725 2438 1775 2466 647
