1884 3126
230 894 265 920 10

229 1182 264 1209 15

226 1470 264 1497 20

228 1759 265 1785 ‘25

229 2048 265 2074 30

305 240 387 282 524
840 255 888 261 -
950 230 1087 271 XIIII
1148 252 1201 259 --

304 365 438 405 batur.
500 361 593 408 Quo
627 361 807 411 excepto
841 356 1027 410 gauisus,
1058 354 1226 396 liburna
1257 369 1348 407 sua,
1380 354 1494 410 quod
1526 354 1580 397 ob
1613 369 1736 410 gran·-

304 422 472 462 ditatem
505 415 792 469 nauigacionis
825 413 1018 455 inhabilis
1057 413 1296 466 uideretur,
1336 412 1507 455 domum
1548 413 1735 466 remissa,

303 481 343 518 in
366 477 577 530 aliquanto
601 473 804 513 minorem
827 486 871 513 se
894 471 1096 524 eontulit;
1122 484 1256 525 eaque
1279 471 1330 511 ad
1354 471 1495 512 lacum
1517 470 1735 522 deuectus,

275 529 514 576 'Sunonom
554 531 659 572 binis
697 530 950 570 instructum
990 529 1170 583 nauigiis
1209 529 1251 569 in
1282 529 1539 583 longinquos
1570 529 1735 584 paludis

301 604 488 632 recessus
520 588 740 643 predatum
774 587 911 628 mittit.
972 586 1134 628 Vrbem
1166 600 1334 641 quoque
1367 586 1580 641 Rostock,
1620 587 1736 642 oppi-

301 648 504 688 danorum
535 646 706 700 ignauia
738 644 997 696 destitutam,
1029 645 1146 685 nullo
1176 645 1356 698 negocio
1388 644 1583 699 perussit.
1646 646 1737 686 Sta-

299 710 411 746 tuam
445 704 598 754 eciam,
645 717 768 759 quam
809 703 947 756 gentis
987 702 1165 757 profana
1198 702 1451 755 credulitas,
1482 703 1655 758 perinde
1687 717 1736 744 ac

299 763 455 804 celeste
487 776 669 814 numen,
703 760 854 801 diuinis
888 760 1116 802 honoribus
1147 761 1510 815 prosequebatur,
1542 761 1734 804 incendio

298 819 524 860 mandauit.
586 819 690 859 Post
722 818 799 859 hec
831 817 1083 871 Henricum,
1126 832 1218 859 011111
1250 819 1440 859 exercitu
1484 833 1560 860 suo
1594 833 1736 860 conse·
1770 864 1773 868 ,

296 877 412 918 rendi
447 891 589 918 secum
621 876 826 918 sermonis
866 876 1008 930 gracia
1048 876 1317 928 uenientem,
1347 882 1573 931 preparato
1606 882 1737 932 ponto

298 935 477 976 traiecit.
548 933 712 976 Eodem
760 938 949 988 tempore
995 933 1166 974 Nucleti
1212 934 1320 974 filius
1360 933 1736 989 Pri<bi>s[z]lauus,

297 994 387 1047 ripa
405 993 537 1034 altera
560 992 876 1046 superueniens.
903 1005 995 1031 011111
1018 991 1193 1032 fratrem
1216 991 1480 1033 Priszlauum
1503 992 1737 1045 Bernardo,

298 1051 415 1092 0111115
447 1065 572 1091 manu
595 1050 823 1091 Nucletum
857 1049 1061 1091 occidisse
1094 1049 1206 1091 fama
1236 1049 1389 1103 fuerat,
1421 1051 1592 1105 nauigio
1625 1065 1737 1093 com-

298 1109 583 1149 municantem
616 1108 838 1163 aspiceret,
872 1107 1062 1149 conuicio
1086 1107 1313 1158 lacessiuit,
1344 1108 1602 1163 impietatem
1637 1109 1738 1151 obii-

297 1167 424 1217 ciens,
458 1166 569 1221 quod
603 1181 696 1208 cum
727 1165 914 1221 parentis
946 1165 1009 1205 sui
1033 1167 1306 1207 interfectore
1339 1166 1471 1208 amice
1494 1166 1736 1209 conuersari

298 1224 576 1266 sustinuisset.
623 1224 781 1265 Contra
813 1223 1066 1267 Priszlauus,
1102 1224 1209 1265 bene
1241 1223 1292 1264 de
1326 1237 1372 1265 se
1402 1224 1605 1266 meruisse
1629 1239 1737 1277 eum,

298 1297 372 1337 per
405 1297 528 1337 quem
560 1287 681 1338 patre
713 1281 921 1334 sacrilego
964 1285 1130 1333 careat,
1162 1282 1414 1323 affirmabat.
1477 1282 1561 1325 Sed
1600 1297 1738 1338 neque

297 1354 342 1381 se
375 1342 463 1381 eius
495 1340 626 1382 filium
651 1340 810 1380 censeri
834 1339 957 1391 uelle,
980 1353 1104 1394 quem
1128 1340 1301 1381 maximi
1324 1340 1494 1381 sceleris
1515 1346 1735 1396 parentem

299 1399 488 1440 extitisse
522 1402 744 1439 constaret.

432 1456 601 1498 Interea
648 1456 747 1497 dum
798 1456 876 1496 hec
921 1459 1151 1510 geruntur,
1198 1455 1336 1497 subito
1389 1455 1502 1497 fama
1548 1456 1736 1512 pertulit,

298 1513 540 1568 Rugianam
562 1515 924 1568 Pomeranamque
958 1515 1133 1555 classem
1160 1527 1213 1554 ex
1236 1513 1439 1568 disposito
1473 1515 1735 1567 conuenisse,

297 1571 445 1613 Danos
477 1573 588 1613 amni
620 1571 835 1613 includere
868 1571 1050 1613 auidam.
1112 1571 1248 1625 Igitur
1280 1586 1358 1613 rex
1391 1587 1463 1627 per
1503 1572 1733 1614 Henricum

298 1630 534 1671 necessarie
567 1630 830 1671 discessionis
862 1630 1134 1683 ammonitus,
1166 1643 1219 1670 110
1252 1644 1297 1671 50
1320 1629 1510 1671 1000111111
1533 1630 1736 1685 angustiis

296 1687 502 1742 implicari
552 1691 795 1743 pateretur,
847 1688 1041 1742 protinus
1091 1700 1212 1728 amne
1265 1688 1459 1729 excessit.
1548 1687 1736 1743 Cumque

297 1745 489 1787 Sclauice
521 1746 786 1788 colleccionis
820 1744 973 1786 famam
1007 1746 1124 1786 nulla
1154 1745 1291 1786 adhuc
1332 1745 1486 1786 indicia
1518 1746 1736 1787 confirma-

298 1809 416 1856 rent,
449 1803 692 1845 insidiarum
737 1803 974 1857 suspicione
1005 1808 1249 1857 permotus,
1294 1803 1476 1845 hostium
1519 1803 1736 1845 calliditati

299 1861 480 1902 inuicem
514 1875 734 1903 occurrere
767 1862 928 1903 statuit.
991 1861 1073 1908 Qui
1104 1861 1144 1901 in
1177 1862 1364 1903 occultos
1402 1861 1588 1902 littorum
1621 1862 1736 1903 sinus

299 1919 452 1970 collati,
485 1920 519 1960 51
546 1934 621 1960 rex
644 1933 743 1960 rura
766 1919 978 1974 diriperet,
1003 1919 1146 1960 classis
1180 1918 1269 1959 eius
1302 1919 1554 1961 incursande
1576 1920 1736 1975 copiam

300 1977 595 2031 explorabant.
659 1977 775 2025 Quos
816 1983 862 2017 ut
896 1976 1225 2032 opportunitatis
1266 1977 1542 2018 simulacione
1574 1981 1735 2032 protra-

296 2033 439 2087 heret,
479 2035 637 2088 Magno
684 2036 850 2077 cuidam
896 2035 1208 2077 exurendorum
1252 2035 1500 2076 litteralium
1548 2036 1736 2076 uicorum

302 2106 441 2134 curam
464 2092 704 2147 demandat,
729 2092 928 2134 militibus
950 2093 1059 2134 intra
1081 2092 1252 2146 nauigia
1273 2092 1405 2134 latere
1426 2093 1562 2147 iussis,
1585 2093 1734 2145 sciens,

299 2150 493 2206 profecto
517 2151 692 2192 Sclauos
726 2151 779 2193 ab
800 2151 999 2192 uniuerso
1023 2150 1242 2191 Danorum
1277 2151 1465 2192 exercitu
1497 2151 1735 2192 incendium

299 2208 444 2263 peragi
475 2214 723 2264 putaturos,
755 2210 898 2263 sicque
936 2208 1245 2264 prompciorem
1278 2208 1606 2250 exercendarum
1639 2209 1737 2250 insi-

300 2266 461 2307 diarum
494 2281 645 2308 ausum
677 2272 888 2322 capturos.
949 2266 1039 2307 Nec
1071 2280 1206 2316 secus,
1238 2279 1287 2306 ac
1316 2272 1434 2308 ratus
1467 2271 1552 2316 est,
1585 2266 1736 2307 hostile

230 2337 266 2362 35
298 2325 563 2379 propositum
594 2324 685 2365 fuit.
739 2324 920 2379 Quippe,
953 2323 1109 2378 Magno
1134 2323 1297 2379 oppidis
1319 2323 1454 2365 facem
1477 2324 1735 2375 subiiciente,

299 2382 505 2436 Rugiani,
538 2382 757 2424 uniuersas
798 2382 1015 2423 Danorum
1045 2378 1169 2437 1111105
1213 2395 1262 2422 00
1295 2383 1472 2436 negocio
1506 2386 1735 2436 occupatas

303 2441 609 2493 existimantes,
642 2439 806 2481 auidius
842 2439 995 2480 edendi
1027 2440 1234 2494 propositi
1265 2439 1459 2480 fiduciam
1491 2444 1735 2494 rapuerunt,

301 2497 476 2548 perinde
508 2512 557 2539 ac
590 2511 735 2539 eorum
769 2498 947 2538 classem
977 2497 1274 2539 defensoribus
1306 2511 1486 2538 uacuam
1515 2497 1736 2552 reperturi.

303 2552 384 2594 Sed
416 2555 690 2610 quorundam,
721 2555 832 2609 regis
853 2555 1074 2608 imperium
1104 2554 1406 2607 ignorancium,
1441 2568 1617 2596 occursu
1649 2568 1735 2600 ma-

236 2623 272 2649 40
305 2612 435 2653 turius
467 2611 921 2671 excepti,*xincu1·sandi
951 2612 1139 2658 studium
1171 2617 1345 2668 repente
1376 2612 1476 2667 fuga
1506 2615 1736 2657 mutarunt.

1850 2590 1855 2608 l

1847 2696 1852 2749 Ξ

1842 2759 1850 2894 ἰ
