1884 3126
114 623 130 649 5

95 915 131 942 10

94 1205 130 1233 15

94 1498 131 1525 20

96 2081 132 2108 30

97 2371 132 2399 35

718 269 768 275 -
829 242 947 287 XIII
1006 268 1059 274 -—
1540 244 1624 287 435

164 372 280 427 gium
303 386 425 413 suum
449 371 636 414 anchore
653 385 778 427 quam
795 386 898 414 aure
918 371 1091 415 credere
1108 372 1366 439 preoptauit,
1386 371 1626 414 disiectam-

165 445 247 486 que
270 431 424 486 pelago
450 430 628 473 classem
649 431 756 472 lituo
779 431 996 472 recinente
1021 432 1248 473 contraxit.
1291 430 1426 486 Igitur
1457 431 1624 486 ignauis

164 488 326 555 fugam,
358 489 611 540 forcioribus
642 503 832 545 pugnam
863 488 1299 545 apprehendentibus,
1331 489 1497 543 Ericus,
1530 503 1625 531 cum

162 547 336 589 nauium
368 562 547 589 numero
581 551 824 603 prestaret,
864 548 1098 589 arctissimo
1133 562 1277 590 earum
1312 552 1516 590 contextu
1548 548 1625 589 ho-

161 610 270 648 stem
302 607 538 660 conclusit,
583 620 632 647 ac
665 606 798 647 ueluti
832 607 966 648 classe
1001 606 1177 648 classem
1209 606 1389 660 obsedit,
1423 607 1624 648 atrocita-

164 668 335 720 temque
357 679 500 720 pugne
523 665 708 719 augebat
741 664 984 707 necessitas.
1029 664 1222 720 Cumque
1252 665 1451 708 Iutenses
1484 679 1625 722 neque

163 723 341 765 uictorie
372 723 623 765 facultatem
653 737 793 779 neque
826 723 927 777 fuge
962 723 1126 779 copiam
1159 723 1330 766 fortune
1363 738 1438 765 sue
1469 738 1625 780 suppe-

164 786 255 823 tere
287 782 495 835 uiderent,
534 781 632 823 duci
665 796 791 838 quam
824 781 901 823 sibi
936 782 1159 824 consulere
1189 787 1482 838 preoptantes,
1514 783 1626 839 salu-

166 845 251 881 tem
276 839 366 882 eius
388 840 571 896 propriis
593 854 823 882 seruauere
847 840 1059 895 periculis.
1105 841 1274 896 Quippe
1309 841 1623 883 consertissime

164 898 311 940 classis
345 912 528 940 cuneum
558 899 853 954 irrumpentes,
884 899 984 954 quia
1005 899 1223 949 uictoriam
1249 899 1407 954 Magno
1431 905 1624 954 prestare

165 971 247 999 non
280 961 494 1012 poterant,
527 958 640 1000 uicto
670 957 816 1012 fugam
850 958 1099 1013 querebant.
1163 957 1272 998 Nam
1320 957 1484 1012 eidem,
1508 959 1626 1000 ‘mio-

164 1017 379 1070 paronem
402 1016 620 1070 ingresso,
662 1017 798 1058 ueluti
830 1017 1044 1071 quandam
1078 1015 1274 1058 elabendi
1306 1017 1522 1071 semitam,
1563 1030 1627 1058 se-

164 1074 275 1115 curis
307 1074 593 1130 periculorum
626 1075 791 1128 animis,
826 1074 1096 1117 extruebant.
1150 1074 1245 1123 Quo
1270 1073 1449 1131 dilapso,
1472 1075 1625 1117 nihilo—

162 1132 302 1174 minus
353 1132 573 1188 pugnandi
625 1133 904 1187 pertinaciam
958 1133 1216 1186 retinentes,
1259 1137 1333 1174 aut
1373 1138 1512 1176 morte
1552 1137 1626 1175 aut

163 1190 367 1245 capcione
399 1191 577 1232 finiuere
610 1191 808 1234 bellum·
839 1191 1031 1247 Cumque
1062 1191 1247 1233 uictores
1279 1192 1425 1247 spoliis
1458 1192 1625 1234 deuicte

165 1249 310 1291 classis
342 1248 662 1302 incumberent,
707 1251 816 1291 inter
850 1256 1038 1304 egestam
1070 1250 1252 1304 nauigiis
1286 1250 1463 1305 predam
1496 1265 1626 1306 quen-

165 1307 264 1348 dam
305 1307 401 1349 uelo
440 1308 704 1363 implicatum
751 1308 1030 1363 conspiciunt.
1094 1307 1223 1350 Cuius
1265 1323 1317 1349 ex
1352 1308 1623 1352 deformitate

164 1365 330 1408 latebre
362 1365 630 1408 formidinem
664 1367 931 1418 estimantes,
963 1367 1157 1422 protinus
1191 1366 1245 1408 ob
1278 1367 1493 1434 ignauiam
1527 1382 1625 1410 eum

166 1424 318 1480 laqueo
360 1429 738 1480 consumpserunt,
779 1426 840 1466 uti
867 1426 871 1478 1
902 1425 1016 1466 fedo
1045 1425 1192 1466 mortis
1235 1439 1390 1479 genere
1430 1426 1625 1481 spiritum

162 1483 397 1534 redderet,
460 1497 586 1541 quem
636 1497 780 1539 pugne
836 1483 1003 1525 fortiter
1063 1482 1310 1539 impendere
1372 1484 1623 1527 dubitasset.

166 1541 339 1584 Interea
364 1515 666 1595 C'hristiernus,
697 1555 827 1583 manu
850 1555 943 1584 oum
966 1541 1146 1584 Nicolao
1169 1541 1391 1585 infeliciter
1413 1547 1624 1598 conserta,

165 1613 241 1655 per
272 1599 492 1654 ingentem
525 1614 695 1642 suorum
721 1600 735 1653 Ι1
759 1605 943 1656 stragem
977 1601 1154 1669 capitur,
1193 1606 1235 1642 et
1265 1601 1306 1642 in
1342 1601 1437 1643 ostii
1469 1601 1624 1643 Slesui-

166 1657 303 1699 censis
337 1658 601 1713 ergastulum
634 1658 866 1714 relegatur.
929 1645 1078 1701 Erlcus
1111 1673 1228 1711 uero,
1265 1661 1450 1702 recentis
1481 1674 1624 1716 pugne

165 1730 366 1759 successu
400 1716 559 1769 elatus,
601 1716 675 1758 sed
710 1731 871 1770 eorum,
904 1732 984 1773 que
1017 1718 1128 1759 circa
1161 1717 1471 1760 Christiernum
1503 1732 1624 1774 gere-

117 1791 127 1799 *
166 1775 331 1828 bantur,
364 1775 558 1830 ignarus,
590 1776 798 1830 pociende
834 1776 944 1817 Iutie
977 1790 1051 1831 spe
1083 1791 1198 1818 mare
1231 1776 1456 1832 Lymicum
1491 1777 1624 1819 classe

166 1833 409 1888 compleuit.
462 1833 548 1874 Vbi
572 1847 679 1886 cum,
713 1835 919 1890 expositis
942 1835 1110 1876 incaute
1134 1835 1278 1890 copiis,
1312 1838 1353 1876 et
1377 1834 1625 1877 Christierni

164 1891 309 1946 fugam
332 1896 373 1932 et
396 1892 508 1946 regis
536 1891 890 1934 aduentacionem
923 1893 1079 1934 nuncio
1113 1893 1342 1947 didicisset,
1374 1894 1470 1949 plus
1502 1894 1625 1935 amici

165 1949 338 1991 fortuna
371 1963 600 1992 concussus
634 1965 760 2006 quam
793 1951 965 2007 propria
995 1957 1232 2004 recreatus,
1272 1957 1443 2008 recepto
1475 1953 1623 2006 milite,

165 2008 323 2050 reuerti
366 2010 609 2051 maturauit.
670 2008 738 2050 Ex
781 2010 898 2051 cuius
944 2010 1114 2064 agmine
1158 2010 1417 2064 complures,
1461 2011 1623 2052 tardius

164 2067 335 2121 nauigia
366 2071 624 2122 repetentes,
657 2068 709 2109 ab
734 2068 970 2109 imminenti
994 2069 1104 2122 regis
1129 2069 1319 2110 exercitu
1343 2069 1623 2111 trucidantur.

166 2124 294 2166 Hunc
337 2128 538 2166 euentum
582 2129 753 2168 secutus
798 2125 1016 2168 Haraldus
1059 2126 1111 2167 ad
1155 2126 1404 2181 Nicolaum,
1450 2127 1624 2169 occultis

167 2198 211 2225 se
243 2182 593 2239 promissionibus
633 2184 908 2233 inuitantem,
952 2183 1120 2227 defecit.
1185 2184 1289 2226 Plus
1322 2185 1531 2241 siquidem
1562 2185 1624 2227 in-

168 2240 437 2307 dignacionis
477 2257 531 2283 ex
575 2242 687 2283 Erici
734 2242 1029 2284 dominacione
1086 2256 1212 2298 quam
1258 2244 1318 2286 ire
1368 2257 1422 2285 ex
1463 2243 1625 2285 Kanuti

165 2300 442 2341 internicione
494 2304 772 2366 conceperat,
826 2301 946 2356 eique
998 2300 1131 2342 frater
1177 2301 1318 2343 fratris
1368 2316 1624 2356 oppressore

166 2358 357 2399 onustior
380 2360 482 2400 erat.
526 2358 637 2407 Quin
665 2359 798 2400 eciam
822 2359 1019 2413 Magnus,
1052 2364 1098 2400 ut
1128 2359 1261 2401 letum
1284 2360 1447 2401 hostilis
1469 2359 1624 2401 milicie

165 2416 498 2470 incrementum,
538 2417 597 2458 ita
627 2417 791 2458 tristem
823 2431 900 2458 sue
933 2417 1146 2459 defectum
1180 2418 1417 2473 aspiciens,
1447 2417 1625 2459 fraterni

167 2474 405 2516 commilicii
470 2475 718 2516 societatem
769 2474 1030 2517 labefactare
1092 2477 1300 2518 tentabat.
1382 2475 1622 2517 Haraldum

165 2532 331 2587 itaque,
375 2547 500 2588 quem
542 2532 657 2574 Erici
696 2538 841 2587 partes
886 2532 1015 2574 dubia
1055 2533 1143 2576 fide·
1186 2538 1379 2576 secutum
1425 2539 1622 2590 nouerat,

165 2591 383 2646 promissis
417 2590 633 2646 dignitatis
665 2591 933 2633 incrementis
964 2593 1156 2647 urgebat.
1200 2592 1313 2633 Nam*
1332 2596 1374 2633 et
1391 2592 1622 2646 Haraldus,

98 2661 134 2690 40
167 2662 408 2705 quanquam
430 2649 536 2691 iram
559 2649 760 2706 obsequio
784 2653 962 2705 tegeret,
992 2649 1235 2692 incitaciore
1259 2650 1356 2692 odio
1386 2650 1390 2700 Ι
1418 2650 1621 2694 aduersus

1414 2718 1480 2754 28*

1680 1440 1780 1474 p.649

1688 1615 1783 1650 (244)

1677 2662 1777 2696 p,650
