1884 3126
323 248 405 290 592
855 265 910 272 -—·
968 237 1108 281 XIIII
1166 262 1221 269 —-

322 389 402 416 non
434 373 556 414 moris
589 384 693 421 esse,
725 367 873 423 inquit,
907 366 1038 407 fortes
1062 366 1172 407 uiros
1208 365 1388 406 inuicem
1420 379 1465 406 se
1500 363 1760 406 muliebriter

323 429 655 486 reprehendere,
689 427 790 480 quin
822 425 990 479 pocius,
1023 424 1094 465 ubi
1125 423 1298 478 publice
1330 423 1578 464 necessitati
1609 436 1759 464 consu-

322 489 430 536 litur,
463 486 650 540 priuatas
690 484 786 523 lites
830 483 1038 523 facessere
1071 488 1278 536 oportere.
1339 480 1421 521 Sed
1460 493 1597 535 neque
1628 480 1758 522 homi-

320 558 427 595 nem,
461 543 531 596 qui
562 541 614 582 ab
647 541 745 595 ipsis
777 540 990 594 impericie
1022 538 1268 591 damnetur,
1300 539 1333 579 si
1367 538 1582 580 consultus
1622 537 1761 588 fuerit,

272 618 289 643 5
320 598 600 655 responsionis
652 598 897 652 ignorancia
943 597 1163 638 silencium
1219 603 1426 638 acturum.
1501 596 1761 650 Intuensque

320 658 592 708 Absalonem,
624 655 722 710 quid
745 655 934 707 suadeat,
958 660 1094 708 rogat.
1143 653 1221 695 Ille
1243 654 1461 695 consilium
1484 654 1524 694 in
1557 653 1759 708 expedito

319 729 421 766 esse,
455 728 549 754 cum
582 726 631 753 eo
664 714 752 767 regi
785 713 952 753 libitum
983 712 1092 752 foret
1114 712 1188 763 uti,
1222 713 1487 765 pronunciat.
1533 711 1626 759 Que
1651 712 1759 752 enim

318 773 406 813 aliis
436 771 737 826 impedimenta
769 778 897 825 atque
932 770 1150 811 obstacula
1190 769 1437 822 uideantur,
1479 769 1668 824 dispulsu
1700 770 1760 810 fa-

319 830 411 870 cilia
444 828 554 881 fore,
596 842 733 882 neque
775 834 849 868 aut
891 828 1064 869 nauium
1103 827 1317 868 obiectum
1360 833 1436 868 aut
1479 828 1665 883 equitum
1699 827 1759 867 in-

252 903 287 930 10
318 901 483 928 cursum
516 887 670 927 morari
702 899 838 941 posse,
872 899 955 940 quo
988 886 1124 927 minus
1157 899 1206 926 ea
1236 892 1357 936 parte
1381 899 1577 940 egressus
1600 890 1759 939 pateat,

318 958 400 999 qua
432 944 568 984 aditus
593 943 747 985 fuerat.
795 943 958 997 Regem
983 943 1152 998 quippe,
1186 943 1390 998 expositis
1412 945 1452 984 in
1476 943 1759 985 continentem

318 1001 551 1056 equitibus,
582 1002 845 1055 protegende
877 1001 1019 1042 classis
1052 1001 1195 1055 gra‘cia
1226 1001 1277 1041 ad
1310 1001 1424 1055 ipsas
1468 1001 1612 1042 fauces
1644 1014 1758 1042 sece-

317 1059 415 1101 dere
448 1059 623 1108 debere,
665 1073 798 1114 eoque
847 1059 1015 1113 nauigia
1058 1058 1261 1099 nonnulla
1299 1058 1484 1100 loricatis
1529 1058 1757 1113 remigibus

316 1116 530 1171 inj{st1·ucta
574 1118 721 1158 ceteris
768 1116 1009 1171 singulatim
1054 1117 1192 1171 preire
1239 1120 1280 1157 et
1324 1117 1503 1158 classem
1550 1117 1757 1165 hostilem,
1811 1122 1867 1156 (33

247 1189 282 1216 15
315 1189 407 1215 cum
450 1175 629 1229 primum
670 1175 963 1229 frequencium
1006 1175 1229 1215 comitatus
1270 1174 1479 1225 affuisset,
1510 1175 1757 1228 irrumpere.

314 1232 569 1274 Ridentibus
601 1234 759 1273 cunctis
792 1235 845 1284 et,
877 1246 929 1273 an
962 1232 1053 1286 ipse
1086 1233 1256 1286 preuius
1289 1231 1379 1273 fore
1406 1233 1549 1286 uellet,
1581 1245 1758 1286 percon-

318 1290 515 1341 tantibus,
547 1290 675 1343 Volo,
709 1291 855 1344 inquit,
887 1304 940 1331 ne
972 1290 1129 1331 sorcius
1161 1290 1318 1330 dixisse
1353 1290 1502 1332 uidear
1543 1303 1667 1345 quam
1697 1289 1757 1331 fe-

317 1348 433 1390 cisse.
496 1347 661 1389 Etenim
707 1348 933 1388 audaeium
974 1347 1240 1389 consiliorum
1285 1353 1507 1400 auctores,
1541 1348 1651 1403 quod
1686 1361 1757 1388 ore

317 1405 511 1457 suadent,
548 1419 670 1446 manu
703 1406 903 1460 prosequi
937 1406 1150 1447 conuenit.
1198 1405 1446 1447 Delectatus
1471 1406 1643 1447 consilio
1667 1419 1756 1457 rex,

245 1478 283 1505 ρο
315 1464 520 1504 Absaloni
552 1477 682 1505 naues
716 1464 992 1517 remigesque,
1025 1478 1132 1518 quos
1175 1470 1392 1518 posceret,
1432 1464 1621 1519 expediri
1664 1477 1757 1518 pre-

317 1522 440 1576 cepit,
472 1535 520 1562 ac
550 1522 740 1576 protinus
774 1523 907 1576 ripam
942 1522 1107 1575 stipatis
1132 1521 1344 1576 equitibus
1368 1526 1516 1576 petens
1550 1522 1601 1562 ad
1625 1521 1757 1561 amnis

314 1579 562 1634 principium
594 1581 851 1634 properauit.
915 1579 1009 1627 Quo
1034 1579 1300 1634 Kazymarus
1333 1580 1495 1620 eminus
1527 1579 1756 1620 aduentare

314 1642 568 1691 conspecto,
611 1637 754 1678 relicto
801 1638 914 1678 ocius
957 1637 1254 1689 tabernaculo,
1297 1637 1349 1677 ad
1383 1637 1558 1679 classem
1591 1636 1755 1691 trepido

315 1708 440 1736 cursu
471 1709 516 1735 se
548 1695 704 1736 retulit.
767 1695 968 1749 Septena,
1001 1695 1167 1736 delectu
1214 1694 1372 1746 habito,
1406 1695 1577 1749 nauigia
1607 1708 1754 1749 procu-

242 1765 278 1792 25
308 1755 466 1804 rantur,
498 1753 729 1806 eademque
762 1754 937 1794 loricato
970 1754 1129 1807 remige
1171 1758 1439 1795 exornantur.
1500 1753 1536 1794 E
1568 1751 1746 1808 qui*bus
1769 1762 1853 1790 CLX

315 1810 412 1850 bina
442 1810 671 1851 Absalonis
702 1811 848 1862 fuere,
894 1810 1156 1866 totidemque
1187 1809 1402 1853 Esbernus
1444 1825 1491 1852 ac
1533 1810 1649 1852 Suno
1680 1810 1755 1851 du-

314 1868 497 1909 ctabant.
560 1867 750 1922 Reliquis
784 1869 917 1909 tribus
949 1868 1222 1910 Thorbernus
1254 1873 1295 1909 et
1327 1868 1488 1910 Olauus
1530 1873 1572 1910 et
1602 1869 1755 1909 Petrus

313 1925 540 1966 Thorstani
569 1925 676 1966 filius
710 1930 920 1980 preerant.
984 1926 1162 1982 Ounque
1196 1926 1397 1976 Absalon,
1443 1931 1585 1968 cetera
1619 1926 1752 1967 classe

313 1983 496 2023 seriatim
529 1984 728 2038 subsequi
762 1985 888 2037 iussa,
927 1985 1096 2039 nauigio
1118 1984 1277 2039 primus
1301 1984 1527 2034 incederet,
1560 1986 1755 2039 ignotum

245 2051 281 2079 30
311 2041 444 2082 amnis
496 2040 791 2082 diuerticulum
842 2040 1099 2096 in<of>fenso
1151 2042 1441 2095 nauigacionis
1503 2041 1752 2096 compendio

313 2099 566 2152 penetrauit.
616 2098 744 2140 Cuius
777 2097 949 2154 relliqua
982 2101 1100 2140 nauis
1132 2099 1409 2154 gubernantis
1441 2114 1582 2141 errore
1614 2099 1751 2140 subito
1808 2116 1837 2140 p·

313 2156 430 2196 uadis
462 2156 627 2198 insedit.
693 2156 777 2197 Sed
812 2159 922 2198 hunc
954 2158 1077 2199 deuie
1100 2157 1391 2210 nauigacionis
1414 2171 1650 2209 excessum,
1683 2157 1754 2198 de-

313 2217 431 2254 trusa
461 2214 630 2254 harenis
652 2228 808 2269 puppe,
830 2217 1038 2270 remigum
1065 2215 1267 2257 uelocitas
1297 2216 1493 2267 correxit,
1526 2215 1753 2269 statimque

314 2270 494 2312 barbara
527 2271 669 2312 classis
704 2287 778 2313 ceu
812 2273 948 2314 uentis
972 2277 1167 2328 correpta
1188 2274 1342 2328 passim
1367 2273 1577 2314 dilabitur.
1624 2272 1753 2313 Cuius

246 2340 281 2368 35
310 2327 453 2381 fugam
495 2328 604 2370 Dani
647 2330 811 2384 magnis
852 2345 901 2371 ac
943 2331 1038 2372 letis
1082 2330 1259 2372 uocibus
1298 2331 1500 2383 insecuti,
1533 2330 1754 2371 discissum

312 2387 405 2427 saxi
437 2388 652 2428 uinculum
695 2387 829 2429 effuso
871 2388 1066 2430 clamoris
1098 2387 1254 2442 gaudio
1286 2388 1584 2443 predicabant,
1616 2388 1752 2442 deque

314 2445 632 2486 accusatoribus
664 2445 893 2486 Absalonis
924 2451 1200 2487 ueneratores
1234 2446 1386 2498 effecti,
1418 2446 1579 2500 ingenti
1610 2446 1754 2500 gracia

312 2500 390 2555 ipsi
422 2503 570 2556 relata,
603 2506 727 2544 contu
779 2503 900 2543 eliam
934 2503 1130 2545 laudibus
1152 2503 1436 2545 redemerunt.
1484 2502 1564 2544 Sed
1600 2509 1642 2544 et
1664 2503 1753 2543 eius

314 2559 490 2610 animus,
512 2559 751 2602 moderacio
785 2561 818 2600 is
841 2565 882 2601 et
906 2562 1145 2602 constancie
1167 2561 1327 2602 uiribus
1348 2561 1556 2616 preditus,
1589 2560 1751 2602 mobilis

245 2626 281 2654 40
311 2616 430 2670 uulgi
469 2617 720 2660 adulacione
760 2632 795 2660 e.
815 2618 907 2659 tolli
948 2620 1069 2673 parui
1109 2619 1278 2672 habuit,
1325 2622 1576 2674 tantumque
1620 2632 1664 2660 se
1711 2618 1754 2659 in

810 2683 816 2700 l
