1884 3126
249 191 273 230 8
855 195 1084 226 PREFAcio.

249 315 428 367 existat,
472 313 694 368 perpaucis
733 326 826 352 eam
872 309 1206 365 ingredientibus
1243 310 1474 350 salutarem
1507 309 1687 351 reditum

252 371 412 414 tribuit.

389 428 583 471 Ceterum
612 427 770 468 Oceani
791 427 984 480 superior
1005 427 1155 476 flexus,
1190 425 1371 466 Daniam
1395 424 1687 467 intersecando

251 491 562 543 preter-means,
604 485 830 526 australem
862 483 1018 525 Gothie
1059 484 1224 538 plagam
1266 483 1359 523 sinu
1399 483 1562 524 laxiore
1596 496 1690 524 con-

202 559 217 582 r»
250 544 392 599 tingit3
426 544 595 585 inferior
621 557 718 584 uero
741 546 919 593 meatus,
945 543 1035 584 eius
1061 540 1364 595 Noruagieque
1387 540 1496 581 latus
1520 546 1688 594 septen·
1716 557 1718 559 ·

194 846 223 872 10

191 1136 224 1163 15

191 1424 227 1450 20

195 2002 232 2030 30

195 2292 232 2320 35

250 601 429 644 trionale
452 602 697 657 preteriens,
729 600 783 641 ad
807 604 943 640 ortum
969 613 1128 651 uersus,
1161 612 1314 652 magno
1339 611 1432 639 cum
1455 597 1689 639 latitudinis

250 660 532 709 incremento,
573 658 705 700 solido
746 657 951 699 limitatur
991 657 1196 698 anfractu.
1266 656 1403 704 Quem
1442 656 1567 697 maris
1609 660 1690 696 ter-

250 718 410 758 minum
441 717 578 769 gentis
611 721 754 757 nostre
788 719 955 756 ueteres
991 713 1312 768 G[r]anduieum
1347 713 1509 755 dixere.
1558 713 1692 768 Igitur

251 776 360 816 inter
403 773 734 828 G[r]anduicum
780 778 822 814 et
866 772 1144 814 meridianum
1192 772 1368 826 pelagus
1415 771 1547 812 breue
1595 785 1692 812 con-

255 833 424 873 tinentis
456 831 645 887 spacium
682 834 822 886 patet,
865 830 996 871 maria
1028 829 1223 884 utrinque
1255 843 1375 870 secus
1407 828 1567 883 allapsa
1599 842 1694 884 pro-

255 894 473 945 spectans:
518 889 626 943 quod
672 889 751 930 nisi
783 902 921 929 rerum
955 892 1107 928 natura
1150 887 1287 928 limitis
1330 888 1422 929 loco
1455 886 1693 941 congressis

255 962 363 1004 pene
404 948 603 990 fluctibus
648 946 896 989 obiecisset:
941 946 1128 987 Suetiam
1159 944 1504 1000 Noruagiamque
1544 943 1694 986 conflui

256 1006 464 1048 fretorum
511 1009 625 1047 estus
671 1005 712 1045 in
760 1004 939 1045 insulam
980 1003 1256 1058 redegissent.
1328 1002 1494 1044 Harum
1536 1001 1694 1044 ortiuas

256 1069 397 1120 partes
439 1063 665 1105 Skricfinni
706 1063 909 1104 incolunt.
978 1061 1069 1109 Que
1111 1075 1237 1115 gens,
1277 1060 1486 1102 inusitatis
1526 1063 1696 1101 assueta

256 1122 475 1175 uehiculis,
505 1123 509 1173 Ι
539 1121 749 1163 moncium
782 1121 996 1161 inaccessa
1038 1119 1280 1161 uenacionis
1313 1117 1463 1160 ardore
1494 1121 1693 1169 sectatur,

255 1180 527 1234 locorumque
569 1178 840 1234 complacitas
884 1178 1005 1219 sedes
1048 1176 1268 1232 dispendio
1309 1176 1468 1218 lubrice
1501 1176 1696 1217 flexionis

258 1237 509 1292 assequitur.
570 1236 722 1292 Neque
754 1237 864 1278 enim
897 1236 984 1276 ulla
1015 1235 1121 1277 adeo
1155 1248 1281 1290 rupes
1322 1234 1559 1289 prominet,
1600 1233 1698 1287 quin

258 1295 309 1337 ad
345 1296 435 1337 eius
465 1294 679 1349 fastigium
713 1293 864 1336 callida
897 1308 1043 1335 cursus
1066 1293 1245 1348 ambage
1266 1292 1501 1348 perueniat.
1552 1292 1698 1332 Primo

258 1353 464 1409 siquidem
497 1353 671 1394 uallium
704 1351 914 1408 profunda
949 1352 1202 1406 relinquens,
1236 1351 1502 1405 scopulorum
1534 1349 1697 1391 radices

260 1415 449 1454 tortuosa
481 1411 694 1466 giracione
725 1410 969 1465 perlabitur,
1003 1410 1145 1464 sicque
1176 1413 1361 1450 meatum
1394 1407 1541 1450 crebre
1573 1406 1698 1448 decli-

258 1469 446 1511 nacionis
480 1469 729 1524 obliquitate
762 1468 991 1523 perflectit,
1031 1467 1166 1508 donec
1197 1481 1272 1522 per
1303 1466 1496 1508 sinuosos
1529 1465 1697 1507 callium

260 1527 473 1569 anfractus
495 1526 751 1568 destinatum
782 1525 863 1568 loci
885 1539 1086 1583 cacumen
1109 1529 1353 1579 exsuperet.
1400 1523 1563 1566 Eadem
1585 1522 1698 1578 apud

258 1585 457 1627 finitimos
489 1585 689 1627 mercium
721 1584 814 1626 loco
848 1583 1113 1639 quorundam
1147 1582 1392 1624 animalium
1424 1581 1606 1637 pellibus
1641 1580 1700 1622 uti

262 1643 496 1686 consueuit.

395 1700 540 1742 Suetia
581 1714 683 1743 uero
722 1700 905 1741 Daniam
952 1698 1005 1739 ab
1053 1711 1206 1739 occasu
1249 1695 1591 1751 Noruagiamque
1638 1709 1698 1736 re-

260 1759 462 1814 spiciens,
504 1773 527 1800 a
557 1758 731 1801 meridie
775 1762 817 1799 et
861 1756 991 1799 multa
1031 1756 1202 1797 orientis
1233 1759 1354 1811 parte
1392 1754 1528 1796 uicino
1560 1758 1701 1809 prete-

261 1818 364 1859 ritur
413 1816 597 1858 Oceano.
681 1817 786 1857 Post
839 1829 964 1871 quam
1020 1814 1072 1855 ab
1121 1816 1216 1854 ortu
1260 1826 1430 1868 quoque
1476 1812 1699 1867 multiplex

263 1875 520 1917 diuersitatis
555 1874 773 1916 barbarice
806 1872 1019 1915 consercio
1052 1871 1274 1926 reperitur.

400 1932 607 1974 Danicam
655 1945 755 1973 uero
801 1930 1018 1985 regionem
1073 1929 1272 1983 giganteo
1326 1927 1539 1983 quondam
1588 1927 1701 1968 cultu

264 1990 494 2034 exercitam
540 1990 695 2032 eximie
741 1987 1040 2043 magnitudinis
1088 2000 1192 2028 saxa
1237 1989 1428 2027 ueterum
1474 1985 1608 2027 bustis
1650 1998 1699 2026 ac

262 2047 471 2105 specubus
521 2048 647 2090 affixa
685 2048 690 2098 Ι
725 2051 947 2088 testantur.
1025 2043 1148 2092 Quod
1196 2043 1323 2098 siquis
1372 2043 1413 2084 ui
1461 2045 1698 2085 monstrosa
1752 2050 1783 2077 ·‘

262 2110 476 2163 patratum
508 2106 709 2160 ambigat,
744 2103 1008 2161 quorundam
1040 2103 1251 2144 moncium
1285 2101 1452 2143 excelsa
1485 2100 1699 2155 suspiciat,

264 2165 474 2220 dicatque,
506 2164 539 2205 si
562 2164 698 2217 callet,
734 2162 825 2218 quis
849 2175 993 2204 eorum
1017 2160 1245 2202 uerticibus
1270 2164 1415 2201 cautes
1436 2163 1556 2200 tante
1579 2172 1702 2212 gran-

266 2222 408 2265 ditatis
439 2222 662 2263 inuexerit.
710 2219 974 2277 Inopinabile
995 2231 1175 2272 namque
1208 2218 1346 2272 quiuis
1367 2216 1558 2258 miraculi
1579 2215 1703 2256 huius

264 2281 480 2323 estimator
522 2279 745 2332 aduertet,
790 2282 837 2319 ut
883 2278 1033 2319 molem
1078 2288 1203 2331 super
1246 2276 1373 2330 plano
1422 2275 1591 2316 minime
1634 2274 1703 2315 uel

267 2339 436 2381 difficile
480 2337 675 2379 mobilem
715 2338 756 2378 in
796 2338 960 2378 tantum
1001 2338 1201 2375 montane
1238 2332 1507 2375 sublimitatis
1538 2331 1700 2386 apicem

266 2397 450 2452 simplex
496 2395 763 2437 mortalitatis
815 2393 935 2435 labor
981 2396 1054 2434 aut
1099 2391 1278 2433 usitatus
1321 2390 1494 2432 humani
1538 2389 1702 2431 roboris

270 2458 448 2497 conatus
481 2453 691 2496 extulerit.
736 2452 891 2493 Vtrum
911 2465 1012 2494 uero
1043 2449 1190 2491 talium
1221 2462 1359 2490 rerum
1392 2451 1585 2489 auctores
1607 2451 1704 2501 post

272 2511 485 2555 diluuialis
526 2509 818 2554 inundacionis
859 2521 1086 2552 excursum
1126 2507 1322 2563 gigantes
1367 2505 1606 2558 extiterint,
1652 2518 1703 2547 an

201 2581 238 2615 40
272 2570 352 2615 uiri
383 2570 571 2636 corporis
601 2568 759 2618 uiribus
791 2571 888 2611 ante
919 2566 1024 2609 alios
1056 2564 1226 2632 prediti,
1256 2578 1406 2629 parum
1437 2562 1591 2609 noticie
1621 2565 1706 2611 tra-
