1884 3126
44 915 82 942 10

43 1205 79 1232 15

40 1495 78 1522 20

40 1785 78 1814 25

41 2074 79 2102 30

43 2364 80 2392 35

46 2654 81 2681 40

654 276 706 282 —
764 251 904 294 XIIII
964 275 1016 281 —
1471 252 1552 293 617

114 380 149 422 si
179 380 493 422 dissimulanter
525 381 705 422 tolerare
737 381 928 436 cepisset,
961 380 1158 423 effectum
1188 379 1348 422 insidiis
1378 379 1556 436 prebere

114 452 248 494 posse,
280 452 363 493 que
394 442 483 479 tam
522 442 744 493 potentum
784 442 954 494 tamque
985 439 1064 480 sibi
1105 438 1378 480 familiarium
1407 437 1555 480 studiis

115 500 406 550 necterentur;
437 497 471 537 si
493 509 611 549 uer0,
643 510 792 550 parum
820 496 957 538 adhuc
987 497 1200 552 publicato
1231 496 1429 548 facinore,
1460 510 1556 551 sup-

115 554 240 609 plicia
270 554 324 595 de
356 553 610 595 indemnatis
641 567 807 595 sumere
838 558 1110 608 maturasset,
1147 554 1316 609 dolique
1346 553 1500 596 noticia
1532 568 1557 595 a

112 611 382 667 paucioribus
422 616 612 665 sumpta,
652 611 863 653 crudelius
903 613 947 653 in
977 613 1140 654 emulos
1171 612 1465 665 consuluisset,
1495 613 1570 658 in-¹

113 670 240 712 noxia
271 670 410 725 capita
441 669 628 711 confictis
671 669 975 711 criminacionis
1005 670 1194 724 partibus
1233 670 1409 712 obruere
1437 671 1555 713 uide-

111 733 241 782 retur,
265 726 279 781 ΙΙ
301 727 544 782 inuidiaque
575 728 743 768 uirtutis
773 741 970 769 accensus
1001 728 1055 769 ad
1087 742 1349 769 communem
1389 730 1554 783 generis

112 786 176 827 sui
206 786 421 827 interitum
451 785 580 826 uariis
610 785 934 827 insimulacionis
975 786 1111 827 modis
1142 800 1383 840 exsurgere,
1414 801 1556 828 neces-

113 843 303 885 situdinis
334 857 503 885 euersor
534 843 809 898 affiniumque
842 848 1111 899 consumptor
1133 844 1375 885 censendus.
1418 844 1557 899 Igitur

113 907 154 943 et
184 902 444 957 pacienciam
474 901 756 957 periculosam
787 905 829 942 et
858 901 1079 954 ulcionem,
1104 902 1137 943 si
1157 915 1413 956 prepropera
1433 902 1555 956 foret,

112 960 362 1014 probrosam
392 960 588 1001 existere.
648 958 716 1000 Ita
747 973 805 1012 se,
837 971 964 1013 quem
993 959 1178 1000 uindicte
1208 960 1377 1001 modum
1406 974 1556 1015 appre-

111 1017 297 1060 hendere
325 1017 493 1071 debeat,
525 1018 737 1072 ignorare,
770 1017 887 1059 cuius
918 1021 961 1058 et
990 1018 1273 1072 ignominiosa
1304 1018 1555 1060 acceleracio

112 1076 165 1117 sit
212 1079 253 1117 et
298 1076 532 1131 perniciosa
577 1075 744 1116 dilacio.
820 1074 1019 1117 Ceterum
1065 1074 1311 1116 insidiarum
1359 1076 1555 1132 periculis

110 1138 259 1189 patere
291 1134 431 1186 malle,
464 1147 592 1189 quam
622 1133 665 1174 in
696 1137 886 1175 auctores
907 1132 1068 1175 facinus
1089 1137 1343 1188 retorquere,
1376 1134 1420 1175 ni
1445 1148 1555 1175 mors

110 1206 185 1233 sua
216 1191 270 1233 ad
301 1192 480 1233 aliorum
522 1190 743 1233 confestim
774 1191 954 1232 exicium
985 1190 1264 1244 redundaret,
1296 1206 1421 1247 quam
1453 1192 1555 1233 libe-

110 1264 253 1291 rorum
283 1263 452 1291 suorum
495 1249 815 1304 amicorumque
842 1249 1092 1291 miserabilis
1122 1254 1307 1304 strages,
1344 1265 1443 1293 mox
1474 1250 1554 1292 dis-

111 1307 253 1349 cordia
295 1308 428 1349 ciuilis
459 1321 644 1363 seuaque
686 1312 930 1349 exterorum
960 1307 1142 1362 irrupcio
1173 1322 1221 1349 ac
1257 1309 1387 1350 tocius
1417 1309 1553 1364 patrie

110 1366 329 1407 teterrima
367 1366 543 1407 uastitas
584 1366 886 1420 insequeretur.
957 1364 1052 1406 Hec
1083 1369 1125 1407 et
1167 1371 1446 1408 consentanea
1475 1380 1552 1408 rex

110 1423 268 1466 crebris
307 1423 528 1479 anxiisque
568 1423 795 1479 gemitibus
837 1427 1108 1478 prosecutus,
1150 1437 1229 1479 que
1260 1425 1445 1466 maxime
1477 1425 1553 1466 sibi

109 1482 360 1534 conducant,
378 1481 637 1523 Absalonem
670 1481 876 1536 dispicere
907 1481 1035 1523 iubet.
1080 1481 1173 1533 Ille,
1206 1495 1249 1523 se
1270 1482 1376 1523 nihil
1397 1496 1422 1523 a
1445 1483 1556 1538 regis

110 1540 379 1582 estimacione
397 1539 607 1582 diuersum
639 1539 913 1595 perpendere,
944 1539 1086 1591 refert,
1110 1539 1311 1595 prefatus,
1342 1541 1478 1595 ipsum
1501 1555 1555 1582 ex

109 1596 356 1653 repensstino
388 1597 575 1640 uindicte
605 1612 807 1653 procursu
836 1612 923 1639 non
952 1598 1088 1639 leuius
1119 1597 1232 1639 fame
1272 1596 1551 1654 dis'pendium

110 1670 237 1712 quam
258 1656 406 1697 salutis
428 1670 483 1697 ex
504 1656 709 1697 dilacione
733 1660 969 1711 capturum.
1012 1655 1148 1704 Quam
1171 1656 1224 1697 ob
1246 1670 1336 1698 rem
1367 1656 1554 1698 animad-

110 1714 315 1756 uersionis
353 1714 419 1755 ius
460 1713 603 1755 diuino
643 1713 973 1768 permittendum
1014 1713 1207 1766 arbitrio,
1250 1715 1321 1769 qui
1361 1715 1472 1770 potis
1502 1715 1555 1756 sit

109 1772 304 1824 insidias,
348 1785 449 1826 quas
491 1772 683 1822 eluserit,
725 1772 963 1827 publicare,
1007 1771 1079 1813 sed
1121 1785 1256 1827 neque
1288 1786 1399 1822 rem,
1436 1773 1554 1814 cuius

111 1830 337 1871 multitudo
371 1830 537 1872 conscia
569 1831 634 1883 sit,
657 1830 818 1871 diutule
839 1830 993 1883 uulgus
1018 1830 1150 1871 latere
1171 1844 1304 1884 posse.
1346 1829 1554 1872 Hortatur

110 1887 276 1940 deinde,
310 1889 493 1943 corporis
519 1888 583 1929 sui
614 1888 846 1929 custodiam
868 1888 1074 1929 consuetis
1097 1888 1315 1929 comitibus
1347 1888 1554 1930 attencius

110 1945 309 1999 mandet,
348 1946 576 2001 iubeatque
616 1960 849 2001 numquam
888 1946 966 1987 sibi
1006 1946 1186 1987 inermes
1227 1946 1446 1997 assistere,
1477 1960 1555 1987 nec

111 2004 246 2058 magis
277 2004 458 2045 salutem
489 2018 609 2045 suam
642 2004 802 2045 diurnis
825 2018 970 2045 eorum
1005 2003 1153 2045 officiis
1187 2018 1313 2058 quam
1343 2004 1554 2045 nocturnis

111 2061 300 2103 excubiis
330 2062 483 2103 uallari
514 2066 642 2103 curet.
705 2062 773 2103 Sic
804 2063 916 2103 enim
948 2062 1261 2103 coniuratorum
1292 2061 1477 2116 aliquos,
1509 2075 1554 2103 se

110 2120 296 2175 proditos
320 2120 591 2174 suspicantes,
613 2121 879 2175 repentinum
900 2120 1102 2175 propositi
1134 2119 1335 2161 indicium
1357 2119 1552 2161 edituros.

112 2178 293 2219 Gratum
338 2177 614 2219 Waldemaro
653 2179 873 2219 consilium
922 2178 1015 2220 fuit.
1096 2177 1237 2230 Cuius,
1289 2176 1553 2218 Roskildiam

111 2236 352 2291 linquentis,
375 2235 565 2281 Absalon
586 2236 782 2278 comitem
800 2250 942 2291 agens,
960 2236 1210 2277 sollicitatur
1227 2249 1251 2276 a
1266 2234 1432 2287 Carolo,
1449 2235 1553 2290 peti-

112 2293 240 2336 cionis
253 2308 327 2335 sue
342 2298 496 2349 partes,
513 2308 617 2349 quas
632 2308 767 2349 nuper
784 2294 897 2350 apud
910 2308 1055 2349 regem
1069 2293 1216 2348 egerit,
1235 2294 1396 2334 iterare.
1430 2292 1553 2341 Quod

113 2356 370 2406 exsequente
401 2365 466 2401 eo,
498 2352 774 2407 respondetur
806 2366 830 2392 a
851 2366 964 2405 rege,
995 2365 1135 2392 raram
1157 2351 1347 2392 beneficii
1367 2351 1554 2405 graciam

113 2423 217 2463 esse,
248 2410 358 2464 quod
390 2410 598 2464 accipiens
639 2409 861 2464 parricidio
894 2423 1070 2464 pensare
1111 2408 1291 2450 studeat.
1352 2408 1554 2450 Preterea

113 2468 263 2508 miram
296 2467 561 2522 quorundam
600 2468 779 2522 ingeniis
810 2472 852 2508 et
882 2467 1056 2509 fallendi
1087 2467 1361 2521 pertinaciam
1400 2470 1443 2507 et
1473 2466 1554 2507 dis-

113 2525 338 2566 simulandi
368 2526 503 2567 inesse
535 2526 784 2567 uersuciam.
852 2525 906 2567 Se
927 2525 1214 2576 nihilominus,
1246 2538 1341 2565 cum
1370 2524 1554 2578 primum

113 2582 270 2624 lutiam
295 2583 516 2636 introierit,
548 2583 743 2624 insidioso
765 2583 887 2623 militi
909 2583 1150 2624 munificum
1182 2582 1384 2633 futurum,
1415 2595 1441 2622 a
1473 2595 1554 2636 quo

111 2641 302 2696 potencie
345 2642 409 2683 ius
448 2641 492 2682 in
531 2640 573 2681 id
612 2641 795 2682 maxime
836 2641 989 2695 uulgus
1029 2639 1217 2681 affectari
1256 2653 1339 2681 non
1376 2638 1553 2682 dubitet,

1611 734 1704 767 (350)

1589 1596 1793 1626 cnxxxlh

1642 1631 1741 1664 p0901
