1884 3126
275 900 312 927 10

283 1188 313 1214 15

276 1480 313 1506 20

276 1765 313 1792 25

277 2059 314 2086 30

277 2345 314 2373 35

279 2635 315 2663 40

350 237 428 277 138
939 233 1198 274 -V-

345 361 471 414 cidit3
514 362 660 415 aperte
702 359 963 415 superiorem
1003 360 1174 415 petitori
1215 360 1478 416 exprobrans
1511 375 1669 404 casum.
1729 360 1788 402 At

345 420 436 472 ille,
479 417 670 460 exhibita
710 418 845 473 pelle,
878 418 1069 474 crepidas
1099 423 1234 471 creat,
1269 433 1373 474 quas
1404 419 1586 461 abietino
1619 419 1788 473 gummi,

345 475 562 520 interfusis
592 475 759 518 mixtim
791 475 984 530 harenis,
1018 475 1273 530 oblin[i]ens,
1306 490 1389 532 quo
1421 477 1580 518 firmius
1610 477 1789 532 uestigia

346 538 537 591 poneret,
570 533 656 576 suis
688 547 943 590 suorumque
989 534 1169 590 pedibus
1214 534 1449 590 adaptauit.
1511 534 1788 577 Considerato

346 592 542 644 tandem,
582 605 705 647 quem
748 592 964 633 certamini
996 593 1135 634 locum
1166 593 1349 648 legeret,
1392 592 1601 635 terrestris
1646 607 1790 648 pugne

347 657 388 694 et
410 651 545 693 tocius
566 649 756 691 militaris
789 664 918 705 opere
950 650 1096 692 rudem
1128 665 1172 692 se
1205 650 1403 702 referens,
1435 665 1628 706 campum
1660 651 1790 706 gelati

346 709 469 750 maris
512 708 717 763 exposcit.
778 707 829 748 In
870 708 983 750 hunc
1026 709 1215 764 utrisque
1261 723 1513 751 consensum
1556 714 1633 751 est.
1694 709 1788 751 Rex

344 766 620 823 apparatibus
666 765 856 807 inducias
903 766 1117 819 tribuens,
1163 765 1392 810 Westmari
1439 767 1546 809 filios
1593 766 1790 809 secedere

344 826 474 878 iubet,
504 824 785 878 incongruum
816 837 1031 877 asserens,
1070 824 1199 867 eciam
1234 825 1343 867 male
1376 825 1572 866 meritum
1604 824 1789 881 hospicio

343 884 554 926 aduenam
587 882 702 937 pelli.
744 881 911 924 Deinde
943 881 996 923 ad
1027 883 1370 937 inuestigandum
1392 882 1581 939 supplicii
1604 883 1790 936 modum,

347 942 464 983 cuius
498 939 696 995 exigendi
729 939 948 981 arbitrium
986 941 1131 995 regine
1170 940 1471 993 mandauerat,
1511 940 1634 983 redit.
1697 941 1791 990 Que

346 1014 464 1052 cum,
509 998 664 1040 omissa
705 1011 902 1049 censura,
945 999 1111 1048 ueniam
1153 998 1288 1054 lapsui
1329 1003 1595 1054 precaretur,
1636 998 1792 1041 adiecit

345 1057 515 1099 Ericus:
548 1055 813 1097 Muliebriter
845 1056 992 1097 erratis
1025 1057 1167 1112 sepius
1210 1056 1515 1111 ignoscendum
1560 1071 1672 1109 esse,
1713 1071 1791 1098 nee

346 1130 498 1171 penam
525 1112 802 1168 infligendum
836 1112 977 1168 [esse],
1009 1115 1089 1156 nisi
1111 1115 1317 1157 correceio
1341 1115 1508 1170 culpam
1530 1115 1791 1170 nequiuisset

344 1178 552 1215 auertere.
594 1172 855 1226 Ignouitque
873 1171 1117 1213 Hannunde
1140 1186 1225 1214 rex.
1263 1173 1507 1228 Appetente
1530 1173 1789 1227 crepusculo,

345 1231 473 1287 Apud
497 1231 716 1283 Getarum,
750 1230 884 1285 inquit
907 1229 1068 1283 Ericus,
1102 1231 1312 1286 epulaturi
1343 1231 1385 1272 in
1418 1231 1616 1272 conuiuio
1648 1231 1791 1272 militis

347 1304 428 1332 non
459 1288 603 1333 solum,
630 1288 833 1330 cenacula
864 1292 1165 1343 procurantur,
1204 1288 1280 1330 sed
1315 1289 1448 1330 eciam
1479 1302 1554 1344 per
1584 1289 1790 1343 ascriptos

346 1361 570 1389 consessus
602 1346 706 1387 certi
738 1344 1057 1401 distinguuntur
1088 1346 1319 1388 accubitus.
1375 1346 1470 1388 Rex
1504 1347 1607 1396 loca,
1639 1346 1791 1402 quibus

346 1406 507 1447 athlete
540 1404 605 1446 sui
637 1403 894 1454 insederant,
928 1404 1175 1459 occupanda
1205 1403 1413 1447 concedit.
1464 1404 1629 1446 Deinde
1661 1418 1792 1446 uerna

345 1463 519 1519 epulum
560 1462 694 1504 affert.
756 1461 815 1503 At
856 1461 1028 1515 Ericus,
1073 1463 1283 1504 comitatis
1324 1463 1442 1517 regie
1483 1476 1566 1503 non
1607 1463 1792 1517 ignarus,

346 1536 428 1577 qua
475 1519 749 1576 prandiorum
792 1520 852 1561 uti
897 1520 1083 1576 reliquiis
1130 1520 1379 1574 uetabatur,
1426 1520 1625 1566 frustum,
1673 1520 1792 1561 cuius

346 1579 598 1635 particulam
620 1577 858 1629 delibasset,
883 1578 1050 1631 abiecit,
1081 1578 1267 1633 integras
1305 1592 1420 1620 escas
1441 1578 1582 1620 lacera
1604 1578 1791 1620 ciborum

346 1638 586 1693 fiagmenta
631 1633 1011 1691 11011111110118.Ι10
1051 1636 1363 1678 rarescentibus
1411 1636 1567 1691 epulis,
1614 1636 1791 1677 ministri

346 1696 450 1737 alias
482 1694 623 1750 inopie
656 1701 784 1749 atque
814 1693 1070 1736 uerecundie
1095 1698 1351 1759 suggerunt,
1382 1694 1560 1748 paruule
1591 1708 1694 1736 cene
1718 1694 1792 1735 im-

346 1753 606 1809 pendentes,
655 1751 765 1807 quod
800 1751 948 1806 grandi
981 1751 1178 1793 conuiuio
1212 1751 1405 1794 sufficere
1436 1752 1657 1806 potuisset.
1719 1752 1791 1793 Ait

347 1825 448 1867 ergo
491 1824 590 1852 rex:
631 1810 862 1851 Assoletne
903 1810 1048 1852 (101011
1095 1809 1213 1852 miles
1259 1814 1414 1851 tactam
1461 1811 1590 1851 semel
1638 1809 1789 1865 dapem

346 1874 548 1924 tanquam
580 1868 753 1909 amolita
785 1867 974 1909 ciborum
1007 1871 1147 1909 crusta
1187 1866 1429 1923 disperdere
1461 1867 1679 1923 primaque
1710 1867 1792 1909 fer-

348 1927 443 1969 cula
466 1926 707 1968 ultimorum
742 1926 822 1966 ritu
857 1925 1110 1980 fragminum
1142 1925 1390 1980 aspernari?
1430 1925 1499 1966 Ad
1523 1925 1599 1967 hee
1621 1925 1791 1967 Ericus:

346 1985 462 2027 Nihil
493 1985 573 2026 sibi
606 1983 658 2025 de
690 1983 834 2026 601011
866 1984 1053 2026 moribus
1084 1983 1300 2025 incondita
1332 1983 1574 2025 uendicauit
1606 1983 1792 2034 affeccio,

345 2043 447 2085 nihil
490 2041 723 2084 assuetudo
766 2041 1046 2097 incomposita
1086 2041 1290 2096 possidet.
1353 2041 1411 2082 At
1451 2041 1631 2083 Frotho:
1675 2041 1790 2096 Ergo

347 2100 507 2143 domini
537 2099 599 2141 tui
630 2099 818 2141 moribus
850 2099 1032 2152 discors,
1073 2113 1158 2140 non
1191 2112 1356 2140 omnem
1387 2099 1578 2153 argueris
1610 2099 1791 2154 pruden-

347 2159 451 2201 ciam
475 2156 721 2200 attendisse.
766 2157 847 2205 Qui
877 2157 986 2198 enim
1008 2157 1213 2199 maimum
1238 2157 1445 2211 exemplis
1468 2157 1625 2208 obuiat,
1658 2162 1791 2198 trans-

346 2217 493 2272 fugam
524 2230 574 2257 ac
605 2215 865 2257 defectorem
897 2229 942 2256 se
974 2215 1142 2270 probat.
1204 2214 1312 2256 Tum
1345 2214 1516 2257 Ericus:
1558 2214 1734 2270 Sapiens
1767 2230 1792 2256 a

346 2273 598 2330 sapienciori
630 2272 783 2314 erudiri
818 2273 957 2315 debet.
999 2271 1213 2314 Discendo
1246 2273 1356 2314 enim
1389 2272 1581 2314 doctrina
1611 2272 1790 2327 proficit,

347 2333 548 2387 dogmate
581 2330 799 2386 disciplina
831 2330 1094 2385 prouehitur.
1137 2330 1297 2372 Contra
1318 2330 1500 2372 Frotho:
1533 2330 1643 2378 Quid
1665 2330 1791 2371 michi

346 2390 601 2446 exemplaris
622 2388 864 2431 documenti
896 2388 974 2430 hec
1005 2393 1079 2430 tue
1109 2387 1412 2443 superfluitatis
1434 2388 1616 2429 imitacio
1641 2380 1790 2429 dabit?

344 2448 415 2491 Ad
446 2449 524 2490 hec
550 2446 725 2489 Ericus:
757 2445 914 2488 Tucius
945 2460 1087 2502 regem
1118 2445 1224 2488 fides
1256 2446 1450 2500 paruula,
1485 2460 1610 2510 quam
1642 2446 1789 2501 ingens

346 2506 479 2549 uallat
498 2505 687 2560 perfidia.
730 2503 808 2546 Oui
828 2503 1014 2546 Frotho.
1046 2503 1162 2559 Ergo
1184 2507 1230 2545 tu
1251 2517 1327 2545 nos
1349 2503 1617 2546 accuraciore
1641 2503 1789 2546 ceteris

347 2563 551 2620 obsequio
594 2561 913 2617 complecteris?
974 2561 1083 2604 Tum
1120 2560 1290 2604 Ericus:
1331 2560 1467 2604 Nemo
1511 2575 1596 2603 non
1642 2566 1790 2603 natum

347 2622 528 2672 stabulo,
561 2625 635 2663 aut
667 2620 900 2674 ingenitum
931 2619 1126 2676 Ρ108οΡ10
1149 2619 1344 2675 applicat.
1386 2618 1578 2661 Necdum
1603 2619 1789 2660 omnium
