1884 3126
202 915 235 941 10

197 1203 232 1229 15

195 1490 232 1516 20

195 1780 230 1805 25

194 2067 229 2094 30

193 2354 228 2381 35

195 2641 231 2667 40

273 258 356 298 348
857 250 1128 292 -X—

273 386 508 433 teneretur,
555 379 734 433 aperuit.
810 378 907 420 Rex
963 381 1080 420 tante
1126 376 1456 432 conspiracionis
1513 377 1712 419 nuncium

274 439 459 481 exercitu
496 437 761 490 subsecutus,
793 451 846 477 ne
879 437 1058 478 rumoris
1090 440 1305 477 auctorem
1337 435 1497 489 premio
1530 449 1711 476 uacuum

271 496 510 552 preteriret,
557 491 695 546 fidem,
736 493 891 547 nuncii,
923 493 1036 549 quod
1069 499 1111 534 et
1150 494 1320 547 longam
1355 496 1396 534 et
1432 493 1711 547 periculosam

270 553 593 606 nauigacionem
638 557 808 606 egerat,
853 552 1000 606 premii
1051 552 1144 592 1000
1198 550 1325 591 duum
1379 550 1573 605 iugerum
1623 551 1714 606 agri

271 611 434 652 Scanici
466 610 701 652 donacione
734 610 945 664 pensauit.

407 667 576 709 Interea
625 666 808 719 Olauus,
851 667 983 708 classe
1026 680 1101 707 sua
1149 666 1261 721 apud
1309 666 1540 707 insularum
1586 680 1712 707 unam

269 725 534 779 acquiescere
575 725 705 778 iussa,
748 724 878 765 habili
911 724 1197 779 expeditoque
1244 723 1414 777 nauigio
1456 723 1713 765 Sialandiam

267 783 411 837 peciit.
473 782 557 823 Vbi
588 783 840 824 accersitum
874 782 1088 823 concionis
1120 781 1287 823 nomine
1319 782 1522 837 populum
1558 781 1611 822 ad
1643 782 1713 824 de-

269 840 502 889 dicionem,
546 854 670 894 quam
714 840 876 894 potuit,
922 839 1196 881 disertissimo
1238 840 1497 894 prouocabat
1531 840 1711 895 eloquio,

268 898 393 939 modo
436 898 751 963 uniuersorum,
794 897 918 938 modo
964 897 1225 952 singulorum
1266 898 1508 953 compositis
1550 898 1712 939 blandi-

268 957 424 997 ciarum
449 956 658 1009 figmentis
683 957 845 997 animos
869 955 1163 1000 demulcendo
1197 970 1290 996 eam
1318 955 1486 996 demum
1511 956 1712 997 tuciorem

269 1013 504 1068 potenciam
530 1014 716 1067 credens,
751 1028 833 1069 que
855 1027 959 1069 pace
983 1013 1115 1067 magis
1138 1027 1265 1068 quam
1287 1014 1420 1068 prelio
1444 1013 1711 1055 constitisset.

269 1072 405 1125 Igitur
438 1087 461 1112 a
493 1073 698 1112 maiorum
743 1071 927 1127 quodam
971 1076 1065 1112 astu
1101 1072 1409 1137 benignissime
1429 1071 1713 1126 responsionis

267 1134 486 1183 exceptus
520 1130 765 1170 simulatum
798 1130 934 1183 plebis
965 1129 1156 1170 fauorem
1184 1143 1258 1184 spe
1284 1128 1440 1171 eximia
1462 1130 1713 1184 complecte-

266 1187 403 1228 batur.
455 1187 648 1228 Tandem
680 1187 791 1228 inter
825 1187 988 1227 uarium
1020 1187 1155 1241 plebis
1188 1187 1441 1242 tyrannique
1472 1200 1714 1229 sermonem

266 1245 581 1299 speculatorum
629 1259 737 1286 unus
786 1260 839 1286 cx
885 1244 1104 1286 maritimis
1153 1246 1486 1300 superueniens,
1537 1244 1714 1299 grandia

266 1303 389 1344 terris
409 1303 503 1343 uela
522 1303 806 1357 propinquare
824 1304 1036 1344 narrabat.
1081 1303 1217 1357 Igitur
1234 1303 1508 1344 fluctuantem
1528 1302 1710 1344 Olauum

266 1361 416 1411 senior,
451 1362 560 1415 regis
583 1361 817 1402 aduentum
841 1362 1080 1416 opperiens,
1115 1362 1312 1402 interrito
1335 1375 1379 1402 30
1402 1361 1539 1403 animo
1559 1375 1710 1415 gerere

266 1418 527 1470 cohortatus,
563 1423 809 1459 consuetam
831 1419 1042 1459 littoribus
1065 1433 1249 1460 mercem
1272 1418 1429 1460 aduehi
1450 1418 1708 1473 predicabat,

264 1490 347 1516 non
370 1477 493 1516 aliam
519 1476 733 1531 premendi
763 1476 919 1516 inimici
954 1477 1221 1518 occasionem
1264 1477 1477 1531 apciorem
1520 1476 1708 1518 futuram

265 1537 405 1584 ratus,
448 1548 571 1588 quam
613 1535 645 1574 si
687 1534 828 1576 odium
874 1532 1179 1589 belniuolencie
1219 1535 1357 1589 specie
1395 1534 1708 1590 suppressisset,

265 1605 465 1646 spemque
491 1592 579 1633 eius
605 1606 712 1633 uano
736 1606 933 1633 sermone
965 1593 1215 1648 protrahere
1247 1593 1470 1648 potuisset.
1513 1591 1710 1634 Secundo

266 1662 436 1703 quoque
468 1650 558 1704 piri
590 1650 741 1690 nuncio
775 1655 967 1704 acceptO,
988 1651 1290 1697 concionantis
1324 1656 1480 1692 metum
1504 1650 1710 1691 consimili

264 1706 555 1749 affirmacione
601 1708 809 1749 discussit.
872 1707 979 1748 Tum
1025 1709 1193 1749 demum
1226 1708 1387 1750 Olauus
1428 1707 1709 1749 assercionem

265 1765 352 1805 eius
385 1766 625 1820 suspicione
660 1766 901 1816 insecutus,
947 1766 1146 1807 emissum
1178 1767 1220 1807 in
1251 1767 1369 1807 littus
1402 1765 1708 1821 speculatorem

264 1822 489 1877 explorare
523 1823 652 1874 iubet,
686 1823 942 1865 Kanutusne
977 1828 1113 1874 esset,
1148 1838 1199 1865 an
1233 1824 1550 1878 negociatorum
1582 1823 1710 1878 aliqui

265 1880 474 1921 uenientis
507 1881 716 1921 exercitus
750 1881 935 1935 speciem
966 1881 1253 1947 prebuissent.
1312 1881 1406 1929 Quo
1438 1895 1613 1923 reuerso
1647 1895 1709 1923 se-

265 1951 346 1992 que
378 1937 574 1993 frequens
619 1939 753 1980 classe
793 1940 973 1994 pelagus
1014 1940 1286 1994 prospexisse
1316 1939 1579 1994 perhibente,
1612 1953 1710 1980 con-

263 1996 380 2035 tinuo
429 2010 573 2037 senem
622 1997 831 2037 mendacii
879 1997 1085 2038 damnans
1135 1997 1387 2052 colloquium
1429 1996 1570 2039 soluit.
1631 1996 1709 2038 Ille

261 2053 532 2094 nihilominus
556 2068 658 2094 uera
682 2068 726 2095 se
752 2055 893 2095 onmia
916 2056 1110 2096 retulisse
1140 2055 1413 2108 contendens,
1446 2069 1519 2097 eos
1552 2054 1707 2096 aduen-

262 2115 352 2151 tare
375 2111 555 2164 dicebat,
589 2126 612 2151 a
635 2112 787 2166 quibus
812 2112 997 2154 Daniam
1028 2112 1139 2154 ferro
1165 2127 1410 2179 comparare
1435 2115 1528 2170 quis
1551 2117 1705 2167 posset.

262 2167 438 2221 Olauus,
469 2170 540 2209 uix
582 2169 683 2223 fuga
725 2184 846 2219 usus,
889 2171 1093 2225 pertinaci
1137 2171 1310 2225 remigio
1354 2172 1510 2213 sociam
1554 2170 1708 2225 repetit

262 2227 452 2268 classem.
486 2227 676 2269 Subinde
694 2226 895 2269 Kanutus
919 2233 1088 2283 portum
1112 2206 1266 2270 classeo
1270 2229 1532 2282 complexus,
1550 2228 1707 2270 uictum

261 2284 407 2325 labore
440 2286 646 2340 remigem
678 2289 885 2326 nocturna
917 2287 1060 2342 quiete
1091 2286 1287 2328 firmauit.
1349 2286 1435 2328 Vbi
1466 2287 1520 2328 ab
1551 2286 1709 2337 incolis,

261 2342 505 2383 Omundum
547 2343 734 2385 terrestri
772 2344 942 2398 agmine
976 2344 1185 2386 Scaniam.
1215 2344 1429 2385 Vluonem
1461 2344 1601 2385 nauali
1633 2344 1707 2384 flu-

263 2400 376 2440 uium
408 2401 587 2455 Helgam
621 2414 864 2455 occupasse,
898 2402 1144 2454 cognoscit.
1170 2402 1268 2457 Ipse
1300 2402 1430 2456 igitur
1462 2401 1706 2444 Omundum

265 2458 432 2512 excipit,
459 2459 633 2500 classem
655 2458 707 2499 ad
731 2459 1051 2513 opprimendos,
1085 2460 1155 2514 qui
1177 2459 1229 2500 ad
1252 2473 1417 2501 amnem
1439 2460 1704 2516 appulerant,

266 2514 403 2556 mittit.
450 2516 490 2556 A
512 2530 594 2581 quo
620 2531 715 2557 cum
736 2517 909 2558 nauium
942 2517 1070 2559 duces
1094 2517 1336 2558 Omundum
1368 2517 1480 2583 apud
1502 2517 1703 2570 Stangam

263 2578 449 2613 montem
480 2573 635 2627 insigni
665 2587 810 2628 pugna
843 2574 1043 2615 obrutum
1078 2575 1395 2640 comperissent,
1427 2575 1504 2630 ipsi
1537 2588 1704 2629 quoque

263 2626 604 2685 consenltaneam
625 2631 886 2675 fortitudinis
908 2646 1084 2689 operam
1106 2632 1235 2675 edere
1258 2633 1488 2688 cupientes,
1519 2647 1585 2686 ne,
1606 2645 1707 2687 rege

1766 1555 1790 1580 p.
1811 1548 1861 1574 518

1760 2650 1786 2675 p.
1806 2643 1856 2669 519
