1884 3126
114 882 152 909 10

114 1173 150 1200 15

115 1463 153 1491 20

115 1753 152 1780 25

117 2043 154 2070 30

117 2332 154 2360 35

765 239 818 245 -·
880 213 945 256 IX
1009 240 1059 246 -
1556 220 1637 262 307

187 354 305 382 sessu
328 344 562 382 ueneratus
585 343 662 382 est.
706 339 817 396 Sepe
848 340 980 382 eciam
1013 340 1148 395 donis,
1180 341 1391 384 interdum
1425 342 1638 401 benignis-

188 399 294 440 simo
328 399 538 440 recreauit
570 399 773 454 alloquio.
821 398 904 446 Qui
937 413 1030 440 cum
1063 403 1181 440 tante
1214 399 1509 442 honoracionis
1543 415 1638 443 cau-

186 471 275 498 sam
307 472 332 499 a
363 457 486 498 nullo
514 471 590 498 suo
624 458 774 498 merito
806 457 1040 512 profectam
1073 458 1442 511 animaduerteret,
1479 460 1637 526 cogita-

187 516 306 558 eione
348 516 464 557 uarie
506 516 695 564 deflexa,
738 529 791 556 ex
835 529 979 556 amore
1012 515 1096 556 filie
1128 530 1203 557 sue
1235 517 1405 557 tacitam
1440 518 1634 573 principis

185 573 483 614 liberalitatem
518 573 788 615 descendisse
815 573 1031 627 cognouit,
1066 573 1336 615 libidinosum
1369 577 1635 630 propositum

186 631 462 674 humanitatis
502 632 673 673 nomine
718 631 961 673 colei-antis.
1026 631 1186 684 Quam,
1234 637 1279 672 ut
1320 635 1633 676 exactissimum

186 690 367 732 amantis
399 691 616 744 ingenium
647 689 945 742 frustraretur,
979 694 1096 730 tanto
1130 690 1359 745 impensius
1392 689 1634 747 oblseruan-

187 748 282 789 dam
316 748 494 795 curauit,
528 752 686 803 quanto
721 762 814 789 eam
847 748 1148 789 latericioribus
1182 748 1332 790 studiis
1363 763 1412 791 ac
1444 751 1633 803 peruica-

186 806 369 848 cioribus
401 806 535 848 modis
568 806 717 847 ambiri
750 807 968 859 comperit.
1022 805 1183 847 Verum
1217 806 1458 860 Regnel’us,
1491 810 1633 851 certis-

183 866 288 906 simo
312 879 542 907 consensus
569 865 657 906 eius
690 865 844 907 nuncio
878 868 1105 915 recreatus,
1136 865 1292 915 uillam,
1325 866 1366 905 in
1391 880 1472 921 qua
1495 881 1632 908 asser-

185 923 378 976 uabatur,
411 923 603 975 accessit,
636 922 824 977 nihilque
857 923 988 962 amori
1022 922 1185 962 inuium
1216 931 1384 977 putans,
1418 925 1458 965 in
1491 925 1630 967 uicino

185 981 396 1036 quendam
448 982 603 1023 rustice
652 981 739 1021 uite
784 981 994 1022 solitarius
1046 981 1236 1035 hospicio
1291 982 1429 1035 peciit.
1492 983 1630 1037 Mane,

185 1038 470 1081 comssmutata
512 1054 608 1081 cum
649 1038 816 1080 feminis
858 1043 999 1091 ueste,
1043 1039 1176 1080 amice
1218 1040 1384 1081 laneum
1420 1054 1524 1095 opus
1557 1056 1628 1082 ex-

185 1098 356 1153 plicanti
389 1097 651 1140 muliebriter
683 1097 819 1138 cultus
851 1097 1006 1143 astitit,
1048 1098 1326 1153 uirgineoque
1360 1100 1475 1153 operi
1510 1099 1635 1141 rudes

182 1156 347 1197 artificii
370 1170 520 1197 manus
560 1155 722 1206 callide,
755 1168 807 1196 ne
837 1155 1107 1210 proderetur,
1140 1156 1351 1207 admouit,
1386 1163 1511 1198 nocte
1534 1171 1633 1199 uero

184 1214 295 1255 uotis
318 1214 525 1269 uirginem
548 1214 817 1269 amplexatus
850 1213 1038 1254 indulsit.
1084 1212 1288 1268 Cumque,
1322 1212 1636 1258 maturescente

184 1278 335 1328 partu,
366 1277 575 1313 temerate
607 1271 814 1327 pudicicie
850 1271 1012 1312 facinus
1046 1271 1271 1313 tumidiore
1302 1272 1442 1327 puelle
1477 1275 1635 1326 gremio

184 1330 452 1386 proderetur,
488 1331 674 1372 incertus
706 1334 839 1384 pater,
873 1330 939 1369 cui
964 1344 1009 1375 se
1032 1329 1118 1370 filia
1139 1329 1410 1385 polluendam
1436 1331 1635 1378 dedisset,

186 1391 431 1444 ignoratum
478 1389 613 1443 stupri
662 1392 877 1429 auctorem
923 1401 976 1428 ex
1014 1387 1106 1442 ipsa
1151 1388 1332 1430 maxime
1379 1402 1635 1443 cognoscere

184 1447 497 1502 perseuerauit.
545 1446 641 1495 Qua
673 1460 742 1499 se,
788 1445 997 1487 neminem
1029 1450 1172 1500 preter
1203 1446 1498 1501 pedissequam
1540 1449 1637 1490 lecti

184 1505 434 1561 participem
469 1504 692 1558 habuisse,
734 1504 993 1559 pertinacius
1025 1503 1286 1557 affirmante,
1328 1518 1414 1545 rem
1448 1507 1534 1560 regi
1568 1521 1636 1548 co-

184 1562 473 1618 gnoscendam
508 1562 741 1604 mandauit.
805 1561 904 1615 Ille,
945 1562 1154 1604 insontem
1195 1562 1395 1603 famulam
1438 1563 1635 1606 inusitata

186 1622 488 1663 criminacione
521 1621 658 1662 notari
693 1635 777 1662 non
807 1620 1044 1674 sustinens,
1085 1620 1242 1675 proprii
1275 1620 1439 1662 sceleris
1472 1623 1634 1676 profes-

186 1680 303 1721 sione
348 1679 484 1721 aliene
526 1679 775 1720 innocencie
815 1678 942 1720 fidem
984 1678 1122 1719 facere
1165 1692 1249 1719 non
1297 1679 1478 1721 erubuit.
1542 1681 1635 1729 Qua

184 1738 444 1779 humanitate
478 1741 519 1778 et
550 1737 769 1779 muliebris
814 1737 1022 1778 calumnie
1063 1741 1204 1791 partes
1246 1737 1430 1791 reppulit
1470 1743 1536 1789 et,
1581 1754 1634 1780 ne

186 1795 391 1837 ridiculus
433 1809 578 1836 rumor
620 1795 734 1850 apud
776 1794 991 1850 improbas
1034 1808 1158 1836 aures
1199 1800 1432 1847 sereretur,
1482 1796 1632 1838 effecit.

185 1854 391 1896 Preterea
413 1853 673 1908 gignendum
699 1869 750 1895 ex
774 1868 824 1895 ea
856 1853 986 1894 filium
1016 1853 1080 1893 sui
1113 1853 1329 1906 sanguinis
1363 1867 1468 1906 esse,
1501 1854 1631 1909 quod-

186 1926 270 1967 que
312 1926 408 1954 eum
440 1911 667 1953 Vbbonem
709 1911 945 1967 nuncupari
991 1911 1143 1962 uellet,
1189 1910 1354 1952 adiecit.
1417 1911 1498 1959 Qui
1539 1926 1632 1953 cum

185 1970 458 2026 aliquatenus
482 1970 758 2024 excreuisset,
785 1974 932 2011 tenere
955 1969 1077 2010 etatis
1100 1969 1271 2023 ingenio
1295 1977 1459 2010 mature
1482 1969 1634 2011 discre-

188 2028 318 2069 cionis
371 2027 562 2069 habitum
615 2027 914 2084 apprehendit.
984 2026 1133 2067 Matris
1186 2027 1295 2068 enim
1348 2026 1634 2082 dileccionem,

187 2086 302 2141 quod
328 2086 554 2127 excellenti
577 2101 622 2128 se
644 2087 766 2128 thoro
788 2085 1037 2134 miscuisset,
1059 2085 1293 2139 amplexus,
1310 2086 1631 2127 ueneraeionem

186 2144 348 2199 patris,
391 2143 504 2199 quo'd
539 2144 590 2185 ad
624 2145 913 2186 obscuriorem
958 2144 1067 2184 iusto
1102 2143 1295 2197 copulam
1330 2142 1631 2198 descendisset,

186 2202 350 2244 abiecit.

328 2260 433 2301 Post
467 2259 543 2301 hee
574 2259 820 2314 Regnerus,
863 2258 1186 2314 expedicionem
1218 2259 1255 2298 in
1291 2258 1632 2313 Hellesponticos

182 2331 362 2373 parans,
414 2321 654 2373 uocataque
695 2317 916 2359 Danorum
971 2317 1193 2369 concione,
1245 2316 1542 2358 saluberrimas
1583 2332 1629 2357 se

186 2376 345 2432 populo
388 2376 504 2430 leges
544 2376 730 2417 laturum
773 2377 1049 2432 promittens,
1092 2379 1138 2415 ut
1170 2373 1459 2429 unusquisque
1492 2380 1631 2430 pater-

187 2433 391 2485 familias,
434 2434 540 2475 sicut
569 2437 573 2479 l
601 2438 720 2487 ante,
763 2447 887 2488 quem
920 2433 1075 2474 minimi
1108 2433 1215 2473 inter
1246 2432 1401 2473 liberos
1434 2432 1629 2485 duxerat,

187 2492 464 2533 militaturum
507 2491 751 2545 exhiberet,
798 2493 858 2533 ita
898 2497 998 2533 tunc
1039 2490 1290 2532 ualencioris
1333 2503 1459 2544 opere
1502 2491 1630 2531 filium

190 2556 264 2592 aut
295 2550 559 2605 probaeioris
590 2549 688 2591 fidei
719 2564 888 2591 seruum
922 2554 1127 2600 armaret,
1174 2547 1317 2588 edixit.
1380 2547 1472 2595 Quo
1503 2548 1629 2603 facto,

119 2622 156 2650 ⁴0
188 2608 397 2660 omnibus,
428 2621 534 2663 quos
568 2621 621 2649 ex
653 2607 796 2649 Thera
827 2613 1143 2663 procreauerat,
1177 2605 1284 2659 filiis,
1316 2612 1457 2660 preter
1479 2605 1627 2649 Vbbo-

1427 2673 1492 2708 ΞΟ*

1687 714 1715 738 p.
1743 706 1789 731 4:31

1682 1052 1790 1080 Kella
