1884 3126
194 881 226 908 10

190 1171 225 1199 15

189 1462 228 1489 20

188 1751 226 1778 25

190 2040 228 2067 30

190 2329 226 2356 35

192 2606 228 2633 40

255 223 310 264 20
852 220 1102 264 —1—

399 346 585 391 Secundi
616 352 713 404 post
735 348 829 403 hos,
860 348 1038 404 primam
1060 346 1360 405 physiculandi
1385 345 1607 390 solerciam
1629 345 1702 388 ob-

255 408 453 457 tinentes,
475 411 608 448 artem
631 407 862 462 possedere
884 406 1166 449 Phitonicam.
1211 406 1294 455 Qui
1315 409 1520 460 quantum
1543 404 1702 460 superi-

256 465 398 507 oribus
420 464 567 506 habitu
591 478 753 507 cessere
776 477 994 531 corporee,
1015 470 1182 507 tantum
1198 464 1338 506 uiuaci
1355 464 1506 506 mentis
1528 462 1700 517 ingenio

254 523 544 578 prestiterunt.
593 522 686 564 Hos
717 522 828 564 inter
850 523 1132 578 gigantesque
1154 523 1207 565 de
1229 535 1370 564 rerum
1397 535 1560 562 summa
1582 519 1702 561 bellis

256 581 498 623 certabatur
529 580 726 634 assiduis,
761 580 899 636 quoad
931 582 1044 636 magi
1075 581 1260 623 uictores
1299 579 1545 645 giganteum
1577 577 1702 619 armis

255 653 390 694 genus
424 637 683 693 subigerent,
715 638 879 694 sibique
911 652 995 680 non
1028 639 1164 681 solum
1196 637 1403 693 regnandi
1433 637 1520 690 ius,
1552 649 1702 677 uerum

256 697 388 738 eciam
421 695 654 737 diuinitatis
686 696 924 752 opinionem
959 697 1280 739 consciscerent
1333 695 1501 737 Horum
1532 693 1702 748 utrique

255 768 330 810 per
364 767 571 795 summam
603 753 956 796 ludificandorum
989 754 1207 796 oculorum
1244 754 1469 810 periciam,
1508 752 1702 808 proprios

255 813 504 866 alienosque
555 812 724 866 uultus,
775 812 903 853 uariis
955 825 1095 854 rerum
1144 812 1398 868 imaginibus
1449 810 1702 852 adumbrare

257 870 491 918 callebant,
534 869 802 925 illicibusque
843 869 989 911 formis
1021 884 1147 912 ueros
1180 869 1406 911 obscurare
1437 872 1702 924 conspectus.

394 927 532 969 Tercii
564 940 667 968 uero
700 928 867 982 genelis
902 928 1117 978 homines,
1157 941 1212 969 ex
1242 928 1405 969 alterna
1438 926 1703 982 superiorum

257 985 411 1041 copula
438 986 712 1040 pullulantes,
746 990 966 1027 auctorum
989 999 1161 1027 suorum
1181 990 1349 1039 nature,
1380 999 1459 1027 nec
1481 998 1701 1040 corporum

255 1042 547 1098 magnitudine
604 1057 683 1084 nec
731 1043 887 1085 arcium
948 1044 1157 1085 exercicio
1215 1042 1546 1097 respondebant
1620 1040 1701 1082 His

254 1107 396 1143 tamen
439 1100 552 1157 apud
594 1100 762 1142 delusas
805 1101 1016 1156 prestigiis
1057 1105 1220 1143 mentes
1255 1100 1491 1143 diuinitatis
1523 1099 1702 1142 accessit

255 1159 410 1215 opinio.

396 1215 486 1258 Nec
517 1230 593 1257 mn
597 1215 767 1270 andum
800 1216 833 1256 si
864 1216 1171 1273 prodigialibus
1205 1230 1351 1258 eorum
1391 1215 1600 1272 portentis
1630 1214 1703 1256 ad-

259 1275 387 1316 ducta
417 1274 635 1316 barbaries
666 1274 707 1315 in
738 1273 973 1316 adulterine
1006 1275 1220 1330 religionis
1249 1276 1408 1316 cultum
1431 1273 1702 1326 concesserit,

258 1346 353 1375 cum
384 1332 634 1374 Latinorum
667 1346 836 1387 quoque
867 1333 1141 1388 prudenciam
1170 1333 1399 1389 perlexerit
1429 1332 1576 1374 talium
1600 1344 1703 1387 quo-

257 1390 436 1432 rundam
477 1389 631 1432 diuinis
673 1390 905 1432 honoribus
946 1391 1159 1433 celebrata
1197 1390 1444 1433 mortalitas,
1507 1390 1602 1431 Hec
1642 1388 1702 1429 id-

262 1449 371 1490 circo
405 1449 634 1503 tetigerim,
665 1462 733 1500 ne,
766 1462 857 1489 cum
892 1449 1094 1504 prestigia
1124 1453 1379 1505 portentaue
1401 1448 1701 1504 perscripsero,

258 1507 426 1548 lectoris
457 1505 675 1547 incredula
707 1506 946 1561 refragetur
980 1508 1135 1562 opinio.
1183 1506 1262 1548 His
1284 1506 1575 1563 pretermissis,
1606 1519 1702 1561 pro-

258 1564 447 1620 positum
476 1567 679 1620 repetam.

401 1621 551 1664 Occiso
575 1621 1063 1677 Gram,Swibdag'e1u,s
1088 1622 1225 1664 Danie
1256 1621 1485 1678 Suetieque
1515 1620 1702 1676 imperiis

263 1684 427 1734 auctus,
458 1680 631 1722 fratrem
665 1680 853 1734 coniugis
886 1680 1183 1735 Guthormum,
1228 1680 1376 1722 eadem
1412 1680 1554 1736 sepius
1586 1677 1703 1733 flagi-

258 1743 397 1791 tante,
434 1735 572 1793 exillio
605 1738 858 1792 abductum,
891 1738 1135 1794 tributaque
1166 1738 1411 1794 pollicitum,
1443 1737 1575 1780 Danis
1610 1750 1703 1791 pre-

256 1796 371 1850 fecit,
407 1795 620 1862 Hadingo-
640 1796 770 1852 patris
801 1796 1011 1838 ulcionem
1044 1796 1177 1838 hostis
1209 1796 1414 1838 beneficio
1448 1795 1701 1851 preferente.

395 1852 479 1895 Hic
500 1854 644 1909 primis
667 1854 961 1896 adolescencie
984 1853 1248 1910 temporibus
1273 1853 1523 1896 felicissimis
1553 1857 1703 1894 nature

258 1912 526 1953 incrementis
572 1926 778 1954 summam
826 1912 956 1954 uirilis
997 1913 1126 1954 etatis.
1162 1911 1471 1968 perfeccionem
1514 1910 1701 1961 sortitus,

259 1969 415 2012 omisso
449 1970 686 2025 uoluptatis
718 1970 880 2024 studio,
927 1972 1130 2012 continua
1167 1984 1378 2012 armorum
1422 1969 1703 2011 meditacione

259 2028 489 2083 flagrabat,
522 2041 705 2094 memor,
750 2041 815 2079 se,
855 2027 1058 2070 bellicoso
1089 2032 1213 2084 patre
1242 2032 1413 2081 natum,
1458 2041 1582 2068 omne
1614 2026 1701 2068 uite

258 2091 431 2141 tempus
463 2086 665 2152 spectatis
706 2086 858 2127 milicie
899 2087 1095 2142 operibus
1135 2086 1308 2141 exigere
1340 2085 1508 2128 debere.
1570 2083 1702 2126 Cuius

258 2144 411 2186 fortem
443 2144 629 2185 animum
662 2143 958 2199 Harthgrepa,
991 2143 1257 2199 Vagnhofthi
1292 2144 1401 2197 filia,
1443 2142 1596 2184 amoris
1638 2141 1702 2183 sui

258 2202 467 2243 illecebris
513 2202 704 2243 emollire
752 2206 928 2256 conata,
975 2201 1125 2244 sedula
1170 2201 1451 2243 affirmacione
1497 2199 1701 2251 certabat,

260 2264 461 2314 oportere
495 2274 590 2302 eum
622 2260 802 2315 primum
843 2260 1021 2314 genialis
1060 2258 1171 2301 thori
1201 2274 1355 2301 munus
1394 2260 1481 2301 suis
1525 2271 1701 2312 erogare

258 2317 501 2370 connubiis,
545 2331 627 2373 que
658 2317 837 2359 infancie
867 2317 956 2359 eius
988 2317 1219 2360 exaccioris
1252 2331 1354 2360 cure
1389 2316 1578 2358 fomenta
1608 2329 1702 2370 por-

258 2376 440 2428 rexerit,
480 2375 702 2431 primaque
742 2375 1070 2417 subministrarit
1100 2374 1342 2442 crepundia.
1403 2373 1494 2416 Nec
1525 2372 1700 2428 simplici

259 2433 489 2475 uerborum
521 2433 825 2476 exhortacione
857 2437 1084 2488 contenta,
1129 2434 1322 2475 carminis
1359 2445 1529 2488 quoque
1572 2431 1700 2473 modo

261 2491 321 2533 sic
352 2505 472 2533 orsa:

538 2549 649 2597 Quid
681 2549 755 2591 tibi
788 2550 847 2590 sic
879 2563 989 2604 uaga
1021 2548 1111 2590 uita
1141 2547 1265 2590 fluit?

535 2606 643 2655 Quid
677 2607 816 2649 celebs
849 2611 921 2648 tua
950 2607 1083 2648 lustra
1114 2606 1228 2659 teris,
1275 2649 1290 2653 ⁵

1741 1221 1813 1255 (10)

1735 1692 1762 1717 p.
1783 1684 1815 1710 36
