1884 3126
50 610 66 637 5

32 900 70 928 10

34 1191 70 1218 15

31 1479 69 1507 20

30 1770 66 1797 25

30 2350 68 2378 35

33 2638 69 2666 40

671 261 720 267 ——
781 237 920 280 XIIII
979 262 1032 268 —
1460 241 1542 283 597

98 364 296 408 I-lolsatie
330 364 560 420 prefectus,
592 364 678 405 filio
712 365 893 407 moriens
925 370 1107 409 tutorem
1142 368 1378 423 reliquerat,
1402 367 1544 409 >Dano-

100 438 192 465 rum
207 422 338 478 copiis
356 422 540 478 superbo
558 436 751 463 sermone
774 425 1040 479 contemptis,
1062 426 1277 480 ingentem
1296 426 1544 469 Sclauorum

101 482 403 535 Saxonumque
445 494 618 521 manum
652 484 965 524 contraxerant.
1026 482 1158 524 Forte
1197 488 1342 526 autem
1373 483 1544 537 nostris,

100 540 338 581 intermisso
358 537 631 594 obequitandi
651 538 810 589 labore,
827 540 1064 595 respirandi
1083 541 1224 596 gracia
1241 542 1544 598 aliquantisper

99 597 216 639 humi
248 596 513 649 cubantibus,
534 595 722 638 Eskillus
755 597 862 638 adeo
894 612 938 639 se
970 599 1096 640 etatis
1127 600 1416 654 magnitudine
1446 614 1543 641 con-

101 660 243 697 tusum
286 654 636 708 confractumque
679 655 977 710 asseuerabat,
1020 662 1067 698 ut
1104 670 1156 698 ne
1187 671 1343 713 equum
1374 657 1544 713 quidem

101 714 190 756 sine
222 713 419 755 adiutore
453 711 737 753 conscendere
777 717 938 767 posset.
998 712 1058 756 At
1089 714 1162 755 ubi
1192 715 1335 757 hostes
1374 716 1416 757 in
1449 729 1544 757 con-

100 775 290 827 spectum
321 784 491 821 uenere,
523 770 676 825 quouis
707 771 863 813 iuuene
887 772 1002 813 ocior
1033 785 1190 827 equum
1212 772 1382 825 insiluit,
1412 774 1471 814 ita
1498 777 1545 813 ut

101 829 288 885 corporis
335 829 424 871 eius
470 828 599 870 rubor
644 827 763 869 nulla
809 842 863 871 ex
906 834 1027 884 parte
1072 835 1317 884 quassatum
1357 835 1544 886 putares.

102 886 223 930 Adeo
266 888 402 929 uirtus
443 886 548 928 etati
588 886 783 941 imperat.
844 886 996 943 Itaque
1028 888 1098 943 qui
1130 888 1249 930 dictis
1281 892 1544 930 senectutem

101 949 298 988 causatus
330 945 495 995 fuerat,
543 944 649 986 hanc
680 951 776 998 post
808 945 978 987 modum
1024 945 1145 987 factis
1176 946 1394 988 iuuentam
1426 946 1546 987 redo-

99 1004 283 1046 lentibus
317 1003 567 1055 decorabat3
601 1016 725 1057 quem
759 1003 800 1044 in
821 1002 929 1044 hanc
961 1003 1130 1046 uirtutis
1163 1004 1543 1046 dissimulacionem

100 1061 203 1103 nihil
243 1066 386 1116 preter
422 1061 627 1102 uirtutem
668 1059 859 1103 adduxit.
922 1060 1087 1103 Eodem
1119 1061 1229 1103 forte
1259 1066 1450 1116 tempore
1490 1077 1544 1104 ex

102 1121 257 1161 nostris
289 1134 437 1161 manus
469 1118 663 1174 paruula,
695 1118 826 1172 prede
859 1118 1078 1161 dulcedine
1105 1135 1129 1160 a
1161 1120 1312 1161 ceteris
1345 1119 1544 1174 digressa,

102 1192 196 1219 cum
211 1177 358 1220 hostes
372 1177 552 1219 militum
568 1191 745 1217 numero
761 1177 999 1231 superiores
1016 1181 1057 1219 et
1077 1177 1180 1232 fuga
1195 1178 1330 1220 uitare
1353 1177 1546 1219 deforme

103 1235 279 1277 duceret
311 1241 354 1277 et
385 1249 529 1291 pugna
557 1235 562 1286 Ι
591 1234 767 1290 aggredi
797 1240 882 1275 non
916 1235 1105 1287 auderet,
1138 1236 1246 1277 inter
1278 1239 1438 1277 metum
1469 1249 1545 1290 pu-

102 1293 334 1349 doremque
366 1293 519 1343 defixa,
553 1293 765 1334 sociorum
795 1293 1108 1348 prestolabatur
1140 1293 1385 1339 aduentum,
1432 1292 1546 1334 Inter

103 1365 226 1406 quam
262 1356 303 1393 et
334 1351 514 1407 reliquas
547 1351 683 1392 nostri
714 1351 926 1393 exercitus
958 1352 1101 1405 copias
1133 1351 1392 1406 palustribus
1425 1351 1544 1406 aquis

102 1410 265 1451 medius
296 1409 469 1463 fluebat,
501 1423 585 1450 uno
618 1413 784 1450 tantum
826 1408 938 1451 uado
971 1409 1185 1462 meabilis,
1218 1410 1347 1450 riuus.
1410 1409 1547 1457 Quem

101 1468 316 1519 Absalon,
361 1471 588 1509 cunctante
631 1466 862 1522 primipilo,
904 1467 1061 1522 prim-us
1094 1481 1204 1522 equo
1245 1471 1546 1521 transgressus,

101 1527 378 1581 sequentibus
419 1525 658 1581 superande
700 1524 961 1567 difficultatis
1009 1524 1306 1580 compendium
1352 1539 1545 1579 premon-

101 1584 265 1626 strauit.
340 1583 470 1627 Cuius
513 1584 569 1624 rei
613 1584 749 1638 ignari
788 1583 934 1625 hostes
978 1583 1167 1625 securius
1211 1596 1337 1638 quam
1376 1584 1546 1624 caucius

101 1642 420 1698 operiebantur,
453 1641 716 1688 Danicorum
760 1641 949 1696 equitum
989 1640 1219 1683 aduentum
1263 1640 1362 1681 editi
1394 1640 1547 1682 montis

101 1700 325 1742 interiectu
347 1700 524 1741 celante.
577 1699 713 1754 Igitur
735 1699 806 1755 qui
826 1700 942 1753 prius
966 1714 990 1741 a
1011 1699 1167 1740 nostris
1190 1697 1342 1739 diuulsi
1366 1697 1547 1748 fuerant,

101 1772 184 1800 non
218 1762 444 1813 expectato
468 1758 681 1799 sociorum
704 1757 879 1809 auxilio,
904 1756 1019 1810 quod
1043 1757 1121 1799 sibi
1144 1762 1232 1797 tam
1263 1756 1546 1811 propinquum

101 1816 345 1868 cernebant,
379 1815 504 1857 auide
534 1815 577 1856 in
609 1815 772 1858 hostem
804 1819 1070 1869 procurrunt,
1102 1829 1155 1855 ne
1186 1814 1343 1855 bellum
1376 1814 1545 1868 proprio

104 1879 219 1916 metu
251 1873 429 1915 dilatum
461 1874 597 1915 aliena
630 1875 787 1915 uirtute
823 1878 1025 1928 expetere
1048 1872 1307 1914 uiderentur.
1356 1871 1547 1919 Quorum

102 1932 244 1974 Sclaui
275 1932 490 1988 paucitate
514 1936 771 1987 contempta,
808 1940 1038 1986 postquam
1060 1931 1261 1972 maiorem
1294 1929 1371 1970 hac
1402 1929 1546 1982 aciem,

100 1990 393 2032 humilioribus
414 1990 517 2031 locis
539 1990 710 2040 relictis,
734 1990 891 2030 montis
919 1990 1020 2044 iuga
1041 2002 1241 2043 superare
1274 1987 1548 2042 conspiciunt,

100 2052 220 2103 terga
251 2052 483 2097 uertentes,
505 2047 559 2088 ab
580 2049 643 2099 iis,
667 2062 848 2103 quorum
880 2047 991 2089 uires
1015 2061 1181 2088 summa
1204 2044 1329 2086 animi
1353 2043 1549 2100 dictique&

100 2106 342 2162 petulancia
362 2106 682 2158 lacessiuerant,
716 2105 833 2147 nullo
857 2105 1034 2160 negocio
1067 2103 1313 2145 funduntur.
1362 2102 1546 2144 Tantum

100 2177 267 2219 semper
296 2163 466 2205 ludibrii
506 2164 737 2206 insolencie
772 2164 912 2205 exitus
944 2163 1099 2204 afferre
1137 2160 1368 2203 consueuit.
1429 2160 1547 2201 Tunc

100 2222 272 2277 quidam
305 2237 357 2264 ex
390 2222 559 2273 nostris,
593 2236 696 2277 quos
730 2235 783 2262 ex
815 2220 1077 2275 fugientibus
1111 2219 1396 2274 occupabant,
1430 2217 1544 2258 nuda

100 2279 318 2321 hastarum
348 2284 469 2335 parte
503 2281 622 2335 equis
656 2278 883 2321 detrudere
927 2278 1142 2331 contenti,
1187 2277 1238 2318 ob
1279 2289 1547 2317 communem

100 2337 350 2389 religionem
394 2337 504 2379 ferro
543 2342 814 2392 prosternere
849 2336 964 2392 passi
1005 2350 1090 2378 non
1133 2338 1246 2388 sunt,
1287 2348 1342 2375 ne
1381 2347 1547 2388 perem-

102 2400 272 2450 ptorum
304 2394 431 2438 cedes
461 2395 558 2451 plus
590 2394 852 2450 percussoris
874 2393 1011 2435 anime
1042 2398 1229 2445 noceret,
1261 2404 1384 2446 quam
1415 2390 1545 2444 glorie

101 2452 342 2508 prodesset.
392 2452 530 2502 Quam
563 2453 757 2494 iniuriam
781 2451 975 2493 beneficii
1006 2451 1097 2493 loco
1119 2465 1143 2491 a
1165 2450 1299 2506 passis
1330 2453 1546 2502 acceptam

102 2510 363 2553 crediderim.
411 2510 586 2564 Ingenti
618 2509 769 2551 deinde
802 2508 933 2565 preda
965 2514 1073 2561 acta,
1106 2513 1195 2550 tam
1227 2507 1299 2547 diu
1330 2506 1370 2547 in
1403 2505 1546 2547 littore

102 2572 337 2624 perstatum
371 2574 448 2623 est,
481 2567 623 2623 quoad
655 2568 949 2622 Rugianorum
979 2566 1166 2622 nauigia,
1198 2578 1279 2620 que
1300 2562 1547 2605 Brammesii

98 2626 387 2681 uiolauerant,
419 2626 705 2669 reficerentur.

1601 1250 1627 1274 p.
1650 1241 1699 1266 861

1601 2103 1696 2137 (343)
