1884 3126
238 893 271 922 10

235 1182 270 1210 15

233 1471 272 1499 20

236 2046 273 2074 30

233 2333 269 2360 35

309 225 389 268 116
868 250 921 256 —
981 223 1077 268 IIII
1137 249 1189 256 —

301 353 467 394 ruinam
513 353 728 406 comitari,
779 368 905 410 quam
951 354 1089 410 patrie
1148 353 1364 395 interitum
1413 354 1540 408 pleris
1589 353 1747 396 doloris

304 410 498 452 sensibus
554 411 723 453 intueri.
799 411 959 454 Verum
1005 411 1128 464 Vffo,
1175 411 1353 465 geminis
1407 412 1610 453 iuuenum
1651 426 1748 454 con-

302 467 518 523 gressibus
549 469 794 522 lacessitus,
835 469 966 525 gladii
996 469 1237 511 diffidencia
1269 469 1488 511 amborum
1518 469 1624 511 ictus
1657 486 1747 512 um-

302 526 413 567 bone
443 526 620 577 uitabat,
652 528 890 582 paciencius
924 527 1106 583 experiri
1129 528 1402 581 constituens,
1435 542 1561 583 quem
1593 541 1615 568 e
1646 528 1747 570 duo-

302 584 382 625 bus
415 584 622 625 attencius
656 599 808 627 cauere
838 585 1078 634 debuisset,
1123 589 1171 626 ut
1204 585 1315 626 huuc
1347 585 1495 627 saltem
1528 599 1613 627 uno
1647 586 1747 628 ferri

301 641 487 697 impulsu
548 643 823 698 contingeret.
913 643 1048 691 Quem
1100 642 1391 684 Wermundus
1451 643 1747 685 imbecillitatis

301 700 409 741 uicio
466 703 623 741 tantam
670 701 1008 757 recipiendorum
1049 702 1208 742 ictuum
1247 700 1505 756 pacienciam
1557 706 1746 756 prestare

302 757 573 812 existimans,
625 759 830 813 paulatim
879 760 920 801 in
981 758 1196 802 occiduam
1246 759 1387 814 pontis
1442 773 1558 801 oram
1606 759 1748 802 mortis

303 815 533 871 cupiditate
580 831 625 857 se
668 817 897 871 protrahit,
950 817 983 858 si
1024 817 1076 858 de
1118 816 1203 857 filio
1247 821 1388 858 actum
1427 816 1562 869 foret,
1612 817 1747 859 fatum

302 874 530 929 precipicio
591 875 815 929 petiturus.
878 874 1014 916 Tanta
1066 874 1279 929 sanguinis
1340 874 1516 917 caritate
1566 876 1746 930 flagran-

305 937 389 974 tem
423 945 566 973 senem
608 931 778 973 fortuna
821 933 1021 988 protexit.
1080 932 1180 974 Vffo
1220 932 1426 987 siquidem
1465 932 1595 974 filium
1633 933 1747 986 regis

304 990 357 1031 ad
390 1003 534 1031 secum
557 990 723 1031 auidius
746 990 1061 1033 decernendum
1083 990 1291 1040 hortatus,
1324 990 1556 1032 claritatem
1579 991 1746 1045 generis

303 1048 355 1089 ab
387 1048 478 1103 ipso
513 1048 741 1103 conspicuo
774 1048 1031 1090 fortitudinis
1065 1062 1193 1103 opere
1226 1049 1371 1103 equari
1400 1049 1531 1102 iubet,
1564 1063 1616 1089 ne
1647 1062 1747 1103 rege

305 1110 443 1147 ortum
475 1106 668 1161 plebeius
703 1120 842 1148 comes
872 1107 1031 1147 uirtute
1063 1110 1253 1161 prestare
1274 1105 1483 1148 uideatur.
1530 1106 1747 1148 Athletam

303 1163 467 1216 deinde,
502 1163 764 1218 explorande
797 1165 886 1205 eius
919 1164 1177 1206 fortitudinis
1209 1164 1375 1218 gracia,
1408 1178 1462 1205 ne
1494 1164 1652 1206 domini
1683 1164 1746 1205 sui

301 1226 423 1276 terga
455 1221 639 1263 timidius
672 1222 1024 1277 subsequeretur,
1059 1222 1320 1263 admonitum
1351 1222 1549 1263 fiduciam
1580 1236 1605 1263 a
1636 1222 1746 1276 regis

300 1279 387 1320 filio
420 1280 459 1320 in
492 1294 536 1320 se
568 1280 795 1334 repositam
819 1280 996 1335 egregiis
1031 1280 1316 1321 dimicacionis
1339 1280 1537 1335 operibus
1569 1294 1746 1335 pensare

301 1337 512 1392 precepit,
546 1338 664 1378 cuius
697 1337 863 1379 delectu
897 1338 1045 1379 unicus
1085 1351 1228 1393 pugne
1259 1352 1401 1380 comes
1434 1337 1617 1380 adscitus
1657 1337 1745 1379 fue-

301 1395 367 1436 rit.
444 1395 823 1450 Obtemperantem
870 1396 984 1437 illum
1031 1397 1289 1451 propiusque
1337 1395 1537 1450 congredi
1594 1395 1747 1437 rubore

302 1454 586 1509 compulsum,
628 1453 763 1508 primo
796 1453 892 1495 ferri
925 1453 1012 1495 ictu
1041 1453 1227 1496 medium
1259 1453 1451 1495 dissecat.
1513 1454 1608 1502 Quo
1641 1467 1745 1494 sono

307 1515 523 1553 recreatus
545 1510 851 1562 Wermundus,
872 1512 947 1552 filii
964 1511 1122 1553 ferrum
1144 1511 1291 1553 audire
1307 1526 1359 1553 -se
1386 1511 1503 1563 dixit,
1526 1517 1747 1566 rogatque,

302 1570 369 1610 cui
401 1569 667 1624 potissimum
701 1570 810 1625 parti
840 1569 970 1611 ictum
1000 1569 1210 1611 inflixerit.
1262 1569 1561 1612 Referentibus
1593 1568 1746 1611 deinde

303 1627 521 1681 ministris,
559 1641 653 1668 eum
699 1641 784 1668 non
814 1642 943 1669 unam
975 1627 1159 1682 corporis
1190 1631 1374 1682 partem,
1405 1627 1479 1669 sed
1510 1631 1642 1668 totam
1672 1628 1746 1668 ho-

300 1685 424 1726 minis
455 1685 709 1739 transegisse
745 1699 1006 1741 compagem,
1044 1685 1302 1727 abstractum
1335 1685 1561 1740 precipicio
1594 1698 1746 1740 corpus

255 1758 268 1783 .-
301 1743 419 1797 ponti
450 1744 657 1795 restituit,
699 1743 848 1784 eodem
881 1743 1018 1785 studio
1051 1743 1187 1784 lucem
1223 1750 1449 1798 expetens,
1491 1757 1574 1798 quo
1612 1743 1743 1784 fatum

304 1804 541 1856 optauerat.
604 1800 711 1842 Tum
744 1801 867 1854 Vffo,
912 1801 1122 1857 reliquum
1152 1801 1314 1843 hostem
1356 1801 1506 1856 prioris
1548 1801 1744 1855 exemplo

303 1872 553 1901 consumere
585 1859 770 1915 cupiens,
803 1859 914 1913 regis
947 1859 1079 1900 filium
1111 1859 1162 1900 ad
1188 1859 1395 1900 ulcionem
1426 1858 1636 1900 interfecti
1667 1873 1743 1913 pro

302 1931 347 1958 se
379 1917 573 1959 satellitis
605 1917 799 1958 manibus
830 1917 1139 1972 parentacionis
1171 1918 1264 1958 loco
1299 1916 1555 1971 erogandam
1586 1916 1744 1971 impen-

303 1974 484 2016 sioribus
516 1974 656 2016 uerbis
688 1975 897 2016 sollicitat.
960 1975 1098 2023 Quem
1130 1975 1300 2030 propius
1333 1974 1533 2016 accedere
1565 1989 1642 2016 sua
1672 1973 1746 2015 ad-

302 2030 564 2087 horltacione
598 2039 817 2085 coactum,
858 2032 1074 2087 infligendi
1106 2033 1210 2074 ictus
1252 2034 1346 2074 loco
1380 2032 1584 2074 curiosius
1615 2032 1744 2073 deno-

302 2094 407 2143 tato,
440 2091 690 2146 gladioque,
724 2090 837 2145 quod
869 2095 1041 2132 tenuem
1075 2091 1164 2132 eius
1195 2090 1395 2132 laminam
1427 2091 1511 2131 suis
1542 2090 1744 2145 imparem

299 2148 459 2190 uiribus
505 2148 778 2202 formidaret,
824 2148 865 2189 in
907 2148 1039 2190 aciem
1082 2148 1257 2190 alteram
1298 2162 1447 2199 uerso,
1493 2147 1745 2203 penetrabili

301 2207 489 2262 corporis
521 2206 713 2248 seccione
744 2206 1076 2248 transuerberat.
1139 2206 1233 2254 Quo
1271 2205 1416 2248 audito
1452 2204 1743 2247 Wermundus

301 2263 431 2319 Screp
473 2264 601 2318 gladii
643 2278 791 2305 sonum
824 2263 1009 2306 secundo
1042 2264 1128 2305 suis
1174 2263 1346 2305 auribus
1391 2263 1609 2305 incessisse
1652 2277 1746 2318 per-

300 2322 450 2364 hibuit.
520 2321 844 2363 Affirmantibus
888 2321 1039 2363 deinde
1080 2322 1267 2375 arbitris,
1316 2325 1525 2376 utrunque
1580 2321 1742 2362 hostem

300 2380 352 2421 ab
385 2380 476 2422 eius
515 2379 602 2421 filio
635 2383 955 2435 consumptum,
996 2379 1213 2421 nimietate
1253 2379 1396 2434 gaudii
1440 2378 1606 2420 uultum
1638 2379 1742 2420 fletu

299 2438 440 2479 soluit.
487 2437 553 2478 Ita
585 2451 727 2491 genas,
760 2451 865 2492 quas
897 2437 1018 2479 dolor
1049 2436 1266 2479 madidare
1290 2451 1371 2479 non
1393 2440 1572 2491 poterat,
1604 2436 1744 2477 leticia

299 2496 468 2550 rigauit.
515 2494 757 2536 saxonibus
793 2496 917 2549 igitur
940 2495 1102 2550 pudore
1135 2495 1289 2545 mestis,
1318 2495 1595 2550 pugilunique
1617 2493 1743 2534 funus

299 2567 464 2595 summa
493 2566 597 2602 ⁴cum
628 2553 793 2594 ruboris
825 2553 1058 2595 acerbitate
1091 2552 1365 2606 ducentibus,
1398 2553 1597 2593 Vffonem
1629 2551 1743 2592 Dani
