1884 3126
749 268 802 275 -
865 245 950 288 vn
1012 270 1059 278 —
1309 310 1313 314 ³
1544 253 1627 294 229

187 370 352 415 uirtutis
388 386 564 415 censura
595 371 867 417 adulantibus
898 375 1031 418 forme
1053 375 1272 419 blandiciis
1304 377 1460 420 lasciue
1476 380 1627 422 mentis

186 430 385 473 intuitum
418 431 654 482 exhiberet.
725 432 791 474 Ita
822 432 998 475 Aluilda
1037 434 1090 476 ad
1132 434 1284 476 Danici
1323 437 1489 478 iuuenis
1531 451 1626 479 con-

186 491 395 544 temptum
416 489 615 541 adducta,
645 490 754 531 uirili
785 496 907 533 ueste
938 492 1163 535 femineam
1196 494 1466 548 permutauit,
1497 499 1626 551 atque

188 561 242 588 cx
273 547 431 602 pudica
462 547 516 589 ad
547 548 720 590 modum
751 549 895 604 puella
926 550 1112 592 ferocem
1133 551 1312 606 piratam
1344 565 1470 606 agere
1502 554 1625 608 cepit.

188 604 486 661 Compluribus
521 620 690 662 quoque
723 606 915 649 eiusdem
946 609 1033 651 uoti
1069 608 1221 663 puellis
1252 609 1294 650 in
1334 610 1624 653 commilicium

186 663 357 717 adcitis,
407 677 457 706 eo
495 664 499 716 Ι
537 664 650 706 forte
692 665 775 707 loci
814 666 1033 720 peruenit,
1077 667 1148 708 ubi
1198 667 1429 722 piratarum
1475 682 1626 722 agmen

187 722 329 764 amissi
374 722 485 764 bello
534 722 653 765 ducis
701 723 919 765 interitum
967 724 1227 780 deplorabat.
1301 725 1341 765 A
1381 725 1531 782 quibus
1572 727 1626 768 ob

186 780 319 823 forme
369 780 696 835 pulcritudinem
753 782 928 836 piratico
979 784 1174 838 princeps
1226 788 1387 837 creata,
1447 784 1626 826 maiores

185 839 378 881 muliebri
409 839 567 881 uirtute
598 854 665 882 res
698 839 842 883 edidit.
897 840 1035 889 Quam
1057 841 1135 882 Alf
1164 840 1319 882 crebris
1340 842 1626 896 nauigacionis

122 908 154 935 10
182 897 400 939 laboribus
422 898 623 940 insectari
656 902 847 950 conatus,
879 900 921 940 in
943 899 1301 941 Blacmannorum
1320 899 1430 942 forte
1453 900 1627 942 classem

120 1198 154 1226 15

115 1490 153 1518 20

114 2071 151 2099 30

114 2362 149 2389 35

111 2654 148 2681 40

186 955 340 1011 hyeme
371 955 531 997 incidit.
595 956 689 1004 Quo
722 960 913 1012 tempore
953 956 1137 999 densatis
1169 971 1371 1012 aquarum
1414 958 1626 1000 coactibus

186 1017 306 1056 tanta
336 1013 487 1069 glaciei
517 1015 651 1057 moles
673 1029 805 1056 naues
838 1016 1054 1070 corripuit,
1089 1020 1134 1057 ut
1156 1015 1214 1057 eis
1246 1015 1362 1056 nulla
1392 1015 1625 1069 remigandi

186 1072 249 1113 uis
280 1086 526 1128 processum
559 1077 723 1115 struere
755 1073 975 1128 potuisset.
1038 1073 1228 1128 Cumque
1270 1072 1435 1128 frigoris
1469 1073 1626 1115 diutur-

186 1130 294 1172 nitas
336 1131 542 1172 tuciorem
590 1131 799 1173 conclusis
843 1132 1076 1187 sponderet
1118 1132 1348 1184 incessum,
1395 1131 1511 1172 iubet
1555 1131 1631 1173 Alf

184 1203 284 1231 suos
328 1193 571 1232 concretum
615 1189 756 1245 pelagi
800 1190 937 1231 sinum
980 1189 1170 1244 caligatis
1213 1192 1376 1230 tentare
1420 1189 1624 1244 uestigiis,

186 1248 426 1289 calceorum
471 1246 711 1289 lubricitate
759 1247 969 1302 deposita,
1015 1247 1195 1302 glaciale
1240 1247 1412 1303 planum
1464 1248 1623 1289 firmius

185 1319 476 1360 percursurOS.
554 1306 671 1354 Quos
703 1305 953 1347 Blacmanni
994 1306 1206 1347 succincta
1244 1305 1400 1360 pedum
1437 1305 1625 1360 agilitate

184 1363 285 1418 fuge
330 1364 554 1406 consulere
596 1365 701 1416 rati,
748 1365 850 1405 inita
889 1379 982 1405 cum
1023 1365 1081 1405 eis
1125 1377 1285 1419 pugna,
1331 1363 1624 1404 uacillantibus

186 1420 421 1476 nimi[r]um
445 1436 611 1464 cessere
631 1422 835 1477 uestigiis,
868 1426 1016 1478 utpote
1041 1435 1219 1477 quorum
1245 1420 1446 1475 ancipites
1467 1420 1622 1476 gradus

182 1480 421 1523 subiectum
450 1480 605 1536 plantis
628 1480 839 1522 lubricum
871 1480 1127 1536 impellebat.
1179 1479 1292 1520 Dani
1314 1492 1431 1532 uerO,
1464 1484 1622 1520 crusta·

184 1543 274 1579 tum
297 1539 442 1594 algore
466 1538 643 1594 pelagus
662 1552 785 1594 passu
807 1538 968 1580 tuciore
990 1537 1209 1593 permensi,
1231 1537 1417 1579 infirmos
1440 1536 1622 1578 hostium

186 1597 334 1638 elisere
366 1610 631 1652 progressus.
694 1596 855 1645 Quibus
888 1596 1077 1649 deuictis,
1110 1595 1427 1650 nauigacionem
1458 1594 1499 1635 in
1524 1594 1621 1636 Fin-

184 1654 297 1696 niam
336 1659 520 1696 uertunt.
596 1654 682 1696 Vbi
724 1655 1053 1697 contracciorem
1100 1653 1208 1695 forte
1249 1654 1385 1694 sinum
1432 1652 1621 1707 ingressi,

183 1713 339 1765 missis,
384 1713 453 1768 qui
494 1727 634 1755 rerum
681 1712 874 1755 habitum
917 1713 1209 1767 explorarent,
1251 1710 1396 1766 paucis
1442 1710 1621 1751 nauibus

114 1783 129 1808 ‘-
184 1775 350 1826 portum
382 1772 578 1826 occupari
612 1775 884 1826 cognoscunt.
945 1769 1117 1812 Aluilda
1148 1770 1305 1825 quippe
1337 1767 1505 1809 easdem
1531 1767 1619 1808 fau-

184 1830 294 1870 cium
325 1830 546 1884 angustias
578 1830 693 1885 prior
734 1829 866 1870 classe
897 1829 1119 1884 petiuerat.
1194 1827 1286 1874 Que
1325 1839 1419 1867 cum
1456 1825 1622 1879 ignotas

184 1888 346 1929 eminus
377 1901 541 1943 puppes
573 1887 723 1930 adesse
754 1888 1031 1943 conspiceret,
1072 1885 1237 1941 prepeti
1276 1883 1451 1938 remigio
1492 1883 1621 1925 uelox

183 1946 223 1986 in
273 1960 419 1987 eorum
465 1946 657 1989 defertur
703 1959 946 1998 occursum,
1001 1945 1231 1998 irrumpere
1273 1941 1439 1983 hostem
1495 1955 1619 1995 quam

184 2004 367 2059 opperiri
399 2004 536 2046 sacius
568 2003 770 2045 iudicans.
833 2003 952 2045 Tunc
983 2002 1081 2055 Alf,
1122 1999 1442 2055 prohibentibus
1484 1999 1618 2052 sociis,

180 2063 323 2117 plures
356 2075 487 2104 naues
518 2062 791 2117 paucioribus
823 2060 1034 2113 attentari,
1068 2059 1286 2114 indignum
1314 2056 1541 2112 respondit,
1575 2059 1621 2098 ut

180 2119 354 2163 Aluilde
396 2120 488 2175 quis
535 2120 746 2176 perferat,
788 2133 1020 2175 paucarum
1066 2117 1272 2173 puppium
1316 2116 1483 2157 obiectu
1523 2128 1618 2169 pro-

183 2192 328 2220 cursus
360 2179 424 2220 sui
455 2178 596 2221 studia
627 2177 871 2232 deturbari,
902 2176 1115 2233 prefatus,
1155 2187 1287 2230 parue
1318 2173 1379 2216 rei
1409 2176 1625 2214 momento.

181 2250 436 2292 magnorum
479 2250 655 2292 operum
696 2236 841 2277 titulos
881 2232 1190 2290 respergendos
1230 2246 1315 2274 non
1358 2244 1461 2273 esse.
1530 2229 1620 2295 Nec

182 2308 315 2348 parua
346 2294 480 2336 Danis
512 2294 753 2336 ammiracio
785 2294 880 2347 fuit,
912 2292 1023 2335 unde
1046 2291 1230 2333 hostium
1262 2288 1504 2344 corporibus
1525 2287 1619 2329 talls

180 2351 315 2394 forme
357 2353 503 2404 decor,
548 2356 754 2408 tantaque
792 2351 1078 2393 membrorum
1123 2347 1314 2403 aptitudo
1357 2349 1616 2401 suppeteret.

181 2409 240 2451 Vt
286 2425 387 2466 ergo
438 2411 635 2453 naualem
686 2411 949 2452 committere
995 2420 1183 2463 pugnam
1235 2408 1458 2461 ceperunt,
1503 2401 1619 2456 (Alf)

180 2468 347 2510 iuuenis
386 2468 558 2510 Aluilde
600 2482 771 2525 proram
801 2467 992 2509 insiliens
1030 2466 1072 2507 in
1104 2463 1278 2520 puppim
1317 2475 1474 2517 usque,
1505 2460 1619 2502 facta

182 2527 473 2568 resistencium
515 2530 674 2581 strage,
717 2524 1001 2581 progreditur.
1063 2522 1193 2564 Cuius
1226 2534 1363 2562 comes
1392 2518 1616 2571 Borcarus,

182 2583 361 2626 decussa
393 2584 564 2626 Aluilde
594 2584 740 2640 galea,
777 2582 990 2637 mentique
1032 2581 1119 2622 eius
1160 2576 1343 2633 lelnitate
1384 2579 1617 2631 conspecta,

179 2641 492 2697 animaduertit,
525 2641 691 2694 osculis,
722 2655 808 2684 non
836 2640 961 2683 armis
982 2637 1193 2695 agendum
1216 2649 1322 2688 esse,
1352 2634 1618 2690 telorumque

1680 690 1705 715 p.
1726 683 1774 709 336

1672 2602 1704 2627 p,
1722 2593 1772 2624 337
