1884 3126
155 872 189 900 10

155 1164 186 1190 15

151 1455 186 1482 20

146 1745 184 1772 25

149 2035 184 2063 30

149 2326 184 2353 35

777 235 827 241 —
889 209 1002 253 VIII
1062 236 1115 242 —-
1589 219 1672 262 295

222 338 265 380 ui
296 341 493 381 truncum
523 338 577 380 ad
609 353 654 381 se
685 338 903 381 brachium
934 342 1165 384 reuocauit.
1225 342 1362 397 Igitur
1393 344 1543 386 ceteris
1573 359 1670 401 pro-

222 396 420 453 pensiora
442 396 520 439 sibi
543 398 715 439 numina
742 398 1021 453 nequicquam
1054 399 1389 454 deprecantibus,
1422 401 1669 445 Thorkillus

224 455 512 497 uniuersitatis
554 455 678 497 deum
722 456 836 497 uotis
876 471 1128 511 aggressus,
1174 458 1296 513 eique
1338 474 1432 501 cum
1472 462 1667 516 precibus

222 513 452 556 libamenta
483 513 745 566 defundens,
787 528 887 555 mox
927 515 1076 570 prioris
1109 515 1186 557 celi
1216 531 1336 558 usum
1368 531 1417 559 ac
1444 519 1667 575 perspicua

221 585 363 613 rerum
394 572 604 613 elementa
635 586 839 628 prospera
869 572 1149 628 nauigacione
1182 575 1362 629 collegit.

358 630 535 685 Iamque
566 630 696 671 alium
726 630 808 672 sibi
840 631 987 672 orbem
1024 636 1151 687 atque
1186 632 1321 687 ipsum
1353 647 1490 675 rerum
1522 634 1666 676 huma-

221 702 370 729 narum
387 688 548 729 aditum
564 689 803 744 perspicere
821 688 1087 730 uidebantur.
1105 689 1292 732 Tandem
1313 690 1366 731 ad
1384 691 1664 747 Germaniam,

223 745 468 788 Christianis
501 752 601 788 tunc
630 748 759 789 sacris
781 747 1004 801 iniciatam,
1038 748 1253 803 appulsus,
1284 749 1398 804 apud
1420 750 1509 791 eius
1532 765 1664 806 popu-

220 804 306 846 lum
339 804 471 848 diuini
502 804 640 846 cultus
672 805 912 847 rudimenta
942 806 1142 860 percepit.
1182 805 1266 847 Vbi
1297 808 1506 850 sociorum
1537 824 1663 851 manu

221 863 275 904 ob
321 862 562 904 inusitatum
607 864 715 905 aeris
762 863 956 906 haustum
1004 878 1136 919 prope
1182 864 1353 906 modum
1401 873 1661 923 consumpta,

221 921 387 962 duobus
425 925 611 975 tantum,
655 935 760 977 quos
801 937 891 964 sors
934 923 1080 963 ultima
1119 923 1387 977 preterierat,
1428 924 1663 975 comitatus,

220 978 401 1021 reditum
433 979 485 1020 ad
518 980 696 1034 patriam
745 979 903 1022 habuit.
965 980 1125 1021 Verum
1157 981 1287 1022 illitus
1321 982 1383 1022 ori
1415 996 1577 1023 marcor
1608 984 1664 1024 ita

220 1037 410 1079 habitum
452 1038 641 1092 co'rporis
696 1052 744 1079 ac
790 1038 967 1094 pristina
1005 1038 1139 1080 forme
1179 1039 1431 1081 lineamenta
1462 1040 1663 1092 confudit,

218 1100 266 1137 ut
287 1110 341 1137 ne
363 1097 415 1137 ab
445 1097 588 1137 amicis
620 1096 792 1151 quidem
820 1098 1028 1152 potuisset
1060 1097 1247 1150 agnosci.
1290 1099 1348 1138 At
1380 1098 1464 1146 ubi,
1497 1098 1664 1140 detersa

218 1154 379 1207 illuuie‚
411 1155 609 1196 noticiam
643 1155 705 1195 sui
738 1155 975 1196 uisentibus
1020 1154 1215 1206 reddidit,
1247 1156 1444 1211 eximiam
1475 1157 1565 1211 regi
1596 1171 1662 1198 co-

220 1212 460 1266 gnoscende
507 1213 739 1268 legacionis
784 1212 1033 1255 auiditatem
1083 1214 1272 1267 ingessit.
1353 1214 1436 1255 Sed
1483 1214 1662 1256 necdum

220 1272 454 1312 emulorum
489 1271 801 1313 obtractacione
833 1271 983 1327 sopita,
1017 1270 1151 1324 fuere,
1183 1271 1251 1326 qui
1285 1285 1441 1327 regem,
1474 1272 1663 1327 cognitis,

219 1342 301 1384 que
349 1329 596 1371 Thorkillus
649 1329 844 1378 afferret.
897 1329 1035 1370 subito
1089 1329 1357 1371 decessurum
1412 1334 1661 1373 astruerent.

219 1387 354 1429 Auxit
385 1387 678 1430 affirmacionis
710 1387 836 1429 fidem
875 1387 1062 1429 eiusdem
1095 1388 1153 1428 rei
1185 1387 1289 1428 falsa
1320 1387 1469 1429 somnii
1500 1388 1662 1442 predic-

217 1445 337 1487 oione
378 1449 579 1501 suggesta
619 1443 870 1501 creldulitas.
933 1445 1070 1500 Igitur
1110 1445 1179 1500 qui
1222 1450 1350 1486 noctu
1393 1445 1658 1488 Thorkillum

220 1504 518 1559 opprimerent,
551 1504 661 1559 regis
692 1505 870 1559 imperio
903 1503 1200 1545 subornantur.
1245 1503 1373 1545 Cuius
1404 1504 1475 1545 ille
1505 1504 1566 1545 rei
1596 1508 1659 1545 ut-

218 1576 384 1616 cunque
410 1562 610 1604 indicium
643 1567 807 1614 nactus,
839 1562 946 1603 clam
979 1561 1139 1602 cunctis
1171 1561 1315 1602 relicto
1348 1561 1486 1611 cubili,
1518 1562 1659 1617 magni

217 1620 415 1675 ponderis
445 1620 602 1674 lignum
637 1621 839 1673 subiecit3
880 1634 1012 1675 eoque
1044 1620 1163 1669 facto,
1195 1619 1432 1660 subornatis
1465 1625 1658 1661 truncum

219 1678 485 1728 cedentibus,
529 1680 644 1733 regie
674 1679 833 1720 fraudis
867 1682 1147 1720 commentum
1181 1678 1316 1718 elusit.
1377 1676 1456 1718 Die
1488 1683 1657 1732 postero

216 1750 356 1791 regem
380 1750 532 1790 corpus
565 1742 780 1778 curantem
813 1750 1064 1791 aggressus,
1095 1736 1291 1789 Ignosco,
1324 1735 1470 1790 inquit,
1503 1736 1658 1776 seuieie

216 1798 307 1847 tue,
350 1795 565 1849 errorique
605 1795 771 1836 ueniam
811 1795 973 1846 tribuo,
1021 1793 1088 1849 qui
1120 1791 1390 1848 prosperum*
1420 1793 1884 1848 legacionishxxxvmb

215 1852 414 1894 nuncium
461 1853 654 1894 afferenti
696 1866 848 1908 penam
887 1866 963 1908 pro
1007 1852 1150 1905 gracia
1189 1850 1426 1892 decreuisti.
1508 1850 1655 1906 Itaque

217 1914 257 1951 te
279 1911 429 1964 solum,
460 1925 537 1966 pro
560 1924 642 1966 quo
667 1912 681 1963 ΙΙ
705 1915 833 1965 caput
860 1914 923 1952 tot
955 1909 1136 1951 erumnis
1171 1908 1337 1962 deuoui,
1370 1913 1432 1949 tot
1461 1908 1657 1964 periculis

217 1968 398 2014 contudi,
431 1983 642 2025 quemque
676 1982 851 2024 operum
873 1982 1064 2009 meorum
1087 1967 1370 2022 gratissimum
1392 1971 1656 2021 pensatorem

214 2027 394 2081 speraui,
428 2028 677 2068 acerrimum
710 2027 877 2068 uirtutis
909 2026 1146 2082 punitorem
1187 2025 1341 2067 inueni.
1403 2024 1562 2066 Verum
1592 2025 1656 2065 ul-

218 2085 346 2126 cionis
377 2085 566 2140 partibus
598 2084 902 2140 pretermissis,
948 2085 1112 2125 interno
1155 2084 1281 2124 animi
1318 2082 1379 2123 tui
1416 2083 1569 2124 rubore
1603 2082 1658 2134 (si

218 2147 358 2184 tamen
400 2143 511 2185 ullus
552 2143 739 2197 ingratos
781 2142 916 2197 pudor
959 2141 1110 2189 afficit)
1154 2141 1322 2182 lesionis
1363 2154 1453 2182 mee
1490 2139 1657 2182 uindice

217 2214 309 2241 sum
334 2206 568 2243 contentus.
609 2200 699 2243 Nec
728 2201 936 2241 immerito
968 2204 1010 2241 te
1043 2213 1210 2240 omnem
1242 2199 1466 2241 demonum
1498 2198 1657 2239 rabiem

218 2263 291 2300 aut
321 2258 540 2300 beluarum
585 2259 784 2301 scuiciam
815 2272 1015 2313 superare
1049 2258 1261 2308 coniecto,
1305 2256 1416 2310 quod
1450 2261 1510 2297 tot
1540 2269 1657 2297 mon-

215 2321 398 2357 strorum
444 2317 605 2359 insidiis
655 2321 802 2360 erutus
834 2330 859 2357 a
889 2317 971 2357 tuis
1015 2315 1212 2356 immunis
1260 2328 1350 2355 esse
1397 2327 1478 2355 non
1526 2313 1655 2367 potui.

217 2374 325 2427 Rex,
359 2378 509 2415 cuncta
541 2389 596 2416 ex
626 2376 717 2431 ipso
751 2388 1008 2429 cognoscere
1039 2373 1234 2428 cupiens,
1270 2371 1450 2426 fatisque
1480 2370 1657 2412 arduum

218 2431 389 2474 obstare
410 2433 615 2487 iudicans,
648 2437 876 2475 euentuum
899 2432 1323 2483 ordinemvexponere
1354 2429 1483 2470 iubet.
1530 2427 1655 2469 Oum-

169 2534 171 2536 ,
217 2504 299 2545 que
325 2504 400 2545 per
431 2494 572 2532 cetera
604 2491 740 2532 auidis
772 2489 1026 2532 referentem
1067 2488 1237 2529 auribus
1281 2486 1540 2541 excepisset,
1563 2499 1657 2551 ‘po-

217 2552 372 2589 stremo
394 2548 645 2590 recensitam
669 2548 852 2590 numinis
873 2548 938 2588 sui
967 2546 1233 2588 mencionem
1264 2544 1429 2586 sinistra
1460 2543 1656 2598 opinione

148 2619 184 2646 4o
216 2605 358 2662 colligi
403 2620 553 2664 passus
599 2620 685 2650 non
733 2608 808 2650 est.
884 2603 1197 2661 Exprobratam
1244 2601 1352 2647 enim
1393 2600 1658 2660 Vgarthiloci

1734 1919 1826 1954 (166)
