1884 3126
284 884 317 912 10

282 1171 316 1198 15

279 1458 316 1485 20

279 1746 315 1773 25

278 2033 316 2060 30

278 2322 316 2349 35

280 2612 315 2639 40

352 234 434 277 594
886 251 936 260 -—
997 225 1133 269 XIIII
1195 251 1246 256 -

353 359 584 402 assidentes
617 356 759 398 osculo
790 355 1076 410 amplexuque
1108 354 1294 409 petebat.
1357 353 1450 401 Quo
1485 366 1627 394 errore
1658 352 1787 394 risum

352 415 638 472 spectantibus
687 414 922 455 suscitauit.
999 413 1169 453 Interea
1219 425 1362 452 rumor
1414 410 1521 451 falso
1574 410 1786 466 dispersus

352 473 582 515 exercitum
600 470 725 523 subit,
742 471 887 512 hostes
905 468 1158 525 impediendi
1182 469 1319 510 exitus
1343 467 1358 521 Η
1381 467 1517 510 studio
1540 468 1788 523 Swynensia
1849 480 1882 514 (3

353 531 457 571 ostia
497 528 652 570 crebris
697 542 926 583 occupasse
968 527 1163 581 nauigiis.
1236 525 1364 567 Cuius
1407 526 1615 581 opinionis
1660 525 1787 567 fidem

348 587 458 628 idem
491 585 693 626 barbarus
736 599 946 626 rumorem
989 584 1185 625 falsitatis
1227 583 1446 638 arguendo
1481 583 1664 637 leuauit,
1694 597 1788 638 pre-

349 644 476 696 fatus,
510 656 732 684 excussum
764 643 843 684 sibi
876 642 1230 697 exploratumque
1261 642 1367 694 fore,
1391 640 1628 682 Sclauicum
1663 641 1788 683 robur

349 701 512 741 Danico
545 700 747 754 adequari
780 715 862 742 non
894 714 1033 754 posse.
1095 699 1221 746 Quod
1253 699 1286 739 si
1311 699 1644 750 Pomeranorum
1675 699 1787 740 uires

349 757 658 798 Polonensibus
690 759 848 799 sociate
869 757 979 798 ferro
1005 771 1100 798 cum
1121 756 1254 798 Danis
1278 756 1507 798 decernere
1531 756 1788 808 debuissent,

349 815 473 856 malle
513 830 556 856 se
601 815 822 870 tuciusque
861 829 983 870 posse
1016 814 1199 855 Danicas
1242 819 1385 868 partes
1426 828 1551 869 quam
1590 814 1788 855 aduersas

347 872 509 914 fouere.
572 871 769 913 Ceterum
801 873 833 914 si
865 872 1038 913 Polanis
1071 886 1118 913 ac
1141 871 1304 913 Sclauis
1336 879 1481 914 contra
1503 872 1649 913 Danos
1670 872 1790 913 dimi-

349 931 502 971 caturis
549 931 682 971 eciam
729 929 939 971 Saxonica
986 929 1258 971 accessissent
1304 930 1487 983 auxilia,
1528 931 1688 971 nescire
1730 943 1788 982 se,

349 1001 471 1042 quam
506 993 667 1043 partem
700 988 878 1029 uictorie
909 988 1150 1043 propiorem
1184 992 1295 1028 esset
1331 993 1631 1042 auguraturus.
1695 987 1790 1035 Qua

349 1045 668 1086 asseueracione
709 1050 874 1087 nostros
917 1046 966 1085 ad
1003 1045 1305 1099 capessendam
1338 1059 1431 1087 cum
1474 1044 1658 1086 hostium
1691 1058 1788 1086 con-

349 1108 511 1157 temptu
555 1103 872 1157 nauigacionem
926 1101 1177 1144 alacrio*res
1231 1103 1382 1145 effecit.
1463 1102 1600 1144 Tanta
1649 1108 1789 1144 autem
1812 1115 1884 1143 cm

348 1161 510 1202 timoris
541 1161 605 1201 uis
630 1159 882 1202 Sclauorum
904 1162 1068 1202 animos
1090 1161 1381 1214 hebetauerat,
1415 1165 1462 1202 ut
1488 1175 1542 1203 ne
1576 1166 1789 1202 extremos

349 1218 530 1273 quidem,
564 1218 669 1260 sicut
703 1220 800 1259 olim
825 1223 1148 1272 consueuerant,
1179 1218 1388 1260 incessere
1409 1223 1547 1260 tutum
1571 1218 1787 1260 ducerent.

350 1276 502 1317 Petrus
536 1290 722 1330 quoque,
755 1280 1032 1331 cognomento
1066 1275 1241 1325 Toddo,
1284 1291 1379 1317 cum
1420 1277 1638 1331 nauigium
1669 1289 1788 1317 suum

348 1333 453 1388 palis
485 1331 651 1388 illiflsum
685 1335 889 1389 rupisset,
933 1334 1106 1389 eiusque
1138 1333 1354 1376 reficiendi
1394 1348 1522 1376 causa
1563 1334 1790 1375 abeuntem
1844 1353 1870 1378 1>-

348 1391 556 1432 sociorum
589 1391 764 1432 classem
809 1392 1088 1447 relinqueret,
1132 1397 1298 1447 tempus
1330 1392 1591 1446 reparacioni
1628 1392 1788 1446 impen-

348 1463 463 1501 sum,
511 1454 556 1489 ut
604 1449 843 1503 solitarius,
889 1450 948 1491 ita
995 1449 1129 1491 omnis
1171 1449 1343 1505 periculi
1390 1450 1583 1491 immunis
1630 1449 1788 1503 exegit,

346 1506 589 1562 refectaque
630 1521 796 1563 puppe,
838 1507 1089 1548 subsecutus
1130 1508 1291 1561 socios,
1331 1507 1499 1549 nemine
1535 1508 1789 1557 lacessente,

347 1578 421 1618 per
453 1569 585 1605 tutam
621 1569 661 1605 et
702 1566 877 1606 liberam
917 1565 1241 1620 nauigacionem
1273 1564 1324 1606 ad
1369 1565 1548 1607 classem
1578 1565 1787 1621 peruenit.

346 1621 467 1662 Adeo
503 1621 756 1663 Sclauorum
785 1623 1070 1678 petulanciam
1103 1623 1267 1677 pristini
1290 1628 1426 1664 metus
1458 1623 1633 1678 reliquie
1666 1622 1786 1663 casti-

348 1679 517 1732 gabant.
592 1680 707 1734 Ergo
758 1680 1031 1722 inconcussus
1083 1687 1253 1735 peracte
1298 1681 1584 1736 expedicionis
1628 1681 1787 1722 reditus

346 1736 438 1778 fuit.
498 1737 733 1779 Residuum
765 1738 863 1779 anni
896 1738 987 1779 ocio
1021 1737 1224 1780 tributum
1258 1743 1335 1780 est.

484 1794 606 1848 Rex,
648 1795 843 1837 Scaniam
882 1796 1117 1850 ingressus,
1159 1810 1293 1852 paruo
1333 1801 1451 1851 post,
1483 1796 1699 1838 Saxonum
1730 1797 1782 1838 ir·
1803 1793 1884 1862 0ζῇ

347 1854 544 1908 rupcione
576 1853 681 1895 falso
704 1854 913 1907 nunciata,
937 1853 1183 1896 Scanienses
1205 1854 1388 1909 equestri
1412 1854 1561 1895 milicie
1583 1855 1784 1909 ascriptos
1821 1835 1847 1909 ξ,
1866 1853 1884 1902 8⁴

347 1912 517 1965 proprio
567 1911 694 1952 ductu
744 1911 1032 1966 prosequitur,
1089 1909 1392 1967 imeerataque
1443 1911 1785 1953 Sialandensibus
1840 1916 1884 1949 (3·

347 1969 635 2022 nauigacione,
659 1967 895 2023 Slaglosam
926 1969 1139 2021 aduectus,
1164 1969 1437 2022 Absalonem,
1469 1984 1491 2011 e
1523 1974 1649 2024 portu
1680 1969 1786 2010 Hul-

346 2027 611 2080 yumz'nnensi
643 2027 840 2079 accitum,
873 2027 1007 2068 multa
1028 2026 1310 2081 gerendorum
1341 2027 1647 2068 consultacione
1678 2027 1788 2069 solli-

348 2084 460 2125 citat.
521 2083 723 2125 Preterea
763 2098 807 2126 se
838 2098 988 2139 parum
1019 2084 1109 2126 ueri
1139 2085 1321 2132 rumoris
1357 2084 1604 2126 credulitate
1636 2084 1786 2139 fatiga-

347 2145 437 2182 tum
478 2141 706 2196 significat,
750 2142 1150 2197 expedicionemque
1190 2142 1298 2184 falso
1337 2142 1488 2184 nuncio
1530 2147 1786 2183 contractam

346 2199 535 2241 remittit.
596 2199 797 2241 Habebat
838 2204 980 2241 autem
1019 2200 1062 2240 in
1105 2197 1299 2241 clientela
1329 2198 1518 2241 Absalon
1549 2199 1783 2242 Arnoldum

347 2255 598 2311 Tylensem,
644 2258 715 2312 qui
757 2258 844 2299 siue
889 2257 1048 2312 ingenii
1092 2258 1280 2299 acumine
1325 2258 1413 2299 siue
1455 2258 1786 2299 coniecturarum

348 2314 577 2368 sagacitate
599 2329 697 2370 sepe
718 2329 895 2356 numero
919 2316 1075 2368 futura,
1098 2314 1151 2355 ad
1173 2329 1248 2356 sua
1269 2315 1339 2356 uel
1361 2315 1589 2356 amicorum
1610 2315 1786 2369 negocia

347 2372 617 2426 pertinencia,
651 2387 745 2414 raro
775 2373 971 2427 presagio
995 2372 1351 2427 deprehendebat.
1402 2371 1492 2414 Nec
1512 2372 1648 2414 minus
1679 2372 1784 2414 anti-

347 2429 516 2483 quitatis
548 2443 673 2484 quam
704 2430 978 2471 diuinacionis
1013 2430 1183 2484 peritus,
1210 2430 1369 2471 sollerti
1389 2429 1659 2471 historiarum
1690 2444 1785 2471 nar-

346 2487 515 2528 racione
566 2488 759 2529 callebat.
832 2487 914 2536 Qui
963 2501 1056 2528 cum
1104 2486 1309 2529 Absaloni
1359 2487 1596 2529 delectandi
1643 2488 1786 2542 gracia

347 2544 585 2599 supradicte
615 2544 903 2599 expedicionis
925 2559 1062 2587 comes
1094 2545 1307 2599 existeret,
1338 2544 1458 2587 breui
1488 2559 1585 2587 eum
1616 2559 1786 2587 manum

345 2614 450 2642 cum·
475 2602 622 2658 piratis
654 2607 944 2644 conserturum
973 2602 1231 2658 predixerat,
1262 2602 1537 2644 uehementer
1565 2617 1607 2644 se
1639 2602 1783 2644 mirari
