<?xml version="1.0" encoding="UTF-8"?>
<!DOCTYPE html PUBLIC "-//W3C//DTD XHTML 1.0 Transitional//EN"
    "http://www.w3.org/TR/xhtml1/DTD/xhtml1-transitional.dtd">
<html xmlns="http://www.w3.org/1999/xhtml" xml:lang="en" lang="en">
 <head>
  <title>
</title>
<meta http-equiv="Content-Type" content="text/html;charset=utf-8" />
  <meta name='ocr-system' content='tesseract 3.04.00' />
  <meta name='ocr-capabilities' content='ocr_page ocr_carea ocr_par ocr_line ocrx_word'/>
</head>
<body>
  <div class='ocr_page' id='page_1' title='image "./saxonisgrammatic00saxouoft_0714.png"; bbox 0 0 1884 3126; ppageno 0'>
   <div class='ocr_carea' id='block_1_1' title="bbox 298 881 334 908">
    <p class='ocr_par' dir='ltr' id='par_1_1' title="bbox 298 881 334 908">
     <span class='ocr_line' id='line_1_1' title="bbox 298 881 334 908; baseline 0 0"><span class='ocrx_word' id='word_1_1' title='bbox 298 881 334 908; x_wconf 93' lang='lat'>10</span> 
     </span>
    </p>
   </div>
   <div class='ocr_carea' id='block_1_2' title="bbox 297 1168 334 1195">
    <p class='ocr_par' dir='ltr' id='par_1_2' title="bbox 297 1168 334 1195">
     <span class='ocr_line' id='line_1_2' title="bbox 297 1168 334 1195; baseline 0 0"><span class='ocrx_word' id='word_1_2' title='bbox 297 1168 334 1195; x_wconf 86' lang='lat'>15</span> 
     </span>
    </p>
   </div>
   <div class='ocr_carea' id='block_1_3' title="bbox 296 1455 333 1483">
    <p class='ocr_par' dir='ltr' id='par_1_3' title="bbox 296 1455 333 1483">
     <span class='ocr_line' id='line_1_3' title="bbox 296 1455 333 1483; baseline -0.027 0"><span class='ocrx_word' id='word_1_3' title='bbox 296 1455 333 1483; x_wconf 89' lang='grc'>20</span> 
     </span>
    </p>
   </div>
   <div class='ocr_carea' id='block_1_4' title="bbox 297 1743 333 1770">
    <p class='ocr_par' dir='ltr' id='par_1_4' title="bbox 297 1743 333 1770">
     <span class='ocr_line' id='line_1_4' title="bbox 297 1743 333 1770; baseline 0 0"><span class='ocrx_word' id='word_1_4' title='bbox 297 1743 333 1770; x_wconf 86' lang='grc'>25</span> 
     </span>
    </p>
   </div>
   <div class='ocr_carea' id='block_1_5' title="bbox 296 2032 335 2059">
    <p class='ocr_par' dir='ltr' id='par_1_5' title="bbox 296 2032 335 2059">
     <span class='ocr_line' id='line_1_5' title="bbox 296 2032 335 2059; baseline 0 0"><span class='ocrx_word' id='word_1_5' title='bbox 296 2032 335 2059; x_wconf 84' lang='grc'>30</span> 
     </span>
    </p>
   </div>
   <div class='ocr_carea' id='block_1_6' title="bbox 298 2321 335 2349">
    <p class='ocr_par' dir='ltr' id='par_1_6' title="bbox 298 2321 335 2349">
     <span class='ocr_line' id='line_1_6' title="bbox 298 2321 335 2349; baseline 0.027 -1"><span class='ocrx_word' id='word_1_6' title='bbox 298 2321 335 2349; x_wconf 89' lang='lat'>35</span> 
     </span>
    </p>
   </div>
   <div class='ocr_carea' id='block_1_7' title="bbox 299 2607 335 2634">
    <p class='ocr_par' dir='ltr' id='par_1_7' title="bbox 299 2607 335 2634">
     <span class='ocr_line' id='line_1_7' title="bbox 299 2607 335 2634; baseline 0.028 -1"><span class='ocrx_word' id='word_1_7' title='bbox 299 2607 335 2634; x_wconf 73' lang='lat'>40</span> 
     </span>
    </p>
   </div>
   <div class='ocr_carea' id='block_1_8' title="bbox 370 224 1263 273">
    <p class='ocr_par' dir='ltr' id='par_1_8' title="bbox 370 224 1263 273">
     <span class='ocr_line' id='line_1_8' title="bbox 370 224 1263 273; baseline -0.009 0"><span class='ocrx_word' id='word_1_8' title='bbox 370 233 452 273; x_wconf 83' lang='lat'>620</span> <span class='ocrx_word' id='word_1_9' title='bbox 901 251 953 259; x_wconf 91' lang='lat'>—</span> <span class='ocrx_word' id='word_1_10' title='bbox 1014 224 1150 267; x_wconf 89' lang='lat' dir='ltr'>XIIII</span> <span class='ocrx_word' id='word_1_11' title='bbox 1209 250 1263 256; x_wconf 91' lang='lat'>—</span> 
     </span>
    </p>
   </div>
   <div class='ocr_carea' id='block_1_9' title="bbox 364 350 1801 2189">
    <p class='ocr_par' dir='ltr' id='par_1_9' title="bbox 364 350 1801 2189">
     <span class='ocr_line' id='line_1_9' title="bbox 366 350 1798 407; baseline -0.005 -9"><span class='ocrx_word' id='word_1_12' title='bbox 366 372 445 399; x_wconf 80' lang='lat' dir='ltr'>rex</span> <span class='ocrx_word' id='word_1_13' title='bbox 477 356 529 397; x_wconf 85' lang='lat' dir='ltr'>ad</span> <span class='ocrx_word' id='word_1_14' title='bbox 561 369 604 397; x_wconf 90' lang='lat' dir='ltr'>se</span> <span class='ocrx_word' id='word_1_15' title='bbox 637 352 827 407; x_wconf 87' lang='lat' dir='ltr'>Wibergi</span> <span class='ocrx_word' id='word_1_16' title='bbox 870 351 1109 393; x_wconf 88' lang='lat' dir='ltr'>uenientem</span> <span class='ocrx_word' id='word_1_17' title='bbox 1148 351 1330 392; x_wconf 88' lang='lat' dir='ltr'>iocunda</span> <span class='ocrx_word' id='word_1_18' title='bbox 1361 351 1414 392; x_wconf 88' lang='lat' dir='ltr'>ad</span> <span class='ocrx_word' id='word_1_19' title='bbox 1445 350 1618 391; x_wconf 90' lang='lat' dir='ltr'>modum</span> <span class='ocrx_word' id='word_1_20' title='bbox 1659 350 1798 392; x_wconf 89' lang='lat' dir='ltr'>fronte</span> 
     </span>
     <span class='ocr_line' id='line_1_10' title="bbox 368 407 1797 467; baseline -0.005 -12"><span class='ocrx_word' id='word_1_21' title='bbox 368 413 562 467; x_wconf 82' lang='lat' dir='ltr'>suscepit,</span> <span class='ocrx_word' id='word_1_22' title='bbox 593 409 749 465; x_wconf 84' lang='lat' dir='ltr'>nequid</span> <span class='ocrx_word' id='word_1_23' title='bbox 781 409 1028 463; x_wconf 80' lang='lat' dir='ltr'>suspicionis</span> <span class='ocrx_word' id='word_1_24' title='bbox 1049 408 1092 449; x_wconf 92' lang='lat' dir='ltr'>in</span> <span class='ocrx_word' id='word_1_25' title='bbox 1114 409 1205 449; x_wconf 92' lang='lat' dir='ltr'>eius</span> <span class='ocrx_word' id='word_1_26' title='bbox 1227 407 1416 450; x_wconf 88' lang='lat' dir='ltr'>aduentu</span> <span class='ocrx_word' id='word_1_27' title='bbox 1447 422 1652 463; x_wconf 84' lang='lat' dir='ltr'>reponere</span> <span class='ocrx_word' id='word_1_28' title='bbox 1683 407 1797 449; x_wconf 92' lang='lat' dir='ltr'>uide-</span> 
     </span>
     <span class='ocr_line' id='line_1_11' title="bbox 368 465 1799 521; baseline -0.003 -10"><span class='ocrx_word' id='word_1_29' title='bbox 368 475 494 511; x_wconf 90' lang='lat' dir='ltr'>retur.</span> <span class='ocrx_word' id='word_1_30' title='bbox 575 468 711 515; x_wconf 81' lang='lat' dir='ltr'>Quam</span> <span class='ocrx_word' id='word_1_31' title='bbox 761 467 871 521; x_wconf 88' lang='lat' dir='ltr'>regis</span> <span class='ocrx_word' id='word_1_32' title='bbox 922 465 1260 507; x_wconf 90' lang='lat' dir='ltr'>moderacionem</span> <span class='ocrx_word' id='word_1_33' title='bbox 1311 465 1519 518; x_wconf 80' lang='lat' dir='ltr'>pontificis</span> <span class='ocrx_word' id='word_1_34' title='bbox 1571 465 1799 520; x_wconf 83' lang='lat' dir='ltr'>prudencia</span> 
     </span>
     <span class='ocr_line' id='line_1_12' title="bbox 369 523 1799 588; baseline -0.002 -21"><span class='ocrx_word' id='word_1_35' title='bbox 369 526 547 581; x_wconf 89' lang='lat' dir='ltr'>equauit.</span> <span class='ocrx_word' id='word_1_36' title='bbox 610 524 851 588; x_wconf 86' lang='lat' dir='ltr'>Supplicem</span> <span class='ocrx_word' id='word_1_37' title='bbox 873 524 983 564; x_wconf 90' lang='lat' dir='ltr'>enim</span> <span class='ocrx_word' id='word_1_38' title='bbox 1005 537 1079 577; x_wconf 89' lang='lat' dir='ltr'>pro</span> <span class='ocrx_word' id='word_1_39' title='bbox 1100 523 1325 578; x_wconf 82' lang='lat' dir='ltr'>nepotibus</span> <span class='ocrx_word' id='word_1_40' title='bbox 1348 537 1498 564; x_wconf 89' lang='lat' dir='ltr'>uocem</span> <span class='ocrx_word' id='word_1_41' title='bbox 1519 523 1684 564; x_wconf 87' lang='lat' dir='ltr'>mittere</span> <span class='ocrx_word' id='word_1_42' title='bbox 1714 537 1799 564; x_wconf 91' lang='lat' dir='ltr'>non</span> 
     </span>
     <span class='ocr_line' id='line_1_13' title="bbox 366 580 1800 637; baseline -0.003 -12"><span class='ocrx_word' id='word_1_43' title='bbox 366 583 573 633; x_wconf 81' lang='lat' dir='ltr'>sustinuit,</span> <span class='ocrx_word' id='word_1_44' title='bbox 604 596 686 637; x_wconf 88' lang='lat' dir='ltr'>quo</span> <span class='ocrx_word' id='word_1_45' title='bbox 719 581 851 635; x_wconf 84' lang='lat' dir='ltr'>magis</span> <span class='ocrx_word' id='word_1_46' title='bbox 884 595 929 623; x_wconf 88' lang='lat' dir='ltr'>se</span> <span class='ocrx_word' id='word_1_47' title='bbox 962 581 1014 621; x_wconf 88' lang='lat' dir='ltr'>ab</span> <span class='ocrx_word' id='word_1_48' title='bbox 1053 580 1299 621; x_wconf 90' lang='lat' dir='ltr'>insidiarum</span> <span class='ocrx_word' id='word_1_49' title='bbox 1340 580 1577 635; x_wconf 84' lang='lat' dir='ltr'>suspicione</span> <span class='ocrx_word' id='word_1_50' title='bbox 1618 580 1800 622; x_wconf 90' lang='lat' dir='ltr'>alienum</span> 
     </span>
     <span class='ocr_line' id='line_1_14' title="bbox 368 637 1800 694; baseline -0.001 -13"><span class='ocrx_word' id='word_1_51' title='bbox 368 640 561 691; x_wconf 77' lang='lat' dir='ltr'>efficeiet,</span> <span class='ocrx_word' id='word_1_52' title='bbox 593 653 705 680; x_wconf 91' lang='lat' dir='ltr'>neue</span> <span class='ocrx_word' id='word_1_53' title='bbox 738 651 882 680; x_wconf 90' lang='lat' dir='ltr'>eorum</span> <span class='ocrx_word' id='word_1_54' title='bbox 913 639 1035 694; x_wconf 90' lang='lat' dir='ltr'>culpe</span> <span class='ocrx_word' id='word_1_55' title='bbox 1066 637 1228 690; x_wconf 88' lang='lat' dir='ltr'>affinis,</span> <span class='ocrx_word' id='word_1_56' title='bbox 1271 652 1372 692; x_wconf 89' lang='lat' dir='ltr'>quos</span> <span class='ocrx_word' id='word_1_57' title='bbox 1403 638 1598 692; x_wconf 87' lang='lat' dir='ltr'>precibus</span> <span class='ocrx_word' id='word_1_58' title='bbox 1629 651 1800 679; x_wconf 89' lang='lat' dir='ltr'>seruare</span> 
     </span>
     <span class='ocr_line' id='line_1_15' title="bbox 367 695 1798 752; baseline -0.001 -14"><span class='ocrx_word' id='word_1_59' title='bbox 367 702 550 752; x_wconf 89' lang='lat' dir='ltr'>cuperet,</span> <span class='ocrx_word' id='word_1_60' title='bbox 584 695 811 737; x_wconf 82' lang='lat' dir='ltr'>existimari</span> <span class='ocrx_word' id='word_1_61' title='bbox 842 700 999 750; x_wconf 90' lang='lat' dir='ltr'>posset,</span> <span class='ocrx_word' id='word_1_62' title='bbox 1031 695 1269 736; x_wconf 90' lang='lat' dir='ltr'>consulcius</span> <span class='ocrx_word' id='word_1_63' title='bbox 1296 695 1553 748; x_wconf 89' lang='lat' dir='ltr'>arbitrando,</span> <span class='ocrx_word' id='word_1_64' title='bbox 1584 696 1798 736; x_wconf 89' lang='lat' dir='ltr'>taciturni-</span> 
     </span>
     <span class='ocr_line' id='line_1_16' title="bbox 367 753 1798 808; baseline -0.001 -12"><span class='ocrx_word' id='word_1_65' title='bbox 367 754 464 796; x_wconf 82' lang='lat' dir='ltr'>tatis</span> <span class='ocrx_word' id='word_1_66' title='bbox 511 758 760 808; x_wconf 86' lang='lat' dir='ltr'>argumento</span> <span class='ocrx_word' id='word_1_67' title='bbox 809 753 1102 807; x_wconf 28' lang='lat' dir='ltr'>malignitatis,</span> <span class='ocrx_word' id='word_1_68' title='bbox 1128 753 1411 807; x_wconf 86' lang='lat' dir='ltr'>suspicionem</span> <span class='ocrx_word' id='word_1_69' title='bbox 1459 753 1623 806; x_wconf 87' lang='lat' dir='ltr'>uitare,</span> <span class='ocrx_word' id='word_1_70' title='bbox 1675 767 1798 808; x_wconf 89' lang='lat' dir='ltr'>quam</span> 
     </span>
     <span class='ocr_line' id='line_1_17' title="bbox 366 809 1800 866; baseline -0.001 -13"><span class='ocrx_word' id='word_1_71' title='bbox 366 812 570 853; x_wconf 87' lang='lat' dir='ltr'>offensam</span> <span class='ocrx_word' id='word_1_72' title='bbox 614 825 689 866; x_wconf 87' lang='lat' dir='ltr'>pro</span> <span class='ocrx_word' id='word_1_73' title='bbox 727 810 865 852; x_wconf 76' lang='lat' dir='ltr'>noxiis</span> <span class='ocrx_word' id='word_1_74' title='bbox 915 809 1191 865; x_wconf 89' lang='lat' dir='ltr'>supplicando</span> <span class='ocrx_word' id='word_1_75' title='bbox 1236 810 1500 852; x_wconf 85' lang='lat' dir='ltr'>contrahere.</span> <span class='ocrx_word' id='word_1_76' title='bbox 1579 810 1657 852; x_wconf 81' lang='lat' dir='ltr'>Oui</span> <span class='ocrx_word' id='word_1_77' title='bbox 1701 815 1800 865; x_wconf 88' lang='lat' dir='ltr'>post</span> 
     </span>
     <span class='ocr_line' id='line_1_18' title="bbox 367 867 1799 923; baseline -0.001 -13"><span class='ocrx_word' id='word_1_78' title='bbox 367 869 538 910; x_wconf 92' lang='lat' dir='ltr'>modum</span> <span class='ocrx_word' id='word_1_79' title='bbox 559 868 755 910; x_wconf 86' lang='lat' dir='ltr'>Scaniam</span> <span class='ocrx_word' id='word_1_80' title='bbox 782 867 787 918; x_wconf 87' lang='grc' dir='ltr'>Ι</span> <span class='ocrx_word' id='word_1_81' title='bbox 813 867 1006 923; x_wconf 90' lang='lat' dir='ltr'>profecto</span> <span class='ocrx_word' id='word_1_82' title='bbox 1039 873 1278 922; x_wconf 84' lang='lat' dir='ltr'>opportuna</span> <span class='ocrx_word' id='word_1_83' title='bbox 1300 867 1561 909; x_wconf 89' lang='lat' dir='ltr'>medicorum</span> <span class='ocrx_word' id='word_1_84' title='bbox 1590 867 1799 909; x_wconf 87' lang='lat' dir='ltr'>industria</span> 
     </span>
     <span class='ocr_line' id='line_1_19' title="bbox 367 925 1798 980; baseline -0.001 -13"><span class='ocrx_word' id='word_1_85' title='bbox 367 926 582 968; x_wconf 88' lang='lat' dir='ltr'>debilitate</span> <span class='ocrx_word' id='word_1_86' title='bbox 622 926 738 967; x_wconf 89' lang='lat' dir='ltr'>uocis</span> <span class='ocrx_word' id='word_1_87' title='bbox 779 939 902 980; x_wconf 90' lang='lat' dir='ltr'>opem</span> <span class='ocrx_word' id='word_1_88' title='bbox 944 925 1270 978; x_wconf 69' lang='lat' dir='ltr'>redintegrauit,</span> <span class='ocrx_word' id='word_1_89' title='bbox 1312 930 1356 967; x_wconf 89' lang='lat' dir='ltr'>at</span> <span class='ocrx_word' id='word_1_90' title='bbox 1394 929 1578 967; x_wconf 87' lang='lat' dir='ltr'>mentem</span> <span class='ocrx_word' id='word_1_91' title='bbox 1621 925 1798 967; x_wconf 65' lang='lat' dir='ltr'>eius&#39;in-</span> 
     </span>
     <span class='ocr_line' id='line_1_20' title="bbox 366 982 1799 1038; baseline -0.001 -13"><span class='ocrx_word' id='word_1_92' title='bbox 366 984 484 1038; x_wconf 83' lang='lat' dir='ltr'>genti</span> <span class='ocrx_word' id='word_1_93' title='bbox 524 997 716 1024; x_wconf 87' lang='lat' dir='ltr'>curarum</span> <span class='ocrx_word' id='word_1_94' title='bbox 762 987 854 1024; x_wconf 91' lang='lat' dir='ltr'>estu</span> <span class='ocrx_word' id='word_1_95' title='bbox 895 983 1076 1024; x_wconf 81' lang='lat' dir='ltr'>obsitam</span> <span class='ocrx_word' id='word_1_96' title='bbox 1116 982 1354 1036; x_wconf 83' lang='lat' dir='ltr'>egritudine</span> <span class='ocrx_word' id='word_1_97' title='bbox 1391 997 1545 1025; x_wconf 89' lang='lat' dir='ltr'>uacare</span> <span class='ocrx_word' id='word_1_98' title='bbox 1582 987 1799 1038; x_wconf 85' lang='lat' dir='ltr'>nepotum,</span> 
     </span>
     <span class='ocr_line' id='line_1_21' title="bbox 366 1040 1799 1096; baseline 0 -14"><span class='ocrx_word' id='word_1_99' title='bbox 366 1041 535 1095; x_wconf 91' lang='lat' dir='ltr'>proprio</span> <span class='ocrx_word' id='word_1_100' title='bbox 580 1041 730 1095; x_wconf 89' lang='lat' dir='ltr'>spiritu</span> <span class='ocrx_word' id='word_1_101' title='bbox 770 1040 999 1092; x_wconf 89' lang='lat' dir='ltr'>cariorum,</span> <span class='ocrx_word' id='word_1_102' title='bbox 1038 1041 1210 1082; x_wconf 88' lang='lat' dir='ltr'>fortuna</span> <span class='ocrx_word' id='word_1_103' title='bbox 1251 1055 1375 1096; x_wconf 88' lang='lat' dir='ltr'>passa</span> <span class='ocrx_word' id='word_1_104' title='bbox 1413 1055 1497 1082; x_wconf 91' lang='lat' dir='ltr'>non</span> <span class='ocrx_word' id='word_1_105' title='bbox 1541 1046 1615 1082; x_wconf 91' lang='lat' dir='ltr'>est.</span> <span class='ocrx_word' id='word_1_106' title='bbox 1676 1041 1799 1083; x_wconf 90' lang='lat' dir='ltr'>Adeo</span> 
     </span>
     <span class='ocr_line' id='line_1_22' title="bbox 366 1098 1800 1153; baseline 0.001 -14"><span class='ocrx_word' id='word_1_107' title='bbox 366 1098 527 1139; x_wconf 89' lang='lat' dir='ltr'>facilius</span> <span class='ocrx_word' id='word_1_108' title='bbox 582 1099 769 1153; x_wconf 88' lang='lat' dir='ltr'>corporis</span> <span class='ocrx_word' id='word_1_109' title='bbox 822 1111 945 1153; x_wconf 90' lang='lat' dir='ltr'>quam</span> <span class='ocrx_word' id='word_1_110' title='bbox 996 1098 1124 1140; x_wconf 89' lang='lat' dir='ltr'>animi</span> <span class='ocrx_word' id='word_1_111' title='bbox 1174 1098 1411 1140; x_wconf 88' lang='lat' dir='ltr'>discrimina</span> <span class='ocrx_word' id='word_1_112' title='bbox 1458 1099 1662 1140; x_wconf 83' lang='lat' dir='ltr'>nitantur.</span> <span class='ocrx_word' id='word_1_113' title='bbox 1743 1098 1800 1140; x_wconf 91' lang='lat' dir='ltr'>At</span> 
     </span>
     <span class='ocr_line' id='line_1_23' title="bbox 364 1155 1799 1211; baseline -0.001 -14"><span class='ocrx_word' id='word_1_114' title='bbox 364 1155 570 1210; x_wconf 81' lang='lat' dir='ltr'>Magnus,</span> <span class='ocrx_word' id='word_1_115' title='bbox 610 1155 806 1197; x_wconf 87' lang='lat' dir='ltr'>facinoris</span> <span class='ocrx_word' id='word_1_116' title='bbox 848 1155 1032 1210; x_wconf 88' lang='lat' dir='ltr'>pudore,</span> <span class='ocrx_word' id='word_1_117' title='bbox 1073 1170 1199 1211; x_wconf 92' lang='lat' dir='ltr'>quam</span> <span class='ocrx_word' id='word_1_118' title='bbox 1246 1156 1359 1198; x_wconf 86' lang='lat' dir='ltr'>exilii</span> <span class='ocrx_word' id='word_1_119' title='bbox 1400 1170 1570 1197; x_wconf 85' lang='lat' dir='ltr'>causam</span> <span class='ocrx_word' id='word_1_120' title='bbox 1612 1155 1799 1207; x_wconf 85' lang='lat' dir='ltr'>haberet,</span> 
     </span>
     <span class='ocr_line' id='line_1_24' title="bbox 365 1211 1795 1268; baseline 0 -14"><span class='ocrx_word' id='word_1_121' title='bbox 365 1213 550 1255; x_wconf 90' lang='lat' dir='ltr'>Henrico</span> <span class='ocrx_word' id='word_1_122' title='bbox 593 1213 781 1267; x_wconf 86' lang='lat' dir='ltr'>pandere</span> <span class='ocrx_word' id='word_1_123' title='bbox 820 1214 999 1266; x_wconf 90' lang='lat' dir='ltr'>ueritus,</span> <span class='ocrx_word' id='word_1_124' title='bbox 1031 1211 1042 1268; x_wconf 76' lang='grc' dir='ltr'>Η</span> <span class='ocrx_word' id='word_1_125' title='bbox 1071 1213 1430 1255; x_wconf 86' lang='lat' dir='ltr'>reconciliacionis</span> <span class='ocrx_word' id='word_1_126' title='bbox 1470 1214 1523 1255; x_wconf 89' lang='lat' dir='ltr'>ab</span> <span class='ocrx_word' id='word_1_127' title='bbox 1562 1214 1652 1268; x_wconf 90' lang='lat' dir='ltr'>ipso</span> <span class='ocrx_word' id='word_1_128' title='bbox 1692 1214 1795 1255; x_wconf 86' lang='lat' dir='ltr'>dun-</span> 
     </span>
     <span class='ocr_line' id='line_1_25' title="bbox 366 1270 1800 1327; baseline -0.001 -15"><span class='ocrx_word' id='word_1_129' title='bbox 366 1276 485 1312; x_wconf 86' lang='lat' dir='ltr'>taxat</span> <span class='ocrx_word' id='word_1_130' title='bbox 526 1270 711 1312; x_wconf 90' lang='lat' dir='ltr'>remedia</span> <span class='ocrx_word' id='word_1_131' title='bbox 740 1271 997 1327; x_wconf 87' lang='lat' dir='ltr'>postulabat.</span> <span class='ocrx_word' id='word_1_132' title='bbox 1058 1271 1158 1323; x_wconf 89' lang='lat' dir='ltr'>Ille,</span> <span class='ocrx_word' id='word_1_133' title='bbox 1200 1271 1336 1312; x_wconf 88' lang='lat' dir='ltr'>exulis</span> <span class='ocrx_word' id='word_1_134' title='bbox 1368 1277 1470 1312; x_wconf 89' lang='lat' dir='ltr'>uota</span> <span class='ocrx_word' id='word_1_135' title='bbox 1512 1271 1698 1313; x_wconf 84' lang='lat' dir='ltr'>auersari</span> <span class='ocrx_word' id='word_1_136' title='bbox 1729 1272 1800 1312; x_wconf 87' lang='lat' dir='ltr'>im-</span> 
     </span>
     <span class='ocr_line' id='line_1_26' title="bbox 365 1327 1798 1384; baseline 0 -15"><span class='ocrx_word' id='word_1_137' title='bbox 365 1329 481 1384; x_wconf 90' lang='lat' dir='ltr'>pium</span> <span class='ocrx_word' id='word_1_138' title='bbox 511 1333 640 1381; x_wconf 90' lang='lat' dir='ltr'>ratus,</span> <span class='ocrx_word' id='word_1_139' title='bbox 669 1329 848 1383; x_wconf 87' lang='lat' dir='ltr'>epistola</span> <span class='ocrx_word' id='word_1_140' title='bbox 879 1327 933 1369; x_wconf 87' lang='lat' dir='ltr'>ad</span> <span class='ocrx_word' id='word_1_141' title='bbox 950 1327 1272 1370; x_wconf 89' lang='lat' dir='ltr'>Waldemarum</span> <span class='ocrx_word' id='word_1_142' title='bbox 1305 1329 1563 1380; x_wconf 88' lang='lat' dir='ltr'>transmissa,</span> <span class='ocrx_word' id='word_1_143' title='bbox 1597 1332 1798 1383; x_wconf 90' lang='lat' dir='ltr'>concepte</span> 
     </span>
     <span class='ocr_line' id='line_1_27' title="bbox 369 1385 1801 1441; baseline 0 -14"><span class='ocrx_word' id='word_1_144' title='bbox 369 1400 469 1440; x_wconf 82' lang='lat' dir='ltr'>erga</span> <span class='ocrx_word' id='word_1_145' title='bbox 516 1385 718 1440; x_wconf 88' lang='lat' dir='ltr'>Magnum</span> <span class='ocrx_word' id='word_1_146' title='bbox 770 1386 930 1427; x_wconf 87' lang='lat' dir='ltr'>offense</span> <span class='ocrx_word' id='word_1_147' title='bbox 979 1386 1267 1427; x_wconf 88' lang='lat' dir='ltr'>remissionem</span> <span class='ocrx_word' id='word_1_148' title='bbox 1313 1387 1529 1441; x_wconf 85' lang='lat' dir='ltr'>efflagitat.</span> <span class='ocrx_word' id='word_1_149' title='bbox 1602 1386 1671 1428; x_wconf 92' lang='lat' dir='ltr'>Ad</span> <span class='ocrx_word' id='word_1_150' title='bbox 1724 1386 1801 1428; x_wconf 90' lang='lat' dir='ltr'>hec</span> 
     </span>
     <span class='ocr_line' id='line_1_28' title="bbox 364 1443 1799 1499; baseline 0 -15"><span class='ocrx_word' id='word_1_151' title='bbox 364 1443 661 1485; x_wconf 88' lang='lat' dir='ltr'>Waldemarus</span> <span class='ocrx_word' id='word_1_152' title='bbox 683 1444 903 1498; x_wconf 84' lang='lat' dir='ltr'>legacione</span> <span class='ocrx_word' id='word_1_153' title='bbox 927 1457 1051 1498; x_wconf 92' lang='lat' dir='ltr'>quam</span> <span class='ocrx_word' id='word_1_154' title='bbox 1072 1444 1204 1485; x_wconf 89' lang='lat' dir='ltr'>literis</span> <span class='ocrx_word' id='word_1_155' title='bbox 1228 1444 1485 1499; x_wconf 89' lang='lat' dir='ltr'>respondere</span> <span class='ocrx_word' id='word_1_156' title='bbox 1513 1444 1648 1485; x_wconf 89' lang='lat' dir='ltr'>sacius</span> <span class='ocrx_word' id='word_1_157' title='bbox 1670 1449 1799 1496; x_wconf 88' lang='lat' dir='ltr'>ratus,</span> 
     </span>
     <span class='ocr_line' id='line_1_29' title="bbox 365 1500 1799 1556; baseline -0.001 -13"><span class='ocrx_word' id='word_1_158' title='bbox 365 1501 612 1555; x_wconf 88' lang='lat' dir='ltr'>Henricum,</span> <span class='ocrx_word' id='word_1_159' title='bbox 644 1515 767 1556; x_wconf 90' lang='lat' dir='ltr'>quem</span> <span class='ocrx_word' id='word_1_160' title='bbox 798 1500 963 1542; x_wconf 89' lang='lat' dir='ltr'>stabulo</span> <span class='ocrx_word' id='word_1_161' title='bbox 988 1515 1064 1542; x_wconf 91' lang='lat' dir='ltr'>suo</span> <span class='ocrx_word' id='word_1_162' title='bbox 1091 1507 1382 1556; x_wconf 86' lang='lat' dir='ltr'>preposuerat,</span> <span class='ocrx_word' id='word_1_163' title='bbox 1404 1501 1650 1543; x_wconf 82' lang='lat' dir='ltr'>Germanice</span> <span class='ocrx_word' id='word_1_164' title='bbox 1681 1501 1799 1543; x_wconf 88' lang='lat' dir='ltr'>uocis</span> 
     </span>
     <span class='ocr_line' id='line_1_30' title="bbox 365 1558 1800 1614; baseline 0 -14"><span class='ocrx_word' id='word_1_165' title='bbox 365 1559 418 1600; x_wconf 89' lang='lat' dir='ltr'>ad</span> <span class='ocrx_word' id='word_1_166' title='bbox 457 1558 626 1601; x_wconf 90' lang='lat' dir='ltr'>modum</span> <span class='ocrx_word' id='word_1_167' title='bbox 668 1573 859 1613; x_wconf 87' lang='lat' dir='ltr'>gnarum,</span> <span class='ocrx_word' id='word_1_168' title='bbox 902 1559 944 1599; x_wconf 90' lang='lat' dir='ltr'>in</span> <span class='ocrx_word' id='word_1_169' title='bbox 979 1558 1210 1600; x_wconf 81' lang='lat' dir='ltr'>Saxoniam</span> <span class='ocrx_word' id='word_1_170' title='bbox 1242 1559 1362 1614; x_wconf 86' lang='lat' dir='ltr'>dirigi</span> <span class='ocrx_word' id='word_1_171' title='bbox 1394 1564 1533 1611; x_wconf 88' lang='lat' dir='ltr'>curat,</span> <span class='ocrx_word' id='word_1_172' title='bbox 1566 1558 1676 1614; x_wconf 85' lang='lat' dir='ltr'>apud</span> <span class='ocrx_word' id='word_1_173' title='bbox 1710 1559 1800 1600; x_wconf 86' lang='lat' dir='ltr'>eius</span> 
     </span>
     <span class='ocr_line' id='line_1_31' title="bbox 365 1616 1799 1671; baseline 0 -14"><span class='ocrx_word' id='word_1_174' title='bbox 365 1617 512 1658; x_wconf 89' lang='lat' dir='ltr'>ducem</span> <span class='ocrx_word' id='word_1_175' title='bbox 533 1616 762 1658; x_wconf 88' lang='lat' dir='ltr'>Henricum</span> <span class='ocrx_word' id='word_1_176' title='bbox 781 1616 925 1670; x_wconf 86' lang='lat' dir='ltr'>Magni</span> <span class='ocrx_word' id='word_1_177' title='bbox 941 1616 1159 1671; x_wconf 88' lang='lat' dir='ltr'>perfidiam</span> <span class='ocrx_word' id='word_1_178' title='bbox 1177 1621 1486 1659; x_wconf 88' lang='lat' dir='ltr'>accusaturum.</span> <span class='ocrx_word' id='word_1_179' title='bbox 1532 1617 1624 1665; x_wconf 85' lang='lat' dir='ltr'>Quo</span> <span class='ocrx_word' id='word_1_180' title='bbox 1642 1616 1799 1667; x_wconf 88' lang='lat' dir='ltr'>audito,</span> 
     </span>
     <span class='ocr_line' id='line_1_32' title="bbox 364 1674 1799 1730; baseline -0.001 -14"><span class='ocrx_word' id='word_1_181' title='bbox 364 1675 561 1729; x_wconf 88' lang='lat' dir='ltr'>Magnus,</span> <span class='ocrx_word' id='word_1_182' title='bbox 593 1674 747 1716; x_wconf 90' lang='lat' dir='ltr'>rubore</span> <span class='ocrx_word' id='word_1_183' title='bbox 778 1675 820 1715; x_wconf 92' lang='lat' dir='ltr'>in</span> <span class='ocrx_word' id='word_1_184' title='bbox 842 1674 1061 1715; x_wconf 81' lang='lat' dir='ltr'>audaciam</span> <span class='ocrx_word' id='word_1_185' title='bbox 1095 1689 1233 1726; x_wconf 84' lang='lat' dir='ltr'>uerso,</span> <span class='ocrx_word' id='word_1_186' title='bbox 1266 1689 1396 1727; x_wconf 87' lang='lat' dir='ltr'>quam</span> <span class='ocrx_word' id='word_1_187' title='bbox 1418 1678 1587 1730; x_wconf 85' lang='lat' dir='ltr'>poterat</span> <span class='ocrx_word' id='word_1_188' title='bbox 1617 1675 1799 1728; x_wconf 87' lang='lat' dir='ltr'>pertina-</span> 
     </span>
     <span class='ocr_line' id='line_1_33' title="bbox 365 1730 1799 1787; baseline -0.001 -14"><span class='ocrx_word' id='word_1_189' title='bbox 365 1733 479 1783; x_wconf 83' lang='lat' dir='ltr'>citer,</span> <span class='ocrx_word' id='word_1_190' title='bbox 512 1732 685 1773; x_wconf 81' lang='lat' dir='ltr'>obiectis</span> <span class='ocrx_word' id='word_1_191' title='bbox 717 1747 763 1774; x_wconf 88' lang='lat' dir='ltr'>se</span> <span class='ocrx_word' id='word_1_192' title='bbox 796 1731 970 1773; x_wconf 88' lang='lat' dir='ltr'>affinem</span> <span class='ocrx_word' id='word_1_193' title='bbox 1000 1746 1184 1786; x_wconf 81' lang='lat' dir='ltr'>negare,</span> <span class='ocrx_word' id='word_1_194' title='bbox 1218 1737 1259 1773; x_wconf 92' lang='lat' dir='ltr'>et</span> <span class='ocrx_word' id='word_1_195' title='bbox 1290 1732 1422 1773; x_wconf 90' lang='lat' dir='ltr'>ueluti</span> <span class='ocrx_word' id='word_1_196' title='bbox 1460 1732 1501 1773; x_wconf 92' lang='lat' dir='ltr'>in</span> <span class='ocrx_word' id='word_1_197' title='bbox 1534 1730 1799 1787; x_wconf 79' lang='lat' dir='ltr'>arg&lt;u&gt;men-</span> 
     </span>
     <span class='ocr_line' id='line_1_34' title="bbox 365 1788 1799 1842; baseline 0.001 -12"><span class='ocrx_word' id='word_1_198' title='bbox 365 1797 452 1831; x_wconf 89' lang='lat' dir='ltr'>tum</span> <span class='ocrx_word' id='word_1_199' title='bbox 485 1788 729 1831; x_wconf 88' lang='lat' dir='ltr'>innocencie</span> <span class='ocrx_word' id='word_1_200' title='bbox 761 1789 902 1831; x_wconf 91' lang='lat' dir='ltr'>duello</span> <span class='ocrx_word' id='word_1_201' title='bbox 935 1803 1102 1830; x_wconf 90' lang='lat' dir='ltr'>manum</span> <span class='ocrx_word' id='word_1_202' title='bbox 1131 1790 1294 1842; x_wconf 85' lang='lat' dir='ltr'>offerre,</span> <span class='ocrx_word' id='word_1_203' title='bbox 1329 1790 1478 1830; x_wconf 89' lang='lat' dir='ltr'>eodem</span> <span class='ocrx_word' id='word_1_204' title='bbox 1504 1791 1695 1831; x_wconf 89' lang='lat' dir='ltr'>acumine</span> <span class='ocrx_word' id='word_1_205' title='bbox 1718 1789 1799 1831; x_wconf 87' lang='lat' dir='ltr'>dis-</span> 
     </span>
     <span class='ocr_line' id='line_1_35' title="bbox 366 1847 1801 1901; baseline 0 -13"><span class='ocrx_word' id='word_1_206' title='bbox 366 1847 683 1888; x_wconf 88' lang='lat' dir='ltr'>simulacionem</span> <span class='ocrx_word' id='word_1_207' title='bbox 706 1848 940 1901; x_wconf 87' lang='lat' dir='ltr'>amplexus,</span> <span class='ocrx_word' id='word_1_208' title='bbox 972 1861 1053 1901; x_wconf 93' lang='lat' dir='ltr'>quo</span> <span class='ocrx_word' id='word_1_209' title='bbox 1075 1847 1238 1888; x_wconf 88' lang='lat' dir='ltr'>facinus</span> <span class='ocrx_word' id='word_1_210' title='bbox 1262 1847 1433 1888; x_wconf 89' lang='lat' dir='ltr'>molitus</span> <span class='ocrx_word' id='word_1_211' title='bbox 1455 1847 1607 1889; x_wconf 87' lang='lat' dir='ltr'>fuerat.</span> <span class='ocrx_word' id='word_1_212' title='bbox 1655 1847 1801 1889; x_wconf 83' lang='lat' dir='ltr'>Refert</span> 
     </span>
     <span class='ocr_line' id='line_1_36' title="bbox 365 1905 1800 1959; baseline 0.001 -14"><span class='ocrx_word' id='word_1_213' title='bbox 365 1905 544 1959; x_wconf 87' lang='lat' dir='ltr'>legatus,</span> <span class='ocrx_word' id='word_1_214' title='bbox 576 1919 660 1946; x_wconf 90' lang='lat' dir='ltr'>non</span> <span class='ocrx_word' id='word_1_215' title='bbox 692 1905 746 1945; x_wconf 92' lang='lat' dir='ltr'>ob</span> <span class='ocrx_word' id='word_1_216' title='bbox 777 1905 858 1947; x_wconf 91' lang='lat' dir='ltr'>hoc</span> <span class='ocrx_word' id='word_1_217' title='bbox 888 1919 933 1946; x_wconf 91' lang='lat' dir='ltr'>se</span> <span class='ocrx_word' id='word_1_218' title='bbox 967 1919 1016 1945; x_wconf 91' lang='lat' dir='ltr'>eo</span> <span class='ocrx_word' id='word_1_219' title='bbox 1050 1906 1236 1956; x_wconf 86' lang='lat' dir='ltr'>missum,</span> <span class='ocrx_word' id='word_1_220' title='bbox 1268 1909 1315 1945; x_wconf 92' lang='lat' dir='ltr'>ut</span> <span class='ocrx_word' id='word_1_221' title='bbox 1345 1905 1628 1946; x_wconf 86' lang='lat' dir='ltr'>accusacionis</span> <span class='ocrx_word' id='word_1_222' title='bbox 1659 1909 1800 1959; x_wconf 80' lang='lat' dir='ltr'>partes</span> 
     </span>
     <span class='ocr_line' id='line_1_37' title="bbox 365 1962 1801 2018; baseline 0 -15"><span class='ocrx_word' id='word_1_223' title='bbox 365 1962 478 2017; x_wconf 88' lang='lat' dir='ltr'>apud</span> <span class='ocrx_word' id='word_1_224' title='bbox 510 1967 680 2004; x_wconf 82' lang='lat' dir='ltr'>exteros</span> <span class='ocrx_word' id='word_1_225' title='bbox 711 1962 820 2004; x_wconf 85' lang='lat' dir='ltr'>ferro</span> <span class='ocrx_word' id='word_1_226' title='bbox 851 1962 1048 2018; x_wconf 88' lang='lat' dir='ltr'>prosequi</span> <span class='ocrx_word' id='word_1_227' title='bbox 1081 1962 1255 2014; x_wconf 89' lang='lat' dir='ltr'>debeat,</span> <span class='ocrx_word' id='word_1_228' title='bbox 1300 1962 1375 2004; x_wconf 90' lang='lat' dir='ltr'>sed</span> <span class='ocrx_word' id='word_1_229' title='bbox 1407 1968 1453 2003; x_wconf 91' lang='lat' dir='ltr'>ut</span> <span class='ocrx_word' id='word_1_230' title='bbox 1484 1976 1603 2003; x_wconf 89' lang='lat' dir='ltr'>reum</span> <span class='ocrx_word' id='word_1_231' title='bbox 1635 1976 1801 2003; x_wconf 84' lang='lat' dir='ltr'>causam</span> 
     </span>
     <span class='ocr_line' id='line_1_38' title="bbox 364 2019 1800 2075; baseline 0 -15"><span class='ocrx_word' id='word_1_232' title='bbox 364 2034 485 2061; x_wconf 86' lang='lat' dir='ltr'>suam</span> <span class='ocrx_word' id='word_1_233' title='bbox 505 2020 557 2061; x_wconf 89' lang='lat' dir='ltr'>ad</span> <span class='ocrx_word' id='word_1_234' title='bbox 580 2021 689 2074; x_wconf 87' lang='lat' dir='ltr'>regis</span> <span class='ocrx_word' id='word_1_235' title='bbox 713 2021 1002 2074; x_wconf 83' lang='lat' dir='ltr'>cognicionem</span> <span class='ocrx_word' id='word_1_236' title='bbox 1024 2020 1251 2062; x_wconf 88' lang='lat' dir='ltr'>transferre</span> <span class='ocrx_word' id='word_1_237' title='bbox 1274 2019 1644 2075; x_wconf 86' lang='lat' dir='ltr'>defensionemque</span> <span class='ocrx_word' id='word_1_238' title='bbox 1665 2020 1800 2074; x_wconf 88' lang='lat' dir='ltr'>patria</span> 
     </span>
     <span class='ocr_line' id='line_1_39' title="bbox 364 2052 1801 2143; baseline 0 -25"><span class='ocrx_word' id='word_1_239' title='bbox 364 2078 458 2132; x_wconf 86' lang='lat' dir='ltr'>lege</span> <span class='ocrx_word' id='word_1_240' title='bbox 500 2077 714 2119; x_wconf 85' lang='lat' dir='ltr'>decretam</span> <span class='ocrx_word' id='word_1_241' title='bbox 756 2052 898 2120; x_wconf 48' lang='lat' dir='ltr'>sbubire</span> <span class='ocrx_word' id='word_1_242' title='bbox 938 2082 1124 2119; x_wconf 88' lang='lat' dir='ltr'>moneat.</span> <span class='ocrx_word' id='word_1_243' title='bbox 1185 2077 1295 2118; x_wconf 86' lang='lat' dir='ltr'>Tum</span> <span class='ocrx_word' id='word_1_244' title='bbox 1326 2076 1458 2143; x_wconf 80' lang='lat' dir='ltr'>duce,</span> <span class='ocrx_word' id='word_1_245' title='bbox 1504 2092 1629 2132; x_wconf 90' lang='lat' dir='ltr'>quem</span> <span class='ocrx_word' id='word_1_246' title='bbox 1659 2077 1801 2119; x_wconf 82' lang='lat' dir='ltr'>defen-</span> 
     </span>
     <span class='ocr_line' id='line_1_40' title="bbox 366 2134 1799 2189; baseline 0.001 -14"><span class='ocrx_word' id='word_1_247' title='bbox 366 2135 492 2176; x_wconf 90' lang='lat' dir='ltr'>sionis</span> <span class='ocrx_word' id='word_1_248' title='bbox 515 2135 685 2176; x_wconf 89' lang='lat' dir='ltr'>modum</span> <span class='ocrx_word' id='word_1_249' title='bbox 709 2135 934 2177; x_wconf 88' lang='lat' dir='ltr'>aduersum</span> <span class='ocrx_word' id='word_1_250' title='bbox 960 2136 1040 2176; x_wconf 92' lang='lat' dir='ltr'>hoc</span> <span class='ocrx_word' id='word_1_251' title='bbox 1060 2134 1366 2176; x_wconf 86' lang='lat' dir='ltr'>criminacionis</span> <span class='ocrx_word' id='word_1_252' title='bbox 1385 2149 1522 2189; x_wconf 87' lang='lat' dir='ltr'>genus</span> <span class='ocrx_word' id='word_1_253' title='bbox 1544 2136 1616 2177; x_wconf 84' lang='lat' dir='ltr'>lex</span> <span class='ocrx_word' id='word_1_254' title='bbox 1639 2135 1799 2176; x_wconf 88' lang='lat' dir='ltr'>Danica</span> 
     </span>
    </p>
   </div>
   <div class='ocr_carea' id='block_1_10' title="bbox 1849 1219 1882 1252">
    <p class='ocr_par' dir='ltr' id='par_1_10' title="bbox 1849 1219 1882 1252">
     <span class='ocr_line' id='line_1_41' title="bbox 1849 1219 1882 1252; baseline -0.121 0"><span class='ocrx_word' id='word_1_255' title='bbox 1849 1219 1882 1252; x_wconf 88' lang='lat'>(3</span> 
     </span>
    </p>
   </div>
   <div class='ocr_carea' id='block_1_11' title="bbox 365 2191 1884 2248">
    <p class='ocr_par' dir='ltr' id='par_1_11' title="bbox 365 2191 1884 2248">
     <span class='ocr_line' id='line_1_42' title="bbox 365 2191 1884 2248; baseline -0.001 -14"><span class='ocrx_word' id='word_1_256' title='bbox 365 2197 582 2244; x_wconf 85' lang='lat' dir='ltr'>statueret,</span> <span class='ocrx_word' id='word_1_257' title='bbox 614 2197 801 2247; x_wconf 86' lang='lat' dir='ltr'>rogante,</span> <span class='ocrx_word' id='word_1_258' title='bbox 833 2208 962 2248; x_wconf 91' lang='lat' dir='ltr'>penes</span> <span class='ocrx_word' id='word_1_259' title='bbox 995 2192 1152 2234; x_wconf 86' lang='lat' dir='ltr'>ferrum</span> <span class='ocrx_word' id='word_1_260' title='bbox 1182 2191 1477 2248; x_wconf 71' lang='lat' dir='ltr'>pur*gacionis</span> <span class='ocrx_word' id='word_1_261' title='bbox 1508 2206 1668 2233; x_wconf 73' lang='lat' dir='ltr'>morem</span> <span class='ocrx_word' id='word_1_262' title='bbox 1702 2207 1796 2234; x_wconf 91' lang='lat' dir='ltr'>con-</span> <span class='ocrx_word' id='word_1_263' title='bbox 1818 2194 1884 2223; x_wconf 72' lang='grc' dir='ltr'>ΟΠ</span> 
     </span>
    </p>
   </div>
   <div class='ocr_carea' id='block_1_12' title="bbox 365 2248 1800 2651">
    <p class='ocr_par' dir='ltr' id='par_1_12' title="bbox 365 2248 1800 2651">
     <span class='ocr_line' id='line_1_43' title="bbox 366 2248 1797 2305; baseline -0.001 -14"><span class='ocrx_word' id='word_1_264' title='bbox 366 2251 510 2292; x_wconf 86' lang='lat' dir='ltr'>sistere</span> <span class='ocrx_word' id='word_1_265' title='bbox 555 2251 785 2305; x_wconf 87' lang='lat' dir='ltr'>respondit.</span> <span class='ocrx_word' id='word_1_266' title='bbox 869 2251 988 2292; x_wconf 83' lang='lat' dir='ltr'>Tunc</span> <span class='ocrx_word' id='word_1_267' title='bbox 1029 2250 1231 2304; x_wconf 85' lang='lat' dir='ltr'>Magnus,</span> <span class='ocrx_word' id='word_1_268' title='bbox 1271 2264 1296 2290; x_wconf 91' lang='lat' dir='ltr'>a</span> <span class='ocrx_word' id='word_1_269' title='bbox 1337 2250 1442 2291; x_wconf 90' lang='lat' dir='ltr'>duce</span> <span class='ocrx_word' id='word_1_270' title='bbox 1482 2248 1693 2305; x_wconf 73' lang='lat' dir='ltr'>roga&#39;tus,</span> <span class='ocrx_word' id='word_1_271' title='bbox 1745 2264 1797 2291; x_wconf 87' lang='lat' dir='ltr'>an</span> 
     </span>
     <span class='ocr_line' id='line_1_44' title="bbox 365 2308 1799 2362; baseline -0.001 -13"><span class='ocrx_word' id='word_1_272' title='bbox 365 2311 530 2349; x_wconf 87' lang='lat' dir='ltr'>tantum</span> <span class='ocrx_word' id='word_1_273' title='bbox 562 2308 711 2349; x_wconf 89' lang='lat' dir='ltr'>fiducie</span> <span class='ocrx_word' id='word_1_274' title='bbox 751 2309 793 2349; x_wconf 92' lang='lat' dir='ltr'>in</span> <span class='ocrx_word' id='word_1_275' title='bbox 824 2308 1069 2350; x_wconf 86' lang='lat' dir='ltr'>innocencia</span> <span class='ocrx_word' id='word_1_276' title='bbox 1110 2322 1187 2349; x_wconf 88' lang='lat' dir='ltr'>sua</span> <span class='ocrx_word' id='word_1_277' title='bbox 1217 2312 1465 2362; x_wconf 89' lang='lat' dir='ltr'>reponeret,</span> <span class='ocrx_word' id='word_1_278' title='bbox 1498 2313 1543 2348; x_wconf 90' lang='lat' dir='ltr'>ut</span> <span class='ocrx_word' id='word_1_279' title='bbox 1575 2308 1694 2348; x_wconf 92' lang='lat' dir='ltr'>huius</span> <span class='ocrx_word' id='word_1_280' title='bbox 1728 2321 1799 2348; x_wconf 89' lang='lat' dir='ltr'>ex-</span> 
     </span>
     <span class='ocr_line' id='line_1_45' title="bbox 366 2365 1799 2421; baseline 0 -15"><span class='ocrx_word' id='word_1_281' title='bbox 366 2365 586 2421; x_wconf 86' lang='lat' dir='ltr'>perimenti</span> <span class='ocrx_word' id='word_1_282' title='bbox 619 2366 770 2407; x_wconf 91' lang='lat' dir='ltr'>indicio</span> <span class='ocrx_word' id='word_1_283' title='bbox 803 2381 921 2420; x_wconf 89' lang='lat' dir='ltr'>spem</span> <span class='ocrx_word' id='word_1_284' title='bbox 952 2365 1208 2407; x_wconf 88' lang='lat' dir='ltr'>defensionis</span> <span class='ocrx_word' id='word_1_285' title='bbox 1239 2370 1385 2420; x_wconf 88' lang='lat' dir='ltr'>petere</span> <span class='ocrx_word' id='word_1_286' title='bbox 1415 2365 1614 2416; x_wconf 83' lang='lat' dir='ltr'>auderet,</span> <span class='ocrx_word' id='word_1_287' title='bbox 1646 2379 1799 2420; x_wconf 86' lang='lat' dir='ltr'>anceps</span> 
     </span>
     <span class='ocr_line' id='line_1_46' title="bbox 366 2422 1800 2479; baseline -0.001 -16"><span class='ocrx_word' id='word_1_288' title='bbox 366 2423 408 2464; x_wconf 92' lang='lat' dir='ltr'>id</span> <span class='ocrx_word' id='word_1_289' title='bbox 453 2437 584 2476; x_wconf 85' lang='lat' dir='ltr'>genus</span> <span class='ocrx_word' id='word_1_290' title='bbox 634 2437 712 2465; x_wconf 89' lang='lat' dir='ltr'>nec</span> <span class='ocrx_word' id='word_1_291' title='bbox 761 2438 926 2479; x_wconf 83' lang='lat' dir='ltr'>semper</span> <span class='ocrx_word' id='word_1_292' title='bbox 976 2424 1176 2465; x_wconf 86' lang='lat' dir='ltr'>miraculo</span> <span class='ocrx_word' id='word_1_293' title='bbox 1221 2423 1433 2477; x_wconf 89' lang='lat' dir='ltr'>preditum</span> <span class='ocrx_word' id='word_1_294' title='bbox 1479 2422 1641 2475; x_wconf 82' lang='lat' dir='ltr'>aiebat,</span> <span class='ocrx_word' id='word_1_295' title='bbox 1690 2422 1800 2476; x_wconf 89' lang='lat' dir='ltr'>quod</span> 
     </span>
     <span class='ocr_line' id='line_1_47' title="bbox 366 2480 1798 2535; baseline -0.001 -13"><span class='ocrx_word' id='word_1_296' title='bbox 366 2481 602 2535; x_wconf 90' lang='lat' dir='ltr'>plerunque</span> <span class='ocrx_word' id='word_1_297' title='bbox 636 2486 679 2522; x_wconf 91' lang='lat' dir='ltr'>et</span> <span class='ocrx_word' id='word_1_298' title='bbox 709 2482 897 2523; x_wconf 86' lang='lat' dir='ltr'>insontes</span> <span class='ocrx_word' id='word_1_299' title='bbox 929 2481 1129 2522; x_wconf 83' lang='lat' dir='ltr'>damnare</span> <span class='ocrx_word' id='word_1_300' title='bbox 1163 2484 1204 2522; x_wconf 89' lang='lat' dir='ltr'>et</span> <span class='ocrx_word' id='word_1_301' title='bbox 1228 2481 1378 2522; x_wconf 82' lang='lat' dir='ltr'>noxios</span> <span class='ocrx_word' id='word_1_302' title='bbox 1400 2480 1619 2522; x_wconf 90' lang='lat' dir='ltr'>absoluere</span> <span class='ocrx_word' id='word_1_303' title='bbox 1650 2480 1798 2530; x_wconf 86' lang='lat' dir='ltr'>soleat,</span> 
     </span>
     <span class='ocr_line' id='line_1_48' title="bbox 366 2536 1798 2594; baseline -0.001 -15"><span class='ocrx_word' id='word_1_304' title='bbox 366 2538 648 2594; x_wconf 83' lang='lat' dir='ltr'>fortuitosque</span> <span class='ocrx_word' id='word_1_305' title='bbox 665 2539 851 2579; x_wconf 88' lang='lat' dir='ltr'>maxime</span> <span class='ocrx_word' id='word_1_306' title='bbox 865 2540 1244 2594; x_wconf 82' lang='lat' dir='ltr'>experimentorum</span> <span class='ocrx_word' id='word_1_307' title='bbox 1260 2542 1438 2578; x_wconf 85' lang='lat' dir='ltr'>euentus</span> <span class='ocrx_word' id='word_1_308' title='bbox 1453 2538 1616 2578; x_wconf 88' lang='lat' dir='ltr'>habeat.</span> <span class='ocrx_word' id='word_1_309' title='bbox 1648 2536 1798 2591; x_wconf 89' lang='lat' dir='ltr'>Neque</span> 
     </span>
     <span class='ocr_line' id='line_1_49' title="bbox 375 2595 1798 2651; baseline -0.001 -15"><span class='ocrx_word' id='word_1_310' title='bbox 375 2596 486 2643; x_wconf 76' lang='lat' dir='ltr'>enini</span> <span class='ocrx_word' id='word_1_311' title='bbox 516 2596 703 2641; x_wconf 84' lang='lat' dir='ltr'>diuinam</span> <span class='ocrx_word' id='word_1_312' title='bbox 733 2596 971 2651; x_wconf 75' lang='lat' dir='ltr'>potenciam</span> <span class='ocrx_word' id='word_1_313' title='bbox 1002 2600 1118 2638; x_wconf 87' lang='lat' dir='ltr'>tanta</span> <span class='ocrx_word' id='word_1_314' title='bbox 1138 2595 1377 2637; x_wconf 88' lang='lat' dir='ltr'>mortalium</span> <span class='ocrx_word' id='word_1_315' title='bbox 1408 2609 1507 2636; x_wconf 86' lang='lat' dir='ltr'>cura</span> <span class='ocrx_word' id='word_1_316' title='bbox 1537 2596 1727 2650; x_wconf 87' lang='lat' dir='ltr'>flagrare,</span> <span class='ocrx_word' id='word_1_317' title='bbox 1755 2599 1798 2635; x_wconf 91' lang='lat' dir='ltr'>ut</span> 
     </span>
    </p>
   </div>
   <div class='ocr_carea' id='block_1_13' title="bbox 1867 2261 1884 2286">
    <p class='ocr_par' dir='ltr' id='par_1_13' title="bbox 1867 2261 1884 2286">
     <span class='ocr_line' id='line_1_50' title="bbox 1867 2261 1884 2286; baseline 0 0"><span class='ocrx_word' id='word_1_318' title='bbox 1867 2261 1884 2286; x_wconf 74' lang='grc' dir='ltr'><strong>Ρ</strong></span> 
     </span>
    </p>
   </div>
   <div class='ocr_carea' id='block_1_14' title="bbox 1852 3011 1881 3126">
    <p class='ocr_par' dir='ltr' id='par_1_14' title="bbox 1852 3011 1881 3126">
     <span class='ocr_line' id='line_1_51' title="bbox 1852 3011 1881 3126; textangle 90"><span class='ocrx_word' id='word_1_319' title='bbox 1852 3011 1881 3126; x_wconf 49' lang='lat' dir='ltr'>naen.</span> 
     </span>
    </p>
   </div>
  </div>
 </body>
</html>
