1884 3126
176 601 191 627 5

155 893 189 919 10

158 1179 189 1205 15

151 1470 187 1496 20

148 2048 185 2073 30

145 2623 183 2651 40

227 230 310 274 302
804 254 853 262 —
915 228 982 274 IX
1043 254 1092 261 —

224 357 434 399 lacessere
474 359 652 399 tentant.
725 355 821 405 Quo
849 356 856 411 Ι
883 361 1097 413 comperto
1129 356 1353 411 Regnerus
1390 355 1573 399 tricenas
1604 357 1665 400 in-

227 415 352 456 struit
392 427 574 470 puppes,
617 414 840 470 uentisque
882 415 1151 469 nauigacioni
1192 413 1463 469 parentibus,
1506 414 1667 457 Soanos

226 472 339 528 apud
381 472 589 527 Whiteby
629 472 766 513 uicum
816 472 970 514 bellum
1016 487 1140 514 ausos
1183 471 1379 524 obtriuit,
1430 477 1665 527 exactaque

226 530 375 585 hyeme
410 543 503 570 cum
524 529 631 571 Iutis
663 544 793 585 prope
816 530 1170 586 Lymfiorthinum
1196 529 1284 571 eius
1306 529 1488 584 regionis
1509 529 1668 572 fretum

222 587 509 629 habitantibus
543 588 739 629 secundis
772 589 998 630 euentibus
1021 588 1253 630 dimicauit.
1305 586 1455 629 Ten-cio
1488 588 1586 629 item
1619 602 1668 629 ac

225 652 374 700 quarto
428 644 595 699 Seanis,
649 645 939 701 Halandisque
990 645 1100 688 felici
1145 645 1334 700 auspicio
1387 645 1575 699 domitis,
1626 647 1687 687 in'

224 703 423 755 Thoram,
456 702 638 745 Herothi
671 703 781 758 regis
812 704 953 756 filiam,
985 704 1234 759 nupciarum
1265 717 1410 744 amore
1445 717 1666 755 conuersO,

224 761 303 802 sibi
336 775 384 802 ac
414 761 674 815 Lathgerthe
714 761 936 816 repudium
977 762 1194 803 interiecit.
1268 761 1510 802 Damnabat
1554 762 1664 803 enim

225 819 411 874 coniugis
442 818 579 870 fidem,
611 833 735 874 quam
771 820 868 860 olim
909 820 949 860 in
987 820 1218 875 perniciem
1258 820 1325 861 sui
1355 833 1517 860 summe
1558 820 1667 862 fero-

222 878 360 918 citatis
393 876 539 918 beluas
560 876 797 918 admouisse
831 879 1088 918 meminerat.
1140 877 1310 918 Interea
1342 892 1417 919 rex
1450 877 1665 919 Sueonum

223 934 463 987 Herothus,
507 935 636 976 siluas
675 934 783 977 forte
826 937 1060 977 uenacione
1104 936 1375 989 complexus,
1417 940 1608 990 repertas
1641 950 1664 976 a

222 993 441 1035 comitibus
482 1006 642 1048 angues
689 993 773 1034 filie
821 993 973 1034 detulit
1020 993 1280 1035 nutriendas.
1358 992 1438 1033 Illa
1485 998 1663 1049 paterno

223 1051 339 1092 ocius
371 1050 572 1091 obsecuta
605 1056 820 1106 precepto,
857 1050 1106 1106 ssuipereum
1137 1064 1271 1105 genus
1299 1050 1500 1102 uirgineis
1533 1052 1662 1092 mani-

223 1108 298 1149 bus
321 1109 504 1150 educare
526 1108 737 1151 sustinuit.
781 1108 891 1157 Quin
921 1110 1053 1150 eciam
1075 1122 1172 1150 cure
1199 1108 1358 1162 habuit,
1381 1114 1427 1149 ut
1451 1109 1663 1163 integrum

221 1166 343 1208 bouis
376 1165 555 1207 cadauer
575 1180 719 1208 earum
752 1166 906 1208 cotidie
938 1167 1128 1208 sacietati
1154 1171 1416 1222 suppeteret,
1449 1166 1662 1220 ignorans,

220 1238 265 1266 se
310 1224 476 1279 priuato
519 1223 674 1278 pabulo
725 1223 934 1279 publicam
982 1228 1219 1266 sustentare
1258 1224 1500 1279 perniciem.
1569 1224 1663 1272 Que

221 1297 316 1323 cum
363 1281 507 1322 adulte
554 1282 898 1336 pestilentissimo
951 1282 1051 1323 alitu
1099 1281 1293 1323 uiciniam
1338 1286 1529 1333 urerent,
1571 1296 1660 1336 rex,

219 1340 364 1381 inertis
391 1353 517 1394 opere
540 1339 743 1394 penitens,
765 1340 997 1395 potiturum
1020 1340 1116 1391 filia,
1139 1340 1210 1394 qui
1231 1343 1395 1394 pestem
1418 1340 1660 1387 amouisset.

220 1397 364 1439 edixit.
428 1397 521 1445 Quo
553 1411 635 1437 non
668 1397 820 1439 minori
852 1397 1103 1439 fortitudinis
1141 1412 1267 1453 quam
1299 1395 1480 1438 libidinis
1512 1397 1659 1438 incita-

218 1460 359 1497 mento
406 1455 602 1509 frequens
649 1455 848 1496 iuuentus
897 1454 1103 1507 adducta,
1149 1455 1433 1510 periculosam
1481 1456 1660 1496 inaniter

220 1527 391 1567 operam
423 1513 638 1567 erogabat.
701 1512 831 1554 Cuius
864 1514 923 1554 rei
954 1527 1160 1554 summam
1192 1513 1414 1567 Regnerus
1449 1513 1501 1553 ab
1534 1513 1658 1554 inter-

219 1571 455 1612 meantibus
488 1575 702 1626 expertus,
733 1572 903 1612 laneum
936 1586 959 1611 a
992 1571 1151 1612 nutrice
1183 1571 1377 1625 sagulum
1421 1571 1658 1626 uillosaque

218 1629 272 1670 ad
303 1628 476 1670 modum
507 1627 740 1683 femoralia,
772 1629 922 1683 quibus
954 1629 1131 1670 inflictos
1154 1628 1353 1683 anguium
1386 1642 1548 1669 morsus
1584 1630 1656 1669 eli-

218 1686 349 1739 deret,
383 1686 600 1741 expetiuit.
670 1685 780 1727 Nam
812 1692 857 1727 ut
895 1687 1144 1728 munimenti
1184 1686 1325 1740 gracia
1367 1685 1523 1727 referto
1566 1687 1659 1742 pilis

216 1745 332 1786 cultu
377 1744 579 1785 utendum
628 1744 823 1795 credidit,
870 1744 927 1786 ita
974 1745 1173 1799 agilitatis
1218 1758 1345 1786 causa
1393 1744 1657 1786 tractabilem

217 1803 408 1858 sumpsit.
482 1801 672 1857 Cumque
715 1802 886 1855 nauigio
919 1802 1105 1845 Suetiam
1150 1802 1403 1857 appulisset,
1447 1802 1659 1843 incidente

217 1861 335 1914 gelu,
383 1859 501 1915 aquis
542 1859 593 1901 de
631 1859 837 1901 industria
878 1873 1029 1915 eorpus
1075 1859 1237 1911 iniecit,
1290 1858 1658 1915 humefactamquc

217 1922 393 1971 uestem,
426 1932 508 1973 quo
541 1919 680 1959 minus
711 1918 985 1973 penetrabilis
1017 1917 1277 1970 redderetur,
1321 1918 1466 1958 brume
1509 1917 1659 1958 duran-

218 1977 315 2017 dam
353 1976 536 2032 prebuit.
607 1974 702 2023 Qua
741 1976 941 2028 amictus,
985 1976 1189 2017 salutatos
1230 1975 1400 2017 comites
1441 1974 1491 2015 ad
1533 1975 1658 2017 fidem

218 2034 422 2076 Fridleuo
456 2033 707 2075 seruandam
746 2034 952 2083 hortatus,
981 2033 986 2086 1
1013 2033 1126 2074 solus
1164 2033 1353 2087 procedit
1395 2032 1445 2073 ad
1485 2034 1656 2087 regiam.

222 2091 316 2139 Qua
347 2093 452 2137 uisa,
487 2104 628 2132 ensem
650 2091 774 2133 lateri
794 2098 981 2144 nectens,
1014 2090 1161 2132 dextre
1184 2090 1311 2132 telum
1344 2091 1487 2132 inserit
1517 2105 1658 2132 amen-

220 2153 366 2191 tatum.
419 2148 673 2190 Procedenti
695 2146 706 2204 Η
727 2149 928 2191 inusitate
959 2148 1258 2202 magnitudinis
1289 2148 1436 2190 obuius
1459 2148 1656 2190 allabitur

217 2221 407 2262 serpens.
470 2206 584 2248 Huic
614 2206 988 2261 altergranditate
1028 2221 1105 2261 par
1136 2206 1368 2262 priorisque
1412 2206 1656 2261 prolapsum

216 2265 431 2307 insecutus
463 2265 652 2319 arrepsit.
709 2264 792 2312 Qui
822 2265 1021 2306 iuuenem
1051 2263 1176 2305 modo
1211 2264 1346 2305 caude
1368 2263 1655 2306 uoluminibus

150 2334 175 2359 Ρ.
218 2328 413 2378 quatere,
459 2322 584 2364 modo
636 2323 840 2378 pertinaci
885 2323 1051 2363 uomitu
1100 2335 1149 2362 ac
1200 2335 1364 2363 ueneno
1417 2335 1654 2376 conspuere

216 2380 503 2422 decertabant.
583 2380 751 2421 Interea
798 2379 938 2430 aulici,
989 2379 1153 2420 tuciora
1204 2379 1415 2434 complexi
1465 2379 1649 2431 latibula,

214 2437 388 2493 perinde
433 2452 481 2479 ac
524 2442 730 2492 pauentes
777 2437 962 2493 puellule
1006 2450 1095 2478 rem
1139 2437 1301 2478 eminus
1347 2437 1649 2492 inspectabant.

216 2495 315 2551 Ipse
347 2509 443 2548 rex,
472 2496 563 2551 pari
595 2499 711 2537 metu
742 2495 1009 2550 perterritus,
1040 2493 1083 2534 in
1114 2499 1337 2548 angustum
1370 2508 1466 2535 cum
1507 2495 1650 2549 paucis

215 2553 427 2595 conclaue.
457 2552 683 2608 refugerat.
745 2554 802 2594 At
846 2551 1084 2607 Regnerus,
1129 2552 1258 2607 gelati
1300 2553 1439 2593 cultus
1490 2552 1649 2594 durieie

211 2609 364 2664 fretus,
408 2624 493 2654 non
537 2610 661 2652 armis
707 2610 863 2665 modo,
916 2609 992 2652 sed
1037 2609 1170 2652 eciam
1216 2610 1371 2651 amictu
1417 2610 1650 2652 uirulentos

1733 1059 1807 1089 XCb

1712 2040 1811 2073 p.4⁴4

1709 2158 1802 2193 (170)
