<?xml version="1.0" encoding="UTF-8"?>
<!DOCTYPE html PUBLIC "-//W3C//DTD XHTML 1.0 Transitional//EN"
    "http://www.w3.org/TR/xhtml1/DTD/xhtml1-transitional.dtd">
<html xmlns="http://www.w3.org/1999/xhtml" xml:lang="en" lang="en">
 <head>
  <title>
</title>
<meta http-equiv="Content-Type" content="text/html;charset=utf-8" />
  <meta name='ocr-system' content='tesseract 3.04.00' />
  <meta name='ocr-capabilities' content='ocr_page ocr_carea ocr_par ocr_line ocrx_word'/>
</head>
<body>
  <div class='ocr_page' id='page_1' title='image "./saxonisgrammatic00saxouoft_0360.png"; bbox 0 0 1884 3126; ppageno 0'>
   <div class='ocr_carea' id='block_1_1' title="bbox 310 185 1200 229">
    <p class='ocr_par' dir='ltr' id='par_1_1' title="bbox 310 185 1200 229">
     <span class='ocr_line' id='line_1_1' title="bbox 310 185 1200 229; baseline 0.002 -2"><span class='ocrx_word' id='word_1_1' title='bbox 310 185 393 228; x_wconf 83' lang='lat'><strong>266</strong></span> <span class='ocrx_word' id='word_1_2' title='bbox 863 210 913 218; x_wconf 95' lang='lat'>—</span> <span class='ocrx_word' id='word_1_3' title='bbox 975 185 1087 229; x_wconf 91' lang='lat' dir='ltr'><strong>VIII</strong></span> <span class='ocrx_word' id='word_1_4' title='bbox 1145 210 1200 217; x_wconf 95' lang='lat'>—</span> 
     </span>
    </p>
   </div>
   <div class='ocr_carea' id='block_1_2' title="bbox 229 309 1884 2619">
    <p class='ocr_par' dir='ltr' id='par_1_2' title="bbox 229 309 1884 2619">
     <span class='ocr_line' id='line_1_2' title="bbox 308 309 1742 368; baseline 0.002 -16"><span class='ocrx_word' id='word_1_5' title='bbox 308 310 435 352; x_wconf 88' lang='lat' dir='ltr'><strong>Esam</strong></span> <span class='ocrx_word' id='word_1_6' title='bbox 473 309 671 352; x_wconf 87' lang='lat' dir='ltr'><strong>Omundo</strong></span> <span class='ocrx_word' id='word_1_7' title='bbox 720 312 1030 354; x_wconf 84' lang='lat' dir='ltr'><strong>matrimonium</strong></span> <span class='ocrx_word' id='word_1_8' title='bbox 1062 312 1396 367; x_wconf 87' lang='lat' dir='ltr'><strong>circunspicienti</strong></span> <span class='ocrx_word' id='word_1_9' title='bbox 1426 312 1600 368; x_wconf 90' lang='lat' dir='ltr'><strong>insignis</strong></span> <span class='ocrx_word' id='word_1_10' title='bbox 1632 327 1742 355; x_wconf 90' lang='lat' dir='ltr'><strong>com-</strong></span> 
     </span>
     <span class='ocr_line' id='line_1_3' title="bbox 308 368 1741 425; baseline 0.003 -17"><span class='ocrx_word' id='word_1_11' title='bbox 308 369 584 409; x_wconf 85' lang='lat' dir='ltr'><strong>mendauerat</strong></span> <span class='ocrx_word' id='word_1_12' title='bbox 624 368 748 410; x_wconf 87' lang='lat' dir='ltr'><strong>fama.</strong></span> <span class='ocrx_word' id='word_1_13' title='bbox 807 368 968 411; x_wconf 91' lang='lat' dir='ltr'><strong>Verum</strong></span> <span class='ocrx_word' id='word_1_14' title='bbox 1001 369 1213 425; x_wconf 85' lang='lat' dir='ltr'><strong>poscende</strong></span> <span class='ocrx_word' id='word_1_15' title='bbox 1243 370 1333 411; x_wconf 89' lang='lat' dir='ltr'><strong>eius</strong></span> <span class='ocrx_word' id='word_1_16' title='bbox 1375 384 1492 424; x_wconf 88' lang='lat' dir='ltr'><strong>spem</strong></span> <span class='ocrx_word' id='word_1_17' title='bbox 1530 371 1741 425; x_wconf 88' lang='lat' dir='ltr'><strong>singulare</strong></span> 
     </span>
     <span class='ocr_line' id='line_1_4' title="bbox 309 426 1743 483; baseline 0.003 -17"><span class='ocrx_word' id='word_1_18' title='bbox 309 426 514 480; x_wconf 87' lang='lat' dir='ltr'><strong>Ringonis</strong></span> <span class='ocrx_word' id='word_1_19' title='bbox 561 426 743 467; x_wconf 90' lang='lat' dir='ltr'><strong>studium</strong></span> <span class='ocrx_word' id='word_1_20' title='bbox 789 427 1018 469; x_wconf 89' lang='lat' dir='ltr'><strong>minuebat.</strong></span> <span class='ocrx_word' id='word_1_21' title='bbox 1079 427 1121 469; x_wconf 90' lang='lat' dir='ltr'><strong>Is</strong></span> <span class='ocrx_word' id='word_1_22' title='bbox 1170 428 1327 482; x_wconf 82' lang='lat' dir='ltr'>quippe</span> <span class='ocrx_word' id='word_1_23' title='bbox 1373 427 1508 468; x_wconf 89' lang='lat' dir='ltr'><strong>solum</strong></span> <span class='ocrx_word' id='word_1_24' title='bbox 1555 433 1743 483; x_wconf 85' lang='lat' dir='ltr'><strong>spectate</strong></span> 
     </span>
     <span class='ocr_line' id='line_1_5' title="bbox 310 483 1742 539; baseline 0.003 -16"><span class='ocrx_word' id='word_1_25' title='bbox 310 483 562 525; x_wconf 89' lang='lat' dir='ltr'><strong>fortitudinis</strong></span> <span class='ocrx_word' id='word_1_26' title='bbox 609 498 812 538; x_wconf 83' lang='lat' dir='ltr'><strong>generum</strong></span> <span class='ocrx_word' id='word_1_27' title='bbox 856 484 1098 535; x_wconf 88' lang='lat' dir='ltr'><strong>affectabat,</strong></span> <span class='ocrx_word' id='word_1_28' title='bbox 1145 489 1308 526; x_wconf 87' lang='lat' dir='ltr'><strong>tantum</strong></span> <span class='ocrx_word' id='word_1_29' title='bbox 1354 485 1487 539; x_wconf 88' lang='lat' dir='ltr'><strong>glorie</strong></span> <span class='ocrx_word' id='word_1_30' title='bbox 1532 486 1572 526; x_wconf 91' lang='lat' dir='ltr'><strong>in</strong></span> <span class='ocrx_word' id='word_1_31' title='bbox 1619 488 1742 528; x_wconf 88' lang='lat' dir='ltr'><strong>armis</strong></span> 
     </span>
     <span class='ocr_line' id='line_1_6' title="bbox 260 543 1742 598; baseline 0.002 -17"><span class='ocrx_word' id='word_1_32' title='bbox 260 556 276 582; x_wconf 88' lang='lat'>5</span> <span class='ocrx_word' id='word_1_33' title='bbox 308 555 530 595; x_wconf 77' lang='lat' dir='ltr'><strong>reponenS,</strong></span> <span class='ocrx_word' id='word_1_34' title='bbox 561 546 764 596; x_wconf 90' lang='lat' dir='ltr'><strong>quantum</strong></span> <span class='ocrx_word' id='word_1_35' title='bbox 789 543 917 584; x_wconf 88' lang='lat' dir='ltr'><strong>ceteri</strong></span> <span class='ocrx_word' id='word_1_36' title='bbox 937 543 978 582; x_wconf 90' lang='lat' dir='ltr'><strong>in</strong></span> <span class='ocrx_word' id='word_1_37' title='bbox 1002 543 1152 597; x_wconf 89' lang='lat' dir='ltr'><strong>opibus</strong></span> <span class='ocrx_word' id='word_1_38' title='bbox 1174 543 1300 584; x_wconf 90' lang='lat' dir='ltr'><strong>situm</strong></span> <span class='ocrx_word' id='word_1_39' title='bbox 1332 548 1567 585; x_wconf 75' lang='lat' dir='ltr'><strong>autumant.</strong></span> <span class='ocrx_word' id='word_1_40' title='bbox 1609 543 1742 598; x_wconf 80' lang='lat' dir='ltr'><strong>Igitur</strong></span> 
     </span>
     <span class='ocr_line' id='line_1_7' title="bbox 307 597 1741 654; baseline 0.004 -16"><span class='ocrx_word' id='word_1_41' title='bbox 307 597 541 650; x_wconf 88' lang='lat' dir='ltr'><strong>Omundus,</strong></span> <span class='ocrx_word' id='word_1_42' title='bbox 572 603 619 640; x_wconf 93' lang='lat' dir='ltr'><strong>ut</strong></span> <span class='ocrx_word' id='word_1_43' title='bbox 651 613 699 641; x_wconf 94' lang='lat' dir='ltr'><strong>eo</strong></span> <span class='ocrx_word' id='word_1_44' title='bbox 732 600 988 642; x_wconf 81' lang='lat' dir='ltr'><strong>claritudinis</strong></span> <span class='ocrx_word' id='word_1_45' title='bbox 1020 614 1174 654; x_wconf 80' lang='lat' dir='ltr'><strong>genere</strong></span> <span class='ocrx_word' id='word_1_46' title='bbox 1215 600 1387 642; x_wconf 85' lang='lat' dir='ltr'><strong>illustris</strong></span> <span class='ocrx_word' id='word_1_47' title='bbox 1421 601 1622 643; x_wconf 89' lang='lat' dir='ltr'><strong>euaderet</strong></span> <span class='ocrx_word' id='word_1_48' title='bbox 1652 602 1741 643; x_wconf 88' lang='lat' dir='ltr'><strong>lau-</strong></span> 
     </span>
     <span class='ocr_line' id='line_1_8' title="bbox 308 656 1743 713; baseline 0.002 -17"><span class='ocrx_word' id='word_1_49' title='bbox 308 656 486 711; x_wconf 87' lang='lat' dir='ltr'><strong>demque</strong></span> <span class='ocrx_word' id='word_1_50' title='bbox 509 656 588 698; x_wconf 92' lang='lat' dir='ltr'><strong>sibi</strong></span> <span class='ocrx_word' id='word_1_51' title='bbox 609 657 863 699; x_wconf 86' lang='lat' dir='ltr'><strong>fortitudinis</strong></span> <span class='ocrx_word' id='word_1_52' title='bbox 886 658 1135 708; x_wconf 77' lang='lat' dir='ltr'><strong>conciliaret</strong></span> <span class='ocrx_word' id='word_1_53' title='bbox 1168 658 1325 699; x_wconf 90' lang='lat' dir='ltr'><strong>uiribus</strong></span> <span class='ocrx_word' id='word_1_54' title='bbox 1348 663 1496 700; x_wconf 90' lang='lat' dir='ltr'><strong>uotum</strong></span> <span class='ocrx_word' id='word_1_55' title='bbox 1518 658 1743 713; x_wconf 89' lang='lat' dir='ltr'><strong>impetrare</strong></span> 
     </span>
     <span class='ocr_line' id='line_1_9' title="bbox 307 714 1742 770; baseline 0.003 -17"><span class='ocrx_word' id='word_1_56' title='bbox 307 718 490 767; x_wconf 87' lang='lat' dir='ltr'><strong>conatus,</strong></span> <span class='ocrx_word' id='word_1_57' title='bbox 524 714 656 756; x_wconf 69' lang='lat' dir='ltr'><strong>classe</strong></span> <span class='ocrx_word' id='word_1_58' title='bbox 682 714 942 770; x_wconf 85' lang='lat' dir='ltr'><strong>Noruagiam</strong></span> <span class='ocrx_word' id='word_1_59' title='bbox 974 715 1149 767; x_wconf 87' lang='lat' dir='ltr'><strong>accedit,</strong></span> <span class='ocrx_word' id='word_1_60' title='bbox 1179 715 1384 769; x_wconf 86' lang='lat' dir='ltr'><strong>Ringonis</strong></span> <span class='ocrx_word' id='word_1_61' title='bbox 1416 730 1591 769; x_wconf 88' lang='lat' dir='ltr'><strong>regnum</strong></span> <span class='ocrx_word' id='word_1_62' title='bbox 1625 716 1742 758; x_wconf 87' lang='lat' dir='ltr'><strong>here-</strong></span> 
     </span>
     <span class='ocr_line' id='line_1_10' title="bbox 307 771 1742 828; baseline 0.002 -17"><span class='ocrx_word' id='word_1_63' title='bbox 307 771 447 812; x_wconf 81' lang='lat' dir='ltr'><strong>ditatis</strong></span> <span class='ocrx_word' id='word_1_64' title='bbox 493 773 663 814; x_wconf 89' lang='lat' dir='ltr'><strong>nomine</strong></span> <span class='ocrx_word' id='word_1_65' title='bbox 708 777 959 814; x_wconf 84' lang='lat' dir='ltr'><strong>tentaturus.</strong></span> <span class='ocrx_word' id='word_1_66' title='bbox 1032 772 1200 828; x_wconf 83' lang='lat' dir='ltr'><strong>Excipit</strong></span> <span class='ocrx_word' id='word_1_67' title='bbox 1247 773 1378 814; x_wconf 86' lang='lat' dir='ltr'><strong>amice</strong></span> <span class='ocrx_word' id='word_1_68' title='bbox 1423 774 1540 814; x_wconf 87' lang='lat' dir='ltr'><strong>illum</strong></span> <span class='ocrx_word' id='word_1_69' title='bbox 1585 773 1742 815; x_wconf 91' lang='lat' dir='ltr'><strong>Iathrie</strong></span> 
     </span>
     <span class='ocr_line' id='line_1_11' title="bbox 241 829 1741 886; baseline 0.001 -14"><span class='ocrx_word' id='word_1_70' title='bbox 241 843 275 872; x_wconf 81' lang='grc' dir='ltr'><strong>ιο</strong></span> <span class='ocrx_word' id='word_1_71' title='bbox 304 829 475 883; x_wconf 91' lang='lat' dir='ltr'><strong>regulus</strong></span> <span class='ocrx_word' id='word_1_72' title='bbox 508 829 655 884; x_wconf 90' lang='lat' dir='ltr'><strong>Oddo,</strong></span> <span class='ocrx_word' id='word_1_73' title='bbox 701 831 770 886; x_wconf 90' lang='lat' dir='ltr'><strong>qui</strong></span> <span class='ocrx_word' id='word_1_74' title='bbox 802 830 1042 885; x_wconf 85' lang='lat' dir='ltr'><strong>Ringonem</strong></span> <span class='ocrx_word' id='word_1_75' title='bbox 1074 832 1349 872; x_wconf 88' lang='lat' dir='ltr'><strong>certissimum</strong></span> <span class='ocrx_word' id='word_1_76' title='bbox 1381 832 1621 886; x_wconf 89' lang='lat' dir='ltr'><strong>patrimonii</strong></span> <span class='ocrx_word' id='word_1_77' title='bbox 1652 832 1741 873; x_wconf 90' lang='lat' dir='ltr'><strong>eius</strong></span> 
     </span>
     <span class='ocr_line' id='line_1_12' title="bbox 304 887 1741 944; baseline 0.002 -17"><span class='ocrx_word' id='word_1_78' title='bbox 304 887 547 929; x_wconf 82' lang='lat' dir='ltr'><strong>inuaserem</strong></span> <span class='ocrx_word' id='word_1_79' title='bbox 568 893 788 939; x_wconf 82' lang='lat' dir='ltr'><strong>assereret,</strong></span> <span class='ocrx_word' id='word_1_80' title='bbox 820 903 954 944; x_wconf 86' lang='lat' dir='ltr'><strong>seque</strong></span> <span class='ocrx_word' id='word_1_81' title='bbox 984 889 1124 943; x_wconf 88' lang='lat' dir='ltr'><strong>sepius</strong></span> <span class='ocrx_word' id='word_1_82' title='bbox 1156 889 1209 929; x_wconf 88' lang='lat' dir='ltr'><strong>ab</strong></span> <span class='ocrx_word' id='word_1_83' title='bbox 1241 889 1390 930; x_wconf 90' lang='lat' dir='ltr'><strong>eodem</strong></span> <span class='ocrx_word' id='word_1_84' title='bbox 1421 889 1581 929; x_wconf 91' lang='lat' dir='ltr'><strong>iniuriis</strong></span> <span class='ocrx_word' id='word_1_85' title='bbox 1612 889 1741 930; x_wconf 88' lang='lat' dir='ltr'><strong>laces-</strong></span> 
     </span>
     <span class='ocr_line' id='line_1_13' title="bbox 304 945 1741 1002; baseline 0.001 -16"><span class='ocrx_word' id='word_1_86' title='bbox 304 945 432 986; x_wconf 84' lang='lat' dir='ltr'><strong>situm</strong></span> <span class='ocrx_word' id='word_1_87' title='bbox 464 945 648 987; x_wconf 90' lang='lat' dir='ltr'><strong>defleret.</strong></span> <span class='ocrx_word' id='word_1_88' title='bbox 710 945 878 1001; x_wconf 86' lang='lat' dir='ltr'><strong>Itaque,</strong></span> <span class='ocrx_word' id='word_1_89' title='bbox 910 946 1105 1000; x_wconf 85' lang='lat' dir='ltr'><strong>Ringone</strong></span> <span class='ocrx_word' id='word_1_90' title='bbox 1134 946 1301 987; x_wconf 85' lang='lat' dir='ltr'><strong>interim</strong></span> <span class='ocrx_word' id='word_1_91' title='bbox 1332 947 1445 1000; x_wconf 89' lang='lat' dir='ltr'><strong>apud</strong></span> <span class='ocrx_word' id='word_1_92' title='bbox 1480 946 1741 1002; x_wconf 87' lang='lat' dir='ltr'><strong>Hyberniam</strong></span> 
     </span>
     <span class='ocr_line' id='line_1_14' title="bbox 303 1002 1742 1059; baseline 0.002 -17"><span class='ocrx_word' id='word_1_93' title='bbox 303 1002 522 1057; x_wconf 84' lang='lat' dir='ltr'><strong>piraticam</strong></span> <span class='ocrx_word' id='word_1_94' title='bbox 573 1008 825 1048; x_wconf 74' lang='lat' dir='ltr'><strong>exercente,</strong></span> <span class='ocrx_word' id='word_1_95' title='bbox 889 1004 1147 1058; x_wconf 88' lang='lat' dir='ltr'><strong>prouinciam</strong></span> <span class='ocrx_word' id='word_1_96' title='bbox 1198 1010 1515 1059; x_wconf 83' lang='lat' dir='ltr'><strong>propugnatore</strong></span> <span class='ocrx_word' id='word_1_97' title='bbox 1565 1018 1742 1046; x_wconf 90' lang='lat' dir='ltr'><strong>uacuam</strong></span> 
     </span>
     <span class='ocr_line' id='line_1_15' title="bbox 304 1059 1741 1117; baseline 0.002 -17"><span class='ocrx_word' id='word_1_98' title='bbox 304 1059 498 1110; x_wconf 88' lang='lat' dir='ltr'><strong>adortus,</strong></span> <span class='ocrx_word' id='word_1_99' title='bbox 538 1061 745 1115; x_wconf 87' lang='lat' dir='ltr'><strong>preteritis</strong></span> <span class='ocrx_word' id='word_1_100' title='bbox 776 1062 1044 1117; x_wconf 88' lang='lat' dir='ltr'><strong>popularium</strong></span> <span class='ocrx_word' id='word_1_101' title='bbox 1084 1062 1235 1113; x_wconf 88' lang='lat' dir='ltr'><strong>rebus,</strong></span> <span class='ocrx_word' id='word_1_102' title='bbox 1275 1062 1504 1116; x_wconf 86' lang='lat' dir='ltr'><strong>peculiaria</strong></span> <span class='ocrx_word' id='word_1_103' title='bbox 1535 1061 1741 1117; x_wconf 87' lang='lat' dir='ltr'><strong>Ringonis</strong></span> 
     </span>
     <span class='ocr_line' id='line_1_16' title="bbox 237 1118 1740 1174; baseline 0.002 -16"><span class='ocrx_word' id='word_1_104' title='bbox 237 1132 272 1159; x_wconf 89' lang='lat'><strong>15</strong></span> <span class='ocrx_word' id='word_1_105' title='bbox 304 1119 414 1158; x_wconf 86' lang='lat' dir='ltr'><strong>bona</strong></span> <span class='ocrx_word' id='word_1_106' title='bbox 445 1119 591 1173; x_wconf 92' lang='lat' dir='ltr'><strong>rapine</strong></span> <span class='ocrx_word' id='word_1_107' title='bbox 621 1119 813 1169; x_wconf 75' lang='lat' dir='ltr'><strong>tradidit,</strong></span> <span class='ocrx_word' id='word_1_108' title='bbox 854 1120 1028 1174; x_wconf 88' lang='lat' dir='ltr'><strong>eiusque</strong></span> <span class='ocrx_word' id='word_1_109' title='bbox 1060 1120 1317 1160; x_wconf 89' lang='lat' dir='ltr'><strong>necessarios</strong></span> <span class='ocrx_word' id='word_1_110' title='bbox 1349 1119 1570 1161; x_wconf 89' lang='lat' dir='ltr'><strong>interfecit.</strong></span> <span class='ocrx_word' id='word_1_111' title='bbox 1631 1118 1740 1161; x_wconf 90' lang='lat' dir='ltr'><strong>Nam</strong></span> 
     </span>
     <span class='ocr_line' id='line_1_17' title="bbox 234 1171 1739 1231; baseline 0.001 -14"><span class='ocrx_word' id='word_1_112' title='bbox 234 1171 237 1174; x_wconf 63' lang='grc'><strong>’</strong></span> <span class='ocrx_word' id='word_1_113' title='bbox 304 1175 426 1217; x_wconf 86' lang='lat' dir='ltr'><strong>Oddo</strong></span> <span class='ocrx_word' id='word_1_114' title='bbox 449 1190 619 1231; x_wconf 88' lang='lat' dir='ltr'><strong>quoque</strong></span> <span class='ocrx_word' id='word_1_115' title='bbox 642 1176 838 1218; x_wconf 90' lang='lat' dir='ltr'><strong>Omundo</strong></span> <span class='ocrx_word' id='word_1_116' title='bbox 861 1191 1030 1218; x_wconf 90' lang='lat' dir='ltr'><strong>manum</strong></span> <span class='ocrx_word' id='word_1_117' title='bbox 1053 1178 1260 1218; x_wconf 87' lang='lat' dir='ltr'><strong>iunxerat.</strong></span> <span class='ocrx_word' id='word_1_118' title='bbox 1301 1176 1417 1218; x_wconf 85' lang='lat' dir='ltr'><strong>Inter</strong></span> <span class='ocrx_word' id='word_1_119' title='bbox 1440 1177 1579 1218; x_wconf 91' lang='lat' dir='ltr'><strong>omnia</strong></span> <span class='ocrx_word' id='word_1_120' title='bbox 1600 1182 1739 1219; x_wconf 89' lang='lat' dir='ltr'><strong>autem</strong></span> 
     </span>
     <span class='ocr_line' id='line_1_18' title="bbox 303 1232 1740 1290; baseline 0.002 -17"><span class='ocrx_word' id='word_1_121' title='bbox 303 1232 510 1286; x_wconf 88' lang='lat' dir='ltr'><strong>facinora,</strong></span> <span class='ocrx_word' id='word_1_122' title='bbox 559 1247 639 1288; x_wconf 90' lang='lat' dir='ltr'><strong>que</strong></span> <span class='ocrx_word' id='word_1_123' title='bbox 679 1235 796 1275; x_wconf 86' lang='lat' dir='ltr'><strong>uarie</strong></span> <span class='ocrx_word' id='word_1_124' title='bbox 837 1249 886 1276; x_wconf 86' lang='lat' dir='ltr'><strong>ac</strong></span> <span class='ocrx_word' id='word_1_125' title='bbox 924 1235 1207 1289; x_wconf 87' lang='lat' dir='ltr'><strong>multipliciter</strong></span> <span class='ocrx_word' id='word_1_126' title='bbox 1246 1240 1460 1289; x_wconf 82' lang='lat' dir='ltr'><strong>gesserat,</strong></span> <span class='ocrx_word' id='word_1_127' title='bbox 1500 1249 1740 1290; x_wconf 85' lang='lat' dir='ltr'><strong>numquam,</strong></span> 
     </span>
     <span class='ocr_line' id='line_1_19' title="bbox 303 1290 1884 1348; baseline 0.003 -17"><span class='ocrx_word' id='word_1_128' title='bbox 303 1290 454 1346; x_wconf 91' lang='lat' dir='ltr'><strong>quibus</strong></span> <span class='ocrx_word' id='word_1_129' title='bbox 471 1291 738 1333; x_wconf 85' lang='lat' dir='ltr'><strong>multitudine</strong></span> <span class='ocrx_word' id='word_1_130' title='bbox 757 1290 984 1348; x_wconf 66' lang='lat' dir='ltr'><strong>coflpiarum</strong></span> <span class='ocrx_word' id='word_1_131' title='bbox 1007 1296 1226 1347; x_wconf 82' lang='lat' dir='ltr'><strong>prestaret,</strong></span> <span class='ocrx_word' id='word_1_132' title='bbox 1249 1292 1333 1333; x_wconf 91' lang='lat' dir='ltr'><strong>uim</strong></span> <span class='ocrx_word' id='word_1_133' title='bbox 1354 1293 1507 1334; x_wconf 88' lang='lat' dir='ltr'><strong>inferre</strong></span> <span class='ocrx_word' id='word_1_134' title='bbox 1529 1294 1740 1346; x_wconf 81' lang='lat' dir='ltr'><strong>sustinuit,</strong></span> <span class='ocrx_word' id='word_1_135' title='bbox 1794 1317 1822 1342; x_wconf 83' lang='lat' dir='ltr'><strong>p.</strong></span> <span class='ocrx_word' id='word_1_136' title='bbox 1843 1308 1884 1336; x_wconf 63' lang='lat'><strong>391⁴</strong></span> 
     </span>
     <span class='ocr_line' id='line_1_20' title="bbox 302 1350 1739 1405; baseline 0.002 -16"><span class='ocrx_word' id='word_1_137' title='bbox 302 1363 475 1400; x_wconf 91' lang='lat' dir='ltr'><strong>memor,</strong></span> <span class='ocrx_word' id='word_1_138' title='bbox 507 1363 563 1403; x_wconf 87' lang='lat' dir='ltr'><strong>se,</strong></span> <span class='ocrx_word' id='word_1_139' title='bbox 594 1350 820 1392; x_wconf 88' lang='lat' dir='ltr'><strong>fortissimo</strong></span> <span class='ocrx_word' id='word_1_140' title='bbox 849 1356 1025 1405; x_wconf 86' lang='lat' dir='ltr'><strong>parente</strong></span> <span class='ocrx_word' id='word_1_141' title='bbox 1047 1350 1217 1399; x_wconf 82' lang='lat' dir='ltr'><strong>editum,</strong></span> <span class='ocrx_word' id='word_1_142' title='bbox 1250 1350 1420 1403; x_wconf 89' lang='lat' dir='ltr'><strong>uirtute,</strong></span> <span class='ocrx_word' id='word_1_143' title='bbox 1453 1364 1536 1391; x_wconf 88' lang='lat' dir='ltr'><strong>non</strong></span> <span class='ocrx_word' id='word_1_144' title='bbox 1568 1364 1739 1392; x_wconf 86' lang='lat' dir='ltr'><strong>numero</strong></span> 
     </span>
     <span class='ocr_line' id='line_1_21' title="bbox 233 1406 1740 1463; baseline 0.002 -17"><span class='ocrx_word' id='word_1_145' title='bbox 233 1419 272 1447; x_wconf 82' lang='lat'><strong>20</strong></span> <span class='ocrx_word' id='word_1_146' title='bbox 302 1406 412 1447; x_wconf 89' lang='lat' dir='ltr'><strong>bella</strong></span> <span class='ocrx_word' id='word_1_147' title='bbox 443 1421 590 1461; x_wconf 89' lang='lat' dir='ltr'><strong>gerere</strong></span> <span class='ocrx_word' id='word_1_148' title='bbox 623 1412 829 1463; x_wconf 86' lang='lat' dir='ltr'><strong>oportere.</strong></span> <span class='ocrx_word' id='word_1_149' title='bbox 881 1408 1053 1449; x_wconf 87' lang='lat' dir='ltr'><strong>Interea</strong></span> <span class='ocrx_word' id='word_1_150' title='bbox 1085 1407 1322 1461; x_wconf 84' lang='lat' dir='ltr'><strong>Ringonem</strong></span> <span class='ocrx_word' id='word_1_151' title='bbox 1346 1421 1370 1448; x_wconf 92' lang='lat' dir='ltr'><strong>a</strong></span> <span class='ocrx_word' id='word_1_152' title='bbox 1391 1408 1568 1462; x_wconf 85' lang='lat' dir='ltr'><strong>piratica</strong></span> <span class='ocrx_word' id='word_1_153' title='bbox 1597 1422 1740 1450; x_wconf 90' lang='lat' dir='ltr'><strong>reuer-</strong></span> 
     </span>
     <span class='ocr_line' id='line_1_22' title="bbox 302 1464 1737 1521; baseline 0.001 -16"><span class='ocrx_word' id='word_1_154' title='bbox 302 1468 459 1505; x_wconf 88' lang='lat' dir='ltr'><strong>tentem</strong></span> <span class='ocrx_word' id='word_1_155' title='bbox 492 1464 640 1507; x_wconf 88' lang='lat' dir='ltr'><strong>adesse</strong></span> <span class='ocrx_word' id='word_1_156' title='bbox 673 1466 861 1521; x_wconf 87' lang='lat' dir='ltr'><strong>contigit.</strong></span> <span class='ocrx_word' id='word_1_157' title='bbox 902 1466 967 1507; x_wconf 90' lang='lat' dir='ltr'><strong>De</strong></span> <span class='ocrx_word' id='word_1_158' title='bbox 999 1466 1115 1507; x_wconf 90' lang='lat' dir='ltr'><strong>cuius</strong></span> <span class='ocrx_word' id='word_1_159' title='bbox 1146 1465 1282 1506; x_wconf 90' lang='lat' dir='ltr'><strong>reditu</strong></span> <span class='ocrx_word' id='word_1_160' title='bbox 1305 1465 1480 1507; x_wconf 88' lang='lat' dir='ltr'><strong>edoctus</strong></span> <span class='ocrx_word' id='word_1_161' title='bbox 1503 1466 1737 1520; x_wconf 84' lang='lat' dir='ltr'><strong>pregrande</strong></span> 
     </span>
     <span class='ocr_line' id='line_1_23' title="bbox 302 1522 1739 1579; baseline 0.003 -18"><span class='ocrx_word' id='word_1_162' title='bbox 302 1522 439 1562; x_wconf 91' lang='lat' dir='ltr'><strong>moliri</strong></span> <span class='ocrx_word' id='word_1_163' title='bbox 472 1523 688 1578; x_wconf 85' lang='lat' dir='ltr'><strong>nauigium</strong></span> <span class='ocrx_word' id='word_1_164' title='bbox 720 1524 842 1579; x_wconf 90' lang='lat' dir='ltr'><strong>cepit,</strong></span> <span class='ocrx_word' id='word_1_165' title='bbox 873 1523 984 1565; x_wconf 90' lang='lat' dir='ltr'><strong>unde</strong></span> <span class='ocrx_word' id='word_1_166' title='bbox 1012 1529 1209 1578; x_wconf 88' lang='lat' dir='ltr'><strong>tanquam</strong></span> <span class='ocrx_word' id='word_1_167' title='bbox 1234 1536 1256 1563; x_wconf 93' lang='lat' dir='ltr'><strong>e</strong></span> <span class='ocrx_word' id='word_1_168' title='bbox 1278 1524 1534 1564; x_wconf 91' lang='lat' dir='ltr'><strong>munimento</strong></span> <span class='ocrx_word' id='word_1_169' title='bbox 1557 1537 1739 1577; x_wconf 89' lang='lat' dir='ltr'><strong>superne</strong></span> 
     </span>
     <span class='ocr_line' id='line_1_24' title="bbox 301 1580 1738 1636; baseline 0.001 -16"><span class='ocrx_word' id='word_1_170' title='bbox 301 1580 467 1621; x_wconf 91' lang='lat' dir='ltr'><strong>hostem</strong></span> <span class='ocrx_word' id='word_1_171' title='bbox 499 1580 592 1621; x_wconf 92' lang='lat' dir='ltr'><strong>telis</strong></span> <span class='ocrx_word' id='word_1_172' title='bbox 624 1586 859 1636; x_wconf 89' lang='lat' dir='ltr'><strong>appeteret.</strong></span> <span class='ocrx_word' id='word_1_173' title='bbox 907 1581 1019 1622; x_wconf 89' lang='lat' dir='ltr'><strong>Huic</strong></span> <span class='ocrx_word' id='word_1_174' title='bbox 1051 1581 1246 1636; x_wconf 86' lang='lat' dir='ltr'><strong>Atylonis</strong></span> <span class='ocrx_word' id='word_1_175' title='bbox 1281 1580 1445 1622; x_wconf 82' lang='lat' dir='ltr'><strong>Scanici</strong></span> <span class='ocrx_word' id='word_1_176' title='bbox 1475 1581 1547 1621; x_wconf 88' lang='lat' dir='ltr'><strong>filii</strong></span> <span class='ocrx_word' id='word_1_177' title='bbox 1580 1580 1738 1622; x_wconf 88' lang='lat' dir='ltr'><strong>Homo-</strong></span> 
     </span>
     <span class='ocr_line' id='line_1_25' title="bbox 303 1637 1738 1693; baseline 0.001 -15"><span class='ocrx_word' id='word_1_178' title='bbox 303 1638 399 1679; x_wconf 84' lang='lat' dir='ltr'><strong>thus</strong></span> <span class='ocrx_word' id='word_1_179' title='bbox 419 1651 469 1678; x_wconf 79' lang='lat' dir='ltr'><strong>ac</strong></span> <span class='ocrx_word' id='word_1_180' title='bbox 492 1637 629 1680; x_wconf 85' lang='lat' dir='ltr'><strong>Thola</strong></span> <span class='ocrx_word' id='word_1_181' title='bbox 659 1639 837 1693; x_wconf 87' lang='lat' dir='ltr'><strong>remiges</strong></span> <span class='ocrx_word' id='word_1_182' title='bbox 868 1637 1210 1693; x_wconf 80' lang='lat' dir='ltr'><strong>ad&lt;s&gt;ciscuntur,</strong></span> <span class='ocrx_word' id='word_1_183' title='bbox 1242 1652 1420 1693; x_wconf 88' lang='lat' dir='ltr'><strong>quorum</strong></span> <span class='ocrx_word' id='word_1_184' title='bbox 1452 1638 1556 1679; x_wconf 89' lang='lat' dir='ltr'><strong>alter</strong></span> <span class='ocrx_word' id='word_1_185' title='bbox 1586 1639 1738 1692; x_wconf 89' lang='lat' dir='ltr'><strong>guber-</strong></span> 
     </span>
     <span class='ocr_line' id='line_1_26' title="bbox 231 1695 1739 1752; baseline 0.002 -17"><span class='ocrx_word' id='word_1_186' title='bbox 231 1708 268 1735; x_wconf 82' lang='lat'><strong>25</strong></span> <span class='ocrx_word' id='word_1_187' title='bbox 297 1703 490 1736; x_wconf 87' lang='lat' dir='ltr'><strong>natorem</strong></span> <span class='ocrx_word' id='word_1_188' title='bbox 522 1709 673 1749; x_wconf 78' lang='lat' dir='ltr'><strong>age1e,</strong></span> <span class='ocrx_word' id='word_1_189' title='bbox 715 1698 821 1738; x_wconf 89' lang='lat' dir='ltr'><strong>alter</strong></span> <span class='ocrx_word' id='word_1_190' title='bbox 852 1711 976 1752; x_wconf 89' lang='lat' dir='ltr'><strong>prore</strong></span> <span class='ocrx_word' id='word_1_191' title='bbox 1007 1711 1176 1752; x_wconf 87' lang='lat' dir='ltr'><strong>preesse</strong></span> <span class='ocrx_word' id='word_1_192' title='bbox 1218 1696 1370 1737; x_wconf 88' lang='lat' dir='ltr'><strong>iussus.</strong></span> <span class='ocrx_word' id='word_1_193' title='bbox 1432 1695 1521 1736; x_wconf 89' lang='lat' dir='ltr'><strong>Nec</strong></span> <span class='ocrx_word' id='word_1_194' title='bbox 1552 1696 1739 1749; x_wconf 86' lang='lat' dir='ltr'><strong>Ringoni</strong></span> 
     </span>
     <span class='ocr_line' id='line_1_27' title="bbox 298 1752 1737 1819; baseline 0.003 -27"><span class='ocrx_word' id='word_1_195' title='bbox 298 1752 339 1793; x_wconf 90' lang='lat' dir='ltr'><strong>in</strong></span> <span class='ocrx_word' id='word_1_196' title='bbox 373 1753 436 1794; x_wconf 88' lang='lat' dir='ltr'><strong>his</strong></span> <span class='ocrx_word' id='word_1_197' title='bbox 476 1753 735 1819; x_wconf 78' lang='lat' dir='ltr'><strong>excipiendis</strong></span> <span class='ocrx_word' id='word_1_198' title='bbox 779 1755 991 1809; x_wconf 91' lang='lat' dir='ltr'><strong>ingenium</strong></span> <span class='ocrx_word' id='word_1_199' title='bbox 1033 1758 1105 1795; x_wconf 89' lang='lat' dir='ltr'><strong>aut</strong></span> <span class='ocrx_word' id='word_1_200' title='bbox 1145 1753 1321 1795; x_wconf 90' lang='lat' dir='ltr'><strong>solercia</strong></span> <span class='ocrx_word' id='word_1_201' title='bbox 1364 1753 1508 1796; x_wconf 88' lang='lat' dir='ltr'><strong>defuit.</strong></span> <span class='ocrx_word' id='word_1_202' title='bbox 1571 1753 1737 1809; x_wconf 85' lang='lat' dir='ltr'><strong>Quippe</strong></span> 
     </span>
     <span class='ocr_line' id='line_1_28' title="bbox 286 1811 1737 1867; baseline 0.002 -17"><span class='ocrx_word' id='word_1_203' title='bbox 286 1811 498 1865; x_wconf 37' lang='lat' dir='ltr'><strong>,exiguam</strong></span> <span class='ocrx_word' id='word_1_204' title='bbox 546 1812 761 1866; x_wconf 89' lang='lat' dir='ltr'><strong>copiarum</strong></span> <span class='ocrx_word' id='word_1_205' title='bbox 792 1817 954 1867; x_wconf 91' lang='lat' dir='ltr'><strong>partem</strong></span> <span class='ocrx_word' id='word_1_206' title='bbox 987 1811 1234 1864; x_wconf 89' lang='lat' dir='ltr'><strong>ostendens,</strong></span> <span class='ocrx_word' id='word_1_207' title='bbox 1275 1826 1299 1852; x_wconf 89' lang='lat' dir='ltr'><strong>a</strong></span> <span class='ocrx_word' id='word_1_208' title='bbox 1332 1815 1450 1864; x_wconf 87' lang='lat' dir='ltr'><strong>tergo</strong></span> <span class='ocrx_word' id='word_1_209' title='bbox 1482 1811 1644 1852; x_wconf 90' lang='lat' dir='ltr'><strong>hostem</strong></span> <span class='ocrx_word' id='word_1_210' title='bbox 1677 1812 1737 1853; x_wconf 90' lang='lat' dir='ltr'><strong>in-</strong></span> 
     </span>
     <span class='ocr_line' id='line_1_29' title="bbox 300 1868 1737 1924; baseline 0.001 -15"><span class='ocrx_word' id='word_1_211' title='bbox 300 1868 554 1910; x_wconf 89' lang='lat' dir='ltr'><strong>cursandum</strong></span> <span class='ocrx_word' id='word_1_212' title='bbox 586 1871 763 1911; x_wconf 84' lang='lat' dir='ltr'><strong>curauit.</strong></span> <span class='ocrx_word' id='word_1_213' title='bbox 811 1869 876 1911; x_wconf 92' lang='lat' dir='ltr'><strong>De</strong></span> <span class='ocrx_word' id='word_1_214' title='bbox 905 1870 1020 1911; x_wconf 90' lang='lat' dir='ltr'><strong>cuius</strong></span> <span class='ocrx_word' id='word_1_215' title='bbox 1052 1870 1214 1910; x_wconf 84' lang='lat' dir='ltr'><strong>astucia</strong></span> <span class='ocrx_word' id='word_1_216' title='bbox 1246 1868 1468 1910; x_wconf 84' lang='lat' dir='ltr'><strong>Omundus</strong></span> <span class='ocrx_word' id='word_1_217' title='bbox 1498 1883 1573 1924; x_wconf 86' lang='lat' dir='ltr'><strong>per</strong></span> <span class='ocrx_word' id='word_1_218' title='bbox 1596 1869 1737 1911; x_wconf 89' lang='lat' dir='ltr'><strong>Oddo-</strong></span> 
     </span>
     <span class='ocr_line' id='line_1_30' title="bbox 299 1926 1735 1982; baseline 0.001 -16"><span class='ocrx_word' id='word_1_219' title='bbox 299 1940 393 1967; x_wconf 90' lang='lat' dir='ltr'><strong>nem</strong></span> <span class='ocrx_word' id='word_1_220' title='bbox 418 1927 575 1967; x_wconf 89' lang='lat' dir='ltr'><strong>cercior</strong></span> <span class='ocrx_word' id='word_1_221' title='bbox 602 1926 750 1977; x_wconf 85' lang='lat' dir='ltr'><strong>factus,</strong></span> <span class='ocrx_word' id='word_1_222' title='bbox 783 1928 852 1982; x_wconf 92' lang='lat' dir='ltr'><strong>qui</strong></span> <span class='ocrx_word' id='word_1_223' title='bbox 884 1928 925 1968; x_wconf 91' lang='lat' dir='ltr'><strong>in</strong></span> <span class='ocrx_word' id='word_1_224' title='bbox 958 1927 1116 1969; x_wconf 84' lang='lat' dir='ltr'><strong>insidiis</strong></span> <span class='ocrx_word' id='word_1_225' title='bbox 1148 1927 1402 1968; x_wconf 89' lang='lat' dir='ltr'><strong>constitutos</strong></span> <span class='ocrx_word' id='word_1_226' title='bbox 1436 1927 1735 1982; x_wconf 84' lang='lat' dir='ltr'><strong>opprimerent,</strong></span> 
     </span>
     <span class='ocr_line' id='line_1_31' title="bbox 229 1984 1736 2040; baseline 0.003 -18"><span class='ocrx_word' id='word_1_227' title='bbox 229 1995 268 2023; x_wconf 83' lang='lat'><strong>30</strong></span> <span class='ocrx_word' id='word_1_228' title='bbox 297 1984 435 2036; x_wconf 85' lang='lat' dir='ltr'><strong>mittit,</strong></span> <span class='ocrx_word' id='word_1_229' title='bbox 457 1984 643 2040; x_wconf 89' lang='lat' dir='ltr'><strong>Atylone</strong></span> <span class='ocrx_word' id='word_1_230' title='bbox 660 1985 835 2026; x_wconf 84' lang='lat' dir='ltr'><strong>Scanico</strong></span> <span class='ocrx_word' id='word_1_231' title='bbox 854 1985 1092 2039; x_wconf 87' lang='lat' dir='ltr'><strong>Ringonem</strong></span> <span class='ocrx_word' id='word_1_232' title='bbox 1117 1985 1312 2038; x_wconf 76' lang='lat' dir='ltr'><strong>excipere</strong></span> <span class='ocrx_word' id='word_1_233' title='bbox 1328 1985 1456 2026; x_wconf 80' lang='lat' dir='ltr'><strong>iusso.</strong></span> <span class='ocrx_word' id='word_1_234' title='bbox 1499 1984 1540 2026; x_wconf 92' lang='lat' dir='ltr'><strong>Is</strong></span> <span class='ocrx_word' id='word_1_235' title='bbox 1563 1985 1736 2040; x_wconf 86' lang='lat' dir='ltr'><strong>imperio</strong></span> 
     </span>
     <span class='ocr_line' id='line_1_32' title="bbox 298 2042 1736 2097; baseline 0.002 -16"><span class='ocrx_word' id='word_1_236' title='bbox 298 2042 472 2096; x_wconf 91' lang='lat' dir='ltr'><strong>pronius</strong></span> <span class='ocrx_word' id='word_1_237' title='bbox 489 2056 616 2097; x_wconf 91' lang='lat' dir='ltr'><strong>quam</strong></span> <span class='ocrx_word' id='word_1_238' title='bbox 629 2042 792 2085; x_wconf 87' lang='lat' dir='ltr'><strong>felicius</strong></span> <span class='ocrx_word' id='word_1_239' title='bbox 809 2043 1047 2095; x_wconf 80' lang='lat' dir='ltr'><strong>obsecutus,</strong></span> <span class='ocrx_word' id='word_1_240' title='bbox 1063 2042 1205 2084; x_wconf 85' lang='lat' dir='ltr'><strong>fractis</strong></span> <span class='ocrx_word' id='word_1_241' title='bbox 1219 2043 1329 2084; x_wconf 92' lang='lat' dir='ltr'><strong>bello</strong></span> <span class='ocrx_word' id='word_1_242' title='bbox 1342 2042 1468 2083; x_wconf 87' lang='lat' dir='ltr'><strong>rebus</strong></span> <span class='ocrx_word' id='word_1_243' title='bbox 1480 2050 1736 2097; x_wconf 87' lang='lat' dir='ltr'><strong>acceptaque</strong></span> 
     </span>
     <span class='ocr_line' id='line_1_33' title="bbox 298 2099 1734 2155; baseline 0.001 -15"><span class='ocrx_word' id='word_1_244' title='bbox 298 2103 452 2154; x_wconf 82' lang='lat' dir='ltr'><strong>strage,</strong></span> <span class='ocrx_word' id='word_1_245' title='bbox 474 2100 612 2142; x_wconf 91' lang='lat' dir='ltr'><strong>uictus</strong></span> <span class='ocrx_word' id='word_1_246' title='bbox 636 2100 791 2154; x_wconf 85' lang='lat' dir='ltr'><strong>refugit</strong></span> <span class='ocrx_word' id='word_1_247' title='bbox 810 2101 852 2142; x_wconf 89' lang='lat' dir='ltr'><strong>in</strong></span> <span class='ocrx_word' id='word_1_248' title='bbox 876 2100 1083 2143; x_wconf 85' lang='lat' dir='ltr'><strong>Scaniam.</strong></span> <span class='ocrx_word' id='word_1_249' title='bbox 1120 2100 1254 2155; x_wconf 82' lang='lat' dir='ltr'><strong>Igitur</strong></span> <span class='ocrx_word' id='word_1_250' title='bbox 1276 2099 1508 2152; x_wconf 81' lang='lat' dir='ltr'><strong>Omundus,</strong></span> <span class='ocrx_word' id='word_1_251' title='bbox 1529 2099 1734 2155; x_wconf 88' lang='lat' dir='ltr'><strong>reparatis</strong></span> 
     </span>
     <span class='ocr_line' id='line_1_34' title="bbox 298 2156 1735 2214; baseline 0.001 -17"><span class='ocrx_word' id='word_1_252' title='bbox 298 2170 373 2212; x_wconf 90' lang='lat' dir='ltr'><strong>per</strong></span> <span class='ocrx_word' id='word_1_253' title='bbox 396 2156 616 2200; x_wconf 89' lang='lat' dir='ltr'><strong>Oddonem</strong></span> <span class='ocrx_word' id='word_1_254' title='bbox 648 2158 823 2211; x_wconf 88' lang='lat' dir='ltr'><strong>uiribus,</strong></span> <span class='ocrx_word' id='word_1_255' title='bbox 855 2164 1138 2214; x_wconf 86' lang='lat' dir='ltr'><strong>pugnaturam</strong></span> <span class='ocrx_word' id='word_1_256' title='bbox 1169 2158 1318 2213; x_wconf 85' lang='lat' dir='ltr'><strong>pelago</strong></span> <span class='ocrx_word' id='word_1_257' title='bbox 1342 2158 1517 2199; x_wconf 86' lang='lat' dir='ltr'><strong>classem</strong></span> <span class='ocrx_word' id='word_1_258' title='bbox 1539 2158 1735 2213; x_wconf 82' lang='lat' dir='ltr'><strong>explicat.</strong></span> 
     </span>
     <span class='ocr_line' id='line_1_35' title="bbox 300 2214 1736 2272; baseline 0 -16"><span class='ocrx_word' id='word_1_259' title='bbox 300 2214 395 2263; x_wconf 82' lang='lat' dir='ltr'><strong>Quo</strong></span> <span class='ocrx_word' id='word_1_260' title='bbox 419 2220 612 2271; x_wconf 89' lang='lat' dir='ltr'><strong>tempore</strong></span> <span class='ocrx_word' id='word_1_261' title='bbox 629 2216 772 2272; x_wconf 85' lang='lat' dir='ltr'><strong>Atylo,</strong></span> <span class='ocrx_word' id='word_1_262' title='bbox 796 2216 950 2258; x_wconf 91' lang='lat' dir='ltr'><strong>bellum</strong></span> <span class='ocrx_word' id='word_1_263' title='bbox 972 2216 1258 2270; x_wconf 82' lang='lat' dir='ltr'><strong>Noruagicum</strong></span> <span class='ocrx_word' id='word_1_264' title='bbox 1281 2230 1334 2257; x_wconf 83' lang='lat' dir='ltr'><strong>ex</strong></span> <span class='ocrx_word' id='word_1_265' title='bbox 1357 2215 1614 2257; x_wconf 89' lang='lat' dir='ltr'><strong>somniorum</strong></span> <span class='ocrx_word' id='word_1_266' title='bbox 1637 2215 1736 2257; x_wconf 90' lang='lat' dir='ltr'><strong>uisis</strong></span> 
     </span>
     <span class='ocr_line' id='line_1_36' title="bbox 229 2272 1884 2329; baseline 0.001 -18"><span class='ocrx_word' id='word_1_267' title='bbox 229 2282 267 2311; x_wconf 80' lang='lat'><strong>35</strong></span> <span class='ocrx_word' id='word_1_268' title='bbox 297 2272 409 2314; x_wconf 88' lang='lat' dir='ltr'><strong>haud</strong></span> <span class='ocrx_word' id='word_1_269' title='bbox 442 2272 592 2315; x_wconf 69' lang='lat' dir='ltr'><strong>dubie*</strong></span> <span class='ocrx_word' id='word_1_270' title='bbox 623 2275 878 2329; x_wconf 86' lang='lat' dir='ltr'><strong>speculatus,</strong></span> <span class='ocrx_word' id='word_1_271' title='bbox 910 2275 1151 2316; x_wconf 84' lang='lat' dir='ltr'><strong>redimende</strong></span> <span class='ocrx_word' id='word_1_272' title='bbox 1174 2274 1275 2328; x_wconf 89' lang='lat' dir='ltr'><strong>fuge</strong></span> <span class='ocrx_word' id='word_1_273' title='bbox 1298 2274 1439 2328; x_wconf 86' lang='lat' dir='ltr'><strong>gracia</strong></span> <span class='ocrx_word' id='word_1_274' title='bbox 1462 2287 1585 2327; x_wconf 87' lang='lat' dir='ltr'><strong>quam</strong></span> <span class='ocrx_word' id='word_1_275' title='bbox 1608 2273 1734 2314; x_wconf 91' lang='lat' dir='ltr'><strong>celer·</strong></span> <span class='ocrx_word' id='word_1_276' title='bbox 1753 2281 1884 2312; x_wconf 79' lang='lat' dir='ltr'><strong>Lxxnl</strong></span> 
     </span>
     <span class='ocr_line' id='line_1_37' title="bbox 297 2330 1736 2386; baseline 0 -15"><span class='ocrx_word' id='word_1_277' title='bbox 297 2330 400 2371; x_wconf 90' lang='lat' dir='ltr'><strong>rime</strong></span> <span class='ocrx_word' id='word_1_278' title='bbox 439 2332 761 2385; x_wconf 88' lang='lat' dir='ltr'><strong>nauigacionem</strong></span> <span class='ocrx_word' id='word_1_279' title='bbox 805 2346 946 2385; x_wconf 90' lang='lat' dir='ltr'><strong>orsus,</strong></span> <span class='ocrx_word' id='word_1_280' title='bbox 988 2332 1231 2374; x_wconf 89' lang='lat' dir='ltr'><strong>Omundum</strong></span> <span class='ocrx_word' id='word_1_281' title='bbox 1276 2331 1408 2386; x_wconf 92' lang='lat' dir='ltr'><strong>prelio</strong></span> <span class='ocrx_word' id='word_1_282' title='bbox 1452 2331 1736 2386; x_wconf 90' lang='lat' dir='ltr'><strong>propinquum</strong></span> 
     </span>
     <span class='ocr_line' id='line_1_38' title="bbox 297 2388 1735 2444; baseline -0.001 -15"><span class='ocrx_word' id='word_1_283' title='bbox 297 2393 419 2442; x_wconf 87' lang='lat' dir='ltr'><strong>grata</strong></span> <span class='ocrx_word' id='word_1_284' title='bbox 453 2390 652 2431; x_wconf 88' lang='lat' dir='ltr'><strong>societate</strong></span> <span class='ocrx_word' id='word_1_285' title='bbox 683 2390 962 2444; x_wconf 87' lang='lat' dir='ltr'><strong>prosequitur.</strong></span> <span class='ocrx_word' id='word_1_286' title='bbox 1015 2390 1144 2431; x_wconf 83' lang='lat' dir='ltr'><strong>Cuius</strong></span> <span class='ocrx_word' id='word_1_287' title='bbox 1177 2388 1397 2432; x_wconf 90' lang='lat' dir='ltr'><strong>Omundus</strong></span> <span class='ocrx_word' id='word_1_288' title='bbox 1431 2402 1559 2441; x_wconf 87' lang='lat' dir='ltr'><strong>opera</strong></span> <span class='ocrx_word' id='word_1_289' title='bbox 1589 2388 1735 2441; x_wconf 88' lang='lat' dir='ltr'><strong>fretus,</strong></span> 
     </span>
     <span class='ocr_line' id='line_1_39' title="bbox 297 2444 1733 2502; baseline 0 -16"><span class='ocrx_word' id='word_1_290' title='bbox 297 2459 481 2500; x_wconf 87' lang='lat' dir='ltr'><strong>pugnam</strong></span> <span class='ocrx_word' id='word_1_291' title='bbox 505 2450 591 2488; x_wconf 90' lang='lat' dir='ltr'><strong>tam</strong></span> <span class='ocrx_word' id='word_1_292' title='bbox 613 2447 791 2488; x_wconf 89' lang='lat' dir='ltr'><strong>feliciter</strong></span> <span class='ocrx_word' id='word_1_293' title='bbox 812 2461 938 2502; x_wconf 88' lang='lat' dir='ltr'><strong>quam</strong></span> <span class='ocrx_word' id='word_1_294' title='bbox 960 2448 1138 2490; x_wconf 89' lang='lat' dir='ltr'><strong>fidenter</strong></span> <span class='ocrx_word' id='word_1_295' title='bbox 1159 2446 1407 2501; x_wconf 88' lang='lat' dir='ltr'><strong>ingreditur.</strong></span> <span class='ocrx_word' id='word_1_296' title='bbox 1450 2444 1558 2486; x_wconf 87' lang='lat' dir='ltr'><strong>Nam</strong></span> <span class='ocrx_word' id='word_1_297' title='bbox 1590 2445 1733 2486; x_wconf 87' lang='lat' dir='ltr'><strong>habito</strong></span> 
     </span>
     <span class='ocr_line' id='line_1_40' title="bbox 297 2503 1734 2561; baseline -0.001 -18"><span class='ocrx_word' id='word_1_298' title='bbox 297 2516 373 2556; x_wconf 90' lang='lat' dir='ltr'><strong>per</strong></span> <span class='ocrx_word' id='word_1_299' title='bbox 403 2517 448 2544; x_wconf 89' lang='lat' dir='ltr'><strong>se</strong></span> <span class='ocrx_word' id='word_1_300' title='bbox 477 2504 693 2557; x_wconf 88' lang='lat' dir='ltr'><strong>conflictu,</strong></span> <span class='ocrx_word' id='word_1_301' title='bbox 734 2505 977 2557; x_wconf 86' lang='lat' dir='ltr'><strong>uictoriam,</strong></span> <span class='ocrx_word' id='word_1_302' title='bbox 1011 2519 1134 2561; x_wconf 90' lang='lat' dir='ltr'><strong>quam</strong></span> <span class='ocrx_word' id='word_1_303' title='bbox 1165 2505 1206 2546; x_wconf 90' lang='lat' dir='ltr'><strong>in</strong></span> <span class='ocrx_word' id='word_1_304' title='bbox 1237 2504 1323 2546; x_wconf 88' lang='lat' dir='ltr'><strong>suis</strong></span> <span class='ocrx_word' id='word_1_305' title='bbox 1356 2503 1577 2555; x_wconf 88' lang='lat' dir='ltr'><strong>amiserat,</strong></span> <span class='ocrx_word' id='word_1_306' title='bbox 1616 2516 1734 2544; x_wconf 89' lang='lat' dir='ltr'><strong>recu-</strong></span> 
     </span>
     <span class='ocr_line' id='line_1_41' title="bbox 229 2561 1733 2619; baseline 0.003 -19"><span class='ocrx_word' id='word_1_307' title='bbox 229 2572 266 2601; x_wconf 81' lang='lat'><strong>40</strong></span> <span class='ocrx_word' id='word_1_308' title='bbox 296 2562 491 2615; x_wconf 56' lang='lat' dir='ltr'><strong>perauit„</strong></span> <span class='ocrx_word' id='word_1_309' title='bbox 518 2561 655 2611; x_wconf 82' lang='lat' dir='ltr'><strong>Quem</strong></span> <span class='ocrx_word' id='word_1_310' title='bbox 687 2562 843 2619; x_wconf 88' lang='lat' dir='ltr'><strong>Ringo,</strong></span> <span class='ocrx_word' id='word_1_311' title='bbox 874 2563 1082 2607; x_wconf 87' lang='lat' dir='ltr'><strong>mortifico</strong></span> <span class='ocrx_word' id='word_1_312' title='bbox 1113 2563 1286 2606; x_wconf 88' lang='lat' dir='ltr'><strong>uulnere</strong></span> <span class='ocrx_word' id='word_1_313' title='bbox 1318 2561 1576 2619; x_wconf 86' lang='lat' dir='ltr'><strong>perstrictus,</strong></span> <span class='ocrx_word' id='word_1_314' title='bbox 1608 2574 1733 2604; x_wconf 80' lang='lat' dir='ltr'><strong>exan-</strong></span> 
     </span>
    </p>
   </div>
  </div>
 </body>
</html>
