1884 3126
293 868 326 894 10

291 1153 325 1181 15

291 1440 327 1467 20

288 2017 325 2045 30

287 2303 323 2331 35

286 2592 324 2618 40

362 218 443 259 564
895 235 946 240 —
1006 208 1143 252 XIIII
1207 232 1254 237 —

361 344 526 387 tissimis
562 341 694 383 tocius
724 338 938 393 Nerua-gie
971 337 1152 392 nauigiis
1183 351 1325 378 secum
1346 335 1549 384 abductis,
1570 335 1793 390 peregrina

358 401 536 457 patriam
559 400 688 440 classe
711 397 873 437 ditauit.
925 395 991 436 Ita
1022 394 1285 450 quorundam
1316 393 1506 435 Iutorum
1535 393 1793 448 inpaciencia

361 459 543 499 maxima
574 455 748 496 uictorie
789 467 881 507 spes
923 453 1097 493 subruta
1136 457 1219 503 est,
1263 452 1379 505 quia,
1423 451 1457 492 si
1496 450 1637 491 debita
1673 454 1792 504 cepto

359 513 676 570 perseuerancia
706 525 787 551 non
819 511 1000 561 deesset,
1040 524 1106 550 res
1136 509 1378 563 Noruagica
1410 508 1486 549 sub
1516 507 1648 549 Danis
1679 522 1794 548 man-

358 573 489 612 sisset.
561 568 860 622 Noruagiensis
903 567 1120 618 nobilitas,
1168 580 1249 620 que
1294 565 1481 607 uenienti
1525 566 1616 620 regi
1658 579 1795 606 comes

358 628 577 672 extiterat,
628 625 852 680 linquende
902 625 1037 679 patrie
1079 624 1236 678 pudore
1278 628 1560 664 reuertentem
1597 622 1796 678 prosequi

356 684 599 739 supersedit.

496 741 664 782 Interea
696 740 794 780 dum
827 740 903 780 hec
934 744 1147 793 geruntur,
1181 737 1472 793 Rugianorum
1504 753 1558 779 ex
1579 739 1689 792 regis
1710 738 1795 780 lon-

358 801 451 854 gius
484 799 646 852 agentis
690 797 967 852 occupacione
1008 796 1231 837 fidencium
1272 796 1454 838 defeccio
1494 796 1651 837 incidit.
1714 797 1795 844 Qui

357 871 472 908 cum,
518 856 634 896 finita
676 855 847 909 hyeme,
893 854 1207 908 expedicionem
1249 854 1472 895 aduersum
1512 868 1554 895 se
1598 853 1797 895 destinari

358 918 678 968 cognoscerent,
727 911 935 966 quendam
981 911 1280 966 conspeccioris
1311 911 1469 966 ingenii
1511 925 1558 952 ac
1601 911 1796 952 facundie

357 972 564 1026 policioris
596 971 835 1020 subornant,
867 969 938 1023 qui
969 969 1078 1022 regis
1114 970 1378 1024 propositum
1415 969 1622 1023 exquisita
1652 969 1796 1010 adula-

361 1030 491 1070 cionis
515 1034 603 1069 arte
626 1027 900 1068 subuerteret.
950 1026 1068 1073 Quod
1092 1040 1186 1066 cum
1207 1027 1377 1067 minime
1400 1026 1563 1067 efficere
1586 1027 1797 1081 quiuisset,

359 1086 496 1127 reditu
540 1100 613 1126 suo
657 1085 837 1125 hostium
879 1084 1107 1124 aduentum
1148 1098 1391 1138 precurrere
1430 1084 1587 1132 noluit,
1634 1099 1685 1125 ne
1725 1089 1797 1125 aut

357 1144 517 1184 ciuibus
549 1143 707 1183 bellum
738 1141 1016 1182 dissuadendo
1048 1146 1263 1195 suspectus
1303 1146 1375 1182 aut
1416 1141 1663 1182 concitando
1706 1155 1797 1196 per-

358 1201 538 1241 niciosus
586 1200 796 1241 existeret.
868 1199 1005 1253 Igitur
1050 1197 1333 1252 Absalonem,
1380 1199 1441 1240 uti
1486 1212 1528 1239 se
1578 1198 1795 1240 comitem*

358 1264 586 1313 pateretur,
620 1257 765 1305 orauit,
798 1257 937 1311 quoad
960 1257 1046 1297 eius
1071 1257 1291 1297 consilium
1314 1271 1338 1297 a
1359 1257 1519 1298 ciuibus
1540 1261 1796 1310 posceretur,

359 1316 470 1370 quod
503 1315 654 1356 stolide
687 1316 836 1354 mentis
867 1314 1103 1355 hominibus
1144 1315 1238 1369 plus
1270 1315 1469 1368 requisita
1501 1328 1624 1368 quam
1656 1314 1797 1355 oblata

360 1374 529 1413 consilia
560 1373 727 1427 placere
759 1372 935 1413 soleant.
986 1371 1084 1412 Rex
1114 1373 1252 1412 uarias
1274 1371 1412 1425 Rugie
1444 1377 1584 1426 partes
1612 1372 1795 1424 adortus,

358 1445 450 1471 cum
467 1430 622 1484 ubique
642 1429 783 1484 prede,
802 1443 1006 1483 nusquam
1023 1443 1123 1470 uero
1140 1443 1281 1484 pugne
1297 1430 1517 1470 materiam
1530 1430 1794 1484 repperisset,

357 1487 559 1528 fundendi
591 1487 803 1541 sanguinis
839 1486 1040 1527 auiditate
1080 1487 1325 1540 perductus,
1369 1487 1515 1527 urbem
1546 1487 1694 1527 Arkon
1725 1486 1795 1528 ob-

358 1545 514 1586 sidione
556 1545 748 1586 tcntauit.
793 1544 797 1596 Ι
841 1544 932 1585 Hoc
973 1545 1015 1585 in
1056 1545 1222 1586 excelso
1265 1545 1542 1599 promontorii
1582 1544 1796 1586 cuiusdam

357 1603 512 1643 uertice
545 1603 768 1654 collocata,
809 1602 860 1642 ab
895 1606 1012 1655 ortu,
1054 1602 1227 1643 meridie
1259 1607 1300 1643 et
1331 1602 1524 1656 aquilone
1556 1616 1637 1643 non
1669 1616 1796 1643 manu

358 1659 489 1707 factis,
522 1660 593 1701 sed
625 1660 885 1700 naturalibus
917 1659 1106 1714 presidiis
1128 1660 1327 1712 munitur,
1358 1660 1591 1714 precipiciis
1612 1661 1795 1701 menium

292 1744 305 1753 μ
358 1718 537 1772 speciem
570 1717 892 1771 proferentibus,
939 1731 1117 1771 quorum
1150 1731 1348 1758 cacumen
1386 1731 1557 1758 excusse
1589 1721 1795 1758 tormento

358 1776 509 1829 sagitte
541 1775 672 1815 iactus
705 1789 858 1829 equare
890 1789 971 1815 non
1004 1775 1144 1828 possit.
1196 1774 1265 1816 Ab
1297 1775 1444 1816 iisdem
1473 1789 1637 1829 quoque
1659 1775 1796 1829 plagis

358 1833 581 1873 circunfiuo
614 1833 718 1872 mari
750 1833 930 1886 sepitur3
962 1832 1014 1873 ab
1047 1846 1194 1873 occasu
1225 1846 1324 1873 uero
1355 1832 1467 1873 uallo
1490 1833 1796 1887 quinquaginta

358 1890 507 1930 cubitis
539 1890 624 1930 alto
659 1890 930 1938 concluditur,
966 1891 1081 1930 cuius
1113 1890 1282 1931 inferior
1309 1890 1512 1931 medietas
1534 1895 1670 1931 terrea
1692 1895 1794 1941 erat,

357 1948 544 2002 superior
587 1947 701 2000 ligna
742 1947 876 2001 glebis
918 1948 1105 1988 intersita
1147 1948 1398 1989 continebat.
1460 1946 1795 2002 Septentrionale

357 2005 445 2045 eius
477 2005 585 2045 latus
617 2005 735 2046 fonte
768 2005 925 2058 irriguo
958 2009 1101 2054 scatet,
1133 2005 1185 2045 ad
1219 2018 1343 2058 quem
1365 2005 1513 2045 muniti
1535 2005 1651 2046 callis
1673 2004 1796 2046 bene-

355 2062 448 2103 ficio
479 2062 697 2116 oppidanis
737 2063 813 2103 itcr
852 2062 1037 2117 patebat.
1102 2062 1239 2103 Huius
1279 2062 1490 2116 quondam
1530 2062 1675 2103 Ericus
1717 2076 1795 2103 usu

356 2119 584 2160 uiolencius
615 2121 860 2172 intercluso,
904 2134 985 2161 non
1028 2120 1163 2161 leuius
1194 2120 1262 2160 siti
1293 2134 1416 2174 quam
1450 2120 1575 2160 armis
1606 2119 1795 2160 obsessos

356 2177 587 2231 premebat.
629 2177 814 2218 Medium
837 2177 951 2218 urbis
974 2178 1172 2231 planicies
1194 2177 1392 2229 habebat,
1414 2178 1456 2218 in
1474 2191 1554 2232 qua
1573 2177 1795 2218 delubrum

357 2234 533 2274 materia
555 2234 754 2288 ligneum,
782 2249 907 2289 opere
929 2234 1287 2288 elegantissimum
1308 2235 1535 2286 uisebatur,
1557 2249 1638 2275 non
1661 2235 1794 2275 solum

355 2292 675 2345 maqnificencia
706 2293 863 2346 cultus,
904 2292 976 2333 scd
1017 2292 1149 2333 eciam
1189 2292 1400 2333 simulacri
1440 2293 1481 2332 in
1521 2306 1569 2333 eo
1601 2291 1794 2333 collocati

356 2349 527 2390 numine
558 2350 849 2391 reuerendum.
911 2349 1112 2390 Exterior
1142 2349 1230 2390 edis
1261 2350 1441 2390 ambitus
1473 2354 1664 2391 accurato
1687 2349 1792 2390 cela-

355 2406 468 2447 mine
499 2407 726 2459 renitebat,
770 2407 863 2448 rudi
895 2412 1019 2462 atque
1051 2407 1228 2461 inpolito
1259 2407 1418 2461 picture
1451 2407 1624 2448 artificio
1654 2407 1792 2447 uarias

354 2477 497 2504 rerum
524 2463 682 2520 ¹formas
713 2465 1003 2519 complectens.
1055 2462 1249 2508 Vnilcum
1270 2465 1311 2504 in
1334 2478 1382 2504 eo
1406 2464 1556 2505 ostium
1578 2464 1792 2504 intraturis

355 2521 540 2575 patebat.
599 2521 743 2576 Ipsum
774 2536 874 2564 uero
905 2521 1049 2562 fanum
1090 2522 1249 2576 duplex
1289 2526 1499 2576 septorum
1539 2521 1640 2562 ordo
1682 2521 1792 2562 clau-

356 2578 504 2631 debat,
545 2591 568 2619 e
610 2579 760 2633 quibus
803 2579 1007 2635 exterior,
1053 2579 1282 2634 parietibus
1324 2583 1566 2632 contextus,
1611 2579 1788 2633 puniceo

1818 1263 1884 1290 Ch]
