1884 3126
247 226 369 284 “168
883 263 935 269 —
996 237 1036 280 v
1098 264 1151 270 -

217 906 253 932 10

216 1196 252 1223 15

216 1484 253 1512 20

219 2063 255 2090 30

212 2354 249 2381 35

213 2642 250 2671 40

285 373 522 425 sepserant.
570 369 750 419 Intextis
783 382 886 410 auro
910 368 1200 423 puluinaribus
1222 367 1481 409 ornabantur
1501 367 1731 410 accubitus.

288 427 578 469 Oeruicalibus
610 426 757 469 sedilia
788 427 1075 483 replebantur.
1124 425 1427 468 Reum-endam
1458 425 1552 466 aule
1583 425 1734 468 faciem

289 484 527 527 uisentibus
550 483 736 527 arridere
757 489 942 540 putares,
973 498 1051 526 nee
1078 484 1303 539 quicquam
1338 484 1380 524 in
1402 486 1521 525 tanto
1549 482 1554 536 Ι
1581 488 1733 538 paratu

287 548 361 584 aut
392 543 486 584 uisu
516 543 814 585 inconcinnum
860 547 934 584 aut
965 542 1123 584 olfactu
1154 542 1274 583 triste
1311 540 1517 596 deprendi
1551 545 1734 596 poterat.

285 600 428 643 Media
459 600 618 642 dolium
651 600 730 644 ede
776 601 992 656 perstabat
1034 599 1254 655 explendis
1297 604 1445 654 aptum
1485 599 1647 654 poculis
1692 605 1735 642 et

287 659 460 714 liquoris
491 658 703 702 immodici
734 672 882 714 capax,
913 657 1027 701 unde
1059 658 1227 699 haurire
1250 661 1374 711 esset,
1408 656 1522 712 quod
1549 657 1734 712 ingentis

287 732 358 759 ora
400 717 584 758 conuiuii
629 717 817 759 saciaret.
886 716 1067 758 Ministri
1105 730 1292 771 purpura
1333 715 1432 756 culti
1472 729 1624 757 aureos
1661 730 1733 771 ge-

286 778 445 816 stantes
489 774 662 830 cyathos
709 774 1045 830 propinandique
1075 788 1227 815 munus
1259 774 1430 815 comiter
1464 777 1734 828 exequentes,

287 832 530 888 compositis
541 832 845 888 gradiebantur
857 832 1087 874 ordinibus.
1106 831 1503 873 Necbubalinorum
1515 844 1734 885 cornuum,

285 890 437 946 quibus
467 891 588 946 pocio
620 895 898 945 promeretur,
929 905 1031 932 usus
1063 889 1222 931 aberat.
1265 889 1419 931 Aureis
1452 903 1555 931 cena
1575 890 1733 944 pateris

285 948 552 1003 refulgebat,
604 948 871 990 nitidioribus
923 952 1076 990 onusta
1126 948 1316 1004 poculis,
1367 961 1448 1003 que
1500 948 1733 1003 plerunque

284 1006 499 1061 fulgentes
550 1007 899 1049 interstinxerant
951 1020 1131 1061 gemme.
1209 1006 1366 1060 Ingens
1419 1006 1563 1047 omnia
1607 1005 1733 1048 luxus

285 1064 540 1119 repleuerat.
620 1064 769 1107 Mense
821 1063 1000 1120 dapibus
1048 1064 1342 1117 luxuriabant,
1394 1064 1566 1105 crateris
1616 1064 1733 1106 uario

287 1122 477 1178 pocionis
518 1136 675 1177 genere
715 1122 1068 1164 redundantibus.
1139 1121 1229 1164 Nec
1267 1120 1371 1162 meri
1413 1122 1595 1176 simplex
1633 1136 1734 1164 usus

285 1180 502 1231 exstabat,
535 1195 629 1222 cum
672 1181 793 1234 petiti
824 1181 907 1222 late
948 1180 1061 1222 succi
1101 1180 1218 1221 uario
1260 1182 1404 1221 nectar
1445 1193 1596 1235 sapore
1636 1194 1733 1222 con-

286 1238 475 1280 ficerent.
540 1238 832 1293 Sapidioribus
863 1238 1001 1280 lances
1035 1238 1168 1294 epulis
1199 1237 1473 1291 renidebant,
1510 1251 1615 1292 quas
1647 1252 1734 1280 ma-

286 1296 401 1337 xime
433 1297 628 1338 uenatica
658 1296 884 1338 referserat
915 1296 1061 1351 preda.
1109 1295 1191 1338 Sed
1225 1309 1276 1336 ne
1310 1295 1541 1338 domestice
1563 1296 1733 1351 quidem

286 1353 422 1395 carnis
456 1354 633 1396 obsonia
662 1354 850 1396 deerant.
898 1354 1075 1397 Parcius
1113 1354 1354 1396 domesticis
1387 1368 1511 1409 quam
1532 1354 1731 1396 conuenis

286 1411 457 1453 bibendi
498 1412 685 1454 studium
726 1417 828 1455 erat.
899 1412 992 1454 Hos
1036 1412 1147 1453 enim
1187 1412 1392 1454 securitas
1433 1411 1638 1453 incitabat
1678 1412 1732 1454 ad

288 1470 516 1525 crapulam,
547 1471 629 1512 illis
660 1471 906 1513 insidiarum
938 1474 1222 1513 commentum
1246 1469 1460 1511 ebrietatis
1490 1469 1731 1512 illecebram

286 1527 542 1582 dempserat.
604 1528 717 1570 Dani
757 1528 887 1583 igitur
921 1530 984 1581 (ut
1021 1528 1156 1582 patrie
1186 1542 1291 1584 pace
1320 1528 1492 1583 loquar)
1524 1527 1730 1570 siccandis

286 1587 481 1628 certatim
535 1586 733 1628 calicibus
784 1587 967 1639 assueti,
995 1586 1179 1641 ‚ingenti
1230 1600 1275 1628 se
1329 1599 1564 1628 onerauere
1614 1586 1728 1628 uino.

287 1643 407 1692 Quos
429 1644 622 1687 Britanni
652 1648 778 1700 potos
811 1644 863 1687 ad
896 1644 1069 1686 modum
1091 1644 1335 1699 conspicati,
1370 1642 1565 1686 conuiuio
1587 1643 1728 1685 furtim

287 1702 398 1744 elabi
430 1706 659 1758 ceperunt,
700 1702 940 1758 relictisque
981 1703 1090 1744 intra
1122 1703 1261 1744 aulam
1303 1702 1516 1756 conuiuis,
1559 1703 1731 1744 summis

285 1760 439 1802 conniti
480 1760 639 1802 uiribus
679 1761 828 1802 ualuas
867 1761 984 1816 regie
1026 1760 1207 1802 admotis
1265 1758 1466 1815 obijsscibus
1516 1759 1729 1815 uariisque

283 1818 682 1873 impedimentorum
714 1818 943 1874 generibus
991 1820 1215 1873 obserare,
1248 1817 1397 1859 deinde
1427 1817 1549 1860 tectis
1589 1818 1731 1872 ignem

284 1875 440 1918 inferre
487 1877 581 1919 orsi.
653 1876 713 1918 At
754 1874 888 1930 Dani,
937 1877 1007 1932 qui
1046 1877 1155 1918 intra
1197 1875 1317 1918 edem
1367 1875 1499 1917 clausi
1546 1875 1729 1917 contine-

284 1933 463 1988 bantur,
504 1934 698 1976 incendio
731 1935 988 1989 pullulante,
1032 1934 1209 1990 pulsatis
1241 1933 1520 1989 nequicquam
1557 1933 1728 1983 foribus,

285 1992 338 2033 ab
372 2006 547 2046 egressu
577 1993 798 2047 prohibiti,
840 1993 977 2048 ipsum
1020 2007 1122 2036 mox
1162 1991 1298 2033 adorti
1342 1991 1567 2046 parietem,
1608 2005 1728 2046 erup-

286 2049 418 2091 cionis
449 2050 695 2092 facultatem
728 2050 944 2104 petebant.
1008 2050 1146 2099 Quem
1177 2048 1304 2104 Angli
1345 2048 1553 2091 ualidiore
1586 2048 1729 2090 Dano-

285 2120 378 2148 rum
409 2107 595 2163 impulsu
626 2108 872 2150 labefactari
920 2112 1158 2160 cernentes,
1197 2107 1353 2149 mutuis
1397 2107 1527 2148 obniti
1568 2107 1727 2148 uiribus

284 2165 555 2222 molibusque
588 2167 847 2208 extrinsecus
879 2167 1099 2222 applicatis
1130 2164 1421 2207 nutabundam
1451 2164 1597 2206 fulcire
1631 2179 1728 2207 con-

281 2223 440 2277 geriem
486 2224 752 2277 instite'runt,
800 2239 883 2280 quo
935 2225 1072 2266 minus
1121 2223 1349 2266 conuulsus
1388 2223 1528 2278 paries
1578 2223 1728 2265 clausis

283 2281 444 2324 exitum
477 2282 674 2337 aperiret.
737 2282 818 2331 Qui
858 2282 1029 2325 tandem
1072 2281 1301 2325 robustiori
1332 2280 1553 2323 Danorum
1584 2281 1727 2322 manui

283 2339 459 2393 cedens,
491 2354 697 2395 quorum,
729 2354 813 2396 quo
845 2340 1079 2396 periculum
1110 2340 1256 2393 maius,
1291 2339 1368 2382 hoc
1398 2339 1579 2381 ualidior
1602 2353 1726 2380 cona-

284 2402 351 2439 tus
383 2398 599 2447 exstabat,
630 2398 794 2439 facilem
826 2397 992 2455 preslsis
1015 2398 1282 2453 erupcionem
1314 2397 1557 2439 contribuit.
1617 2397 1724 2438 Tum

281 2455 447 2497 Frotho
481 2456 700 2498 classicum
731 2458 946 2499 succinere
976 2456 1117 2506 iubet,
1160 2469 1242 2511 quo
1276 2469 1446 2496 manum
1483 2455 1524 2496 in
1563 2455 1724 2497 insidiis

284 2514 557 2556 constitutam
601 2515 838 2557 accersiret.
901 2514 993 2563 Que
1034 2513 1127 2555 lit-ui
1157 2527 1263 2555 sono
1297 2513 1531 2568 clangentis
1573 2513 1724 2559 excita,

281 2570 421 2613 dolum
451 2572 493 2612 in
516 2576 709 2614 auctores
738 2572 922 2626 retorsit,
952 2572 1251 2614 Britannorum
1272 2585 1376 2626 rege
1405 2575 1597 2613 extreme
1619 2570 1725 2612 cladi

282 2643 377 2674 cum
403 2629 635 2675 innumeris
666 2643 840 2673 suorum
862 2630 994 2691 copiis
1024 2629 1193 2673 tradito.
1241 2629 1335 2681 Quo
1366 2629 1480 2672 facto
1512 2629 1724 2689 geminum

1791 498 1819 523 p.
1838 490 1884 518 253

1748 1770 1758 1780 ·
1796 1759 1866 1793 (95)

1781 2413 1809 2438 p.
1830 2404 1881 2433 254
