1884 3126
221 887 257 915 10

222 1174 254 1201 15

215 1462 254 1489 20

216 1752 252 1779 25

216 2040 253 2068 30

215 2329 252 2356 35

292 241 373 280 626
829 258 877 264 —
938 229 1076 274 XIIII
1135 253 1189 259 —-

290 363 517 420 cognicioni
559 375 602 402 se
642 359 809 414 quidem
853 358 1047 408 affinem,
1091 356 1164 399 sed
1195 371 1220 398 a
1251 370 1451 398 consensu
1491 355 1722 397 immunem

290 423 478 470 asseruit,
508 433 585 460 1160
615 422 701 458 tam
732 417 824 457 odio
855 416 988 470 regis,
1020 429 1147 470 quam
1177 415 1406 456 delacionis
1437 413 1597 469 pudore
1628 427 1722 468 pro-

290 479 496 532 dendique
528 474 737 516 commissi
767 473 1021 514 uerecundia
1063 472 1140 514 hec
1174 471 1334 514 fecisse.
1396 471 1533 519 Quem
1563 471 1722 513 confes-

290 537 413 578 sionis
457 533 625 574 modum
666 531 852 572 diuturni
891 536 985 585 post
1015 530 1185 571 modum
1217 530 1334 571 exilii
1365 543 1534 571 causam
1563 528 1722 570 habuit.

289 594 424 635 Huius
455 590 682 644 legacionis
721 592 1008 641 contemptum
1038 592 1125 628 tam
1166 601 1266 642 egre
1297 587 1484 629 Eskillus
1514 587 1632 639 tulit,
1663 590 1724 637 111,

291 650 416 691 uariis
448 647 627 702 corporis
648 645 834 702 pestibus
866 645 1099 697 contractis,
1130 645 1331 700 grauibus
1351 645 1547 701 hyemem
1568 644 1725 686 morbis

287 707 487 761 exigeret.

426 763 520 811 Qua
550 762 683 813 finita,
705 760 1018 814 Waldemarus,
1049 761 1186 802 Danie
1219 760 1445 816 Suetieque
1474 760 1726 816 primoribus

288 821 521 873 accersitis,
567 819 731 873 regales
772 819 855 860 filio
887 819 1060 873 nupcias
1091 823 1280 861 exornat.
1342 818 1502 867 Quibus
1531 818 1726 874 peractis,

287 878 610 920 Waldemarum
650 876 838 918 Eskillus
881 881 1041 918 secreta
1079 877 1338 919 allocucione
1377 877 1558 932 petitum
1603 877 1726 918 enixe

289 936 486 991 deposcit,
517 935 682 988 arcani,
715 935 823 989 quod
867 934 905 975 ei
948 935 1213 976 committere
1239 934 1355 988 uelit,
1387 935 1726 991 intempestiuam

287 993 588 1035 confessionem
618 1006 701 1033 non
732 996 895 1046 arguat.
957 991 997 1032 A
1026 1006 1106 1047 quo
1138 993 1350 1048 postulata
1380 1007 1548 1048 sperare
1577 993 1725 1044 iussus,

286 1051 534 1106 iampridem
574 1050 810 1105 deponendi
848 1049 1117 1104 pontificatus
1157 1051 1331 1092 allatam
1373 1051 1452 1092 sibi
1490 1050 1726 1106 cupidinem

288 1109 398 1161 dicit,
432 1122 557 1163 quem
588 1112 705 1149 tanto
738 1108 855 1149 oneri
885 1108 1091 1162 imparem
1113 1112 1202 1150 etas
1222 1108 1381 1149 uiribus
1413 1108 1611 1150 defuncta
1632 1122 1725 1150 con-

285 1167 444 1207 stituat.
505 1165 653 1220 Neque
686 1166 797 1206 enim
828 1165 871 1206 in
902 1165 1072 1220 fastigio
1105 1180 1172 1219 se,
1204 1166 1277 1207 sed
1307 1167 1522 1221 priuatum
1552 1180 1600 1208 ac
1631 1180 1726 1222 pro-

287 1224 505 1265 curacione
544 1224 724 1264 liberum
763 1223 966 1264 decedere
996 1223 1130 1275 uelle,
1162 1225 1362 1279 preterite
1394 1224 1726 1266 conuersacionis

285 1281 476 1322 habitum
522 1281 750 1322 monastica
781 1285 1054 1323 mutaturum.
1131 1281 1266 1329 Quem
1316 1296 1411 1323 cum
1460 1296 1537 1324 rex
1586 1282 1724 1324 uerbis

286 1340 502 1380 caritatem
534 1339 827 1380 simulantibus
858 1339 1068 1393 proposito
1099 1339 1364 1394 prohiberet,
1406 1339 1532 1395 idque
1564 1340 1602 1381 ei
1633 1340 1723 1381 sine

285 1396 481 1438 Romana
512 1397 760 1437 auctoritate
793 1396 1031 1451 exequendi
1060 1397 1124 1438 fas
1156 1411 1244 1439 esse
1266 1402 1454 1452 negaret,
1487 1397 1643 1439 habere
1668 1395 1721 1453 sel

283 1454 436 1496 summi
466 1453 672 1509 pontificis
704 1454 920 1508 epistolas,
959 1469 1037 1509 per
1082 1468 1183 1509 quas
1214 1470 1296 1496 non
1328 1456 1465 1497 solum
1501 1455 1724 1497 abdicandi

284 1512 454 1553 honoris
486 1512 716 1565 licenciam,
748 1511 822 1553 sed
854 1513 986 1553 eciam
1021 1512 1314 1566 transferendi,
1345 1513 1387 1554 in
1418 1527 1543 1568 quem
1578 1513 1723 1568 uellet,

284 1574 535 1624 potestatem
565 1570 793 1624 acceperit,
824 1574 1001 1611 testatus
1032 1574 1106 1612 est.
1149 1570 1246 1612 Huc
1276 1571 1488 1623 accedere,
1520 1571 1632 1626 quod
1662 1585 1722 1626 se,

284 1627 475 1669 Romane
506 1627 734 1682 legacionis
775 1627 913 1669 officio
946 1627 1214 1682 fungentem,
1254 1643 1307 1671 ne
1339 1629 1459 1671 sedes
1489 1643 1724 1671 successore

284 1699 418 1726 uacua
463 1685 688 1737 habeatur,
739 1686 1052 1740 subrogacionis
1103 1700 1246 1727 curam
1289 1687 1489 1728 exhibere
1534 1700 1611 1742 par
1656 1687 1721 1729 sit.

284 1742 404 1791 Quod
435 1743 591 1784 dictum
614 1757 703 1793 reX,
725 1742 931 1784 Ascerum
963 1743 1015 1784 ab
1048 1757 1097 1785 eo
1119 1744 1359 1798 pontificem
1381 1745 1574 1799 adoptari
1594 1748 1721 1798 ratus,

285 1800 517 1855 suspicione
546 1801 708 1855 insequi
739 1801 863 1855 cepit,
894 1815 971 1842 1160
1001 1801 1164 1851 dubius
1186 1800 1403 1844 Kanutum
1433 1808 1475 1844 et
1502 1801 1722 1856 Karolum,

284 1858 420 1912 siquid
450 1858 626 1899 ulterius
657 1858 883 1900 aduersum
914 1873 957 1900 se
989 1859 1126 1900 conati
1156 1859 1316 1912 forent,
1349 1861 1526 1901 multum
1558 1859 1611 1901 ab
1643 1874 1723 1901 auo

283 1915 437 1956 uirium
469 1920 767 1968 contracturos,
790 1931 884 1957 cum
907 1916 978 1957 diu
999 1917 1139 1958 uerbis
1161 1918 1394 1959 amiciciam
1415 1917 1723 1973 preferentibus

284 1974 448 2027 egisset,
481 1974 533 2014 ad
563 1978 821 2029 postremum
862 1975 974 2016 uotis
1014 1974 1102 2016 eius
1143 1989 1328 2017 annuere
1369 1990 1412 2017 se
1444 1975 1572 2029 dixit,
1612 1975 1723 2031 quod

282 2029 473 2072 Romane
506 2032 715 2073 sentencie
747 2032 915 2074 decreto
951 2031 1119 2073 obuiam
1148 2033 1209 2074 ire
1230 2037 1425 2088 nequeat,
1447 2047 1575 2088 penes
1597 2047 1723 2088 quam

283 2088 449 2143 publice
480 2089 694 2143 religionis
726 2104 875 2131 norma
907 2090 1116 2132 consistat.
1179 2090 1288 2132 Tum
1323 2091 1524 2143 Eskillus,
1554 2091 1722 2132 honoris

284 2145 595 2188 abdicacionem
626 2151 932 2189 contractorum
964 2147 1205 2202 pontificum
1238 2149 1480 2203 frequencia
1518 2148 1722 2190 celebrari

285 2204 427 2257 magni
469 2205 690 2258 estimans,
734 2206 1018 2259 profecturum
1060 2206 1112 2247 ab
1153 2206 1256 2247 urbe
1286 2220 1431 2260 regem
1468 2206 1631 2262 precari
1661 2206 1722 2247 in-

284 2262 414 2312 stitit,
459 2263 519 2303 uti
561 2262 672 2317 ipsos
718 2267 867 2304 exacto
908 2277 1050 2304 mense
1089 2277 1229 2305 secum
1269 2264 1454 2315 reducat,
1495 2278 1597 2319 quos
1638 2278 1722 2305 non

282 2319 415 2360 solum
446 2334 518 2360 sue
549 2321 871 2374 renunciacioni,
902 2331 1050 2362 uerum
1082 2322 1214 2362 eciam
1245 2322 1347 2362 noui
1380 2322 1577 2364 antistitis
1608 2335 1721 2363 crea-

285 2377 391 2418 cioni
422 2377 620 2419 interesse
642 2378 853 2432 expediat.
901 2377 1039 2426 Quam
1059 2391 1149 2419 rem
1169 2393 1338 2434 prorsus
1358 2380 1527 2421 silencio
1549 2379 1721 2434 dignam

285 2435 490 2488 existere,
532 2449 585 2476 ne
617 2436 784 2490 cognita
814 2450 1051 2491 quenquam
1092 2436 1311 2478 eleccionis
1350 2442 1465 2479 metu
1495 2437 1625 2479 dilabi
1656 2450 1722 2478 co-

284 2497 416 2546 geret.
477 2492 568 2541 Quo
609 2507 822 2547 concesso,
866 2499 1018 2535 statam
1057 2494 1224 2535 interim
1263 2495 1559 2549 solennemque
1590 2508 1720 2550 popu-

284 2550 436 2591 larium
468 2550 709 2592 concionem
740 2551 972 2605 ingressus,
1005 2551 1146 2606 docet,
1188 2557 1388 2607 quantam
1419 2550 1720 2607 sub<d>itorum

226 2619 263 2647 40
294 2608 512 2650 caritatem
558 2608 724 2663 fastigio
767 2608 935 2651 functus
978 2608 1222 2663 exhibueri,
1270 2624 1478 2666 quamque
1523 2609 1719 2652 beniuolo

626 2673 700 2823 Χ

1798 1460 1858 1486 ,91
