1884 3126
316 243 398 290 148
908 249 1173 292 -ν-

317 389 441 431 quam
475 375 611 431 gloria
632 374 811 432 captam.
860 376 1036 419 Cracam
1058 391 1231 433 quoque
1251 376 1452 419 traditum
1486 380 1551 419 est
1573 375 1761 419 exhibite

316 434 507 489 pocionis
530 439 866 490 temperamento
894 435 1122 477 Frothonis
1145 435 1275 478 amori
1309 435 1543 489 uirgineam
1566 434 1760 489 adegisse

317 492 572 548 cupidinem.

453 549 513 590 At
544 549 725 592 Gotarus
757 549 867 608 Erici
900 554 995 606 post
1028 551 1173 606 epulas
1218 550 1461 591 conuiuium
1493 550 1618 605 petit,
1657 564 1762 605 nup·

267 618 283 644 5
315 607 429 648 cialis
475 607 556 648 ioci
602 608 818 649 licenciam
861 610 1130 650 adaucturus.
1194 609 1286 656 Quo
1319 612 1501 649 exeunte
1547 608 1762 658 Gunuara,

316 666 423 706 sicut
472 670 568 706 ante
616 667 729 707 iussa
775 666 937 720 fuerat,
986 667 1182 708 subducti
1226 666 1378 708 asseris
1427 667 1520 707 loco
1568 667 1761 721 peruium

316 728 580 778 transgressa
610 724 832 779 parietem,
866 725 1103 780 proximum
1127 724 1252 766 Erico
1285 723 1538 765 discubitum
1570 728 1762 779 occupat.

317 780 395 822 Oui
430 781 611 823 (ictarus
645 796 736 823 eam
782 795 979 824 consessu
1028 783 1214 824 iunctam
1246 782 1446 834 miratus,
1490 782 1671 836 qualiter
1722 786 1763 822 et

316 853 448 894 quare
470 853 519 880 eo
543 840 721 893 uenerit,
744 842 986 895 percontari
1013 844 1018 889 Ι
1045 840 1275 896 impensius
1308 840 1430 894 cepit.
1476 840 1556 880 Illa
1578 852 1763 881 sororem

250 906 283 934 10
314 911 358 938 se
386 897 586 938 Gunuare
620 911 847 952 regemque
879 898 1111 939 formarum
1140 899 1227 939 falli
1258 896 1529 939 similitudine
1558 910 1762 939 memora-

315 955 400 996 bat.
479 955 608 1006 Cuius
649 969 743 996 cum
790 970 866 997 rex
908 956 1189 1011 cognoscendi
1238 970 1367 997 causa
1418 956 1557 996 subito
1603 955 1760 1010 regiam

316 1013 609 1068 repetiuisset,
654 1012 855 1054 Gunuara
897 1016 1059 1069 postico
1101 1028 1167 1067 se,
1211 1028 1292 1068 quo
1326 1017 1523 1066 uenerat,
1566 1013 1762 1065 referens,

315 1071 489 1126 pristino
538 1072 579 1112 in
627 1072 719 1111 loco
770 1073 931 1112 cunctis
979 1072 1211 1126 spectanda
1256 1070 1458 1113 consedit.
1533 1070 1627 1118 Qua
1671 1071 1762 1112 uisa

317 1129 514 1181 Gotarus,
546 1143 695 1184 parum
719 1129 945 1171 luminibus
968 1130 1177 1183 credulus,
1209 1129 1393 1170 maxima
1415 1143 1509 1170 cum
1532 1128 1762 1183 agnicionis

247 1196 280 1222 15
312 1186 552 1228 diffidencia
595 1187 647 1228 ad
689 1185 860 1228 Ericum
913 1188 992 1229 iter
1031 1201 1272 1239 remensus,
1313 1187 1489 1228 relatam
1531 1200 1606 1227 suo
1645 1200 1761 1227 more

313 1243 559 1286 Gunuaram
591 1258 665 1299 pre
698 1246 829 1286 oculis
862 1245 1024 1286 habuit.
1088 1245 1167 1297 Ita,
1199 1245 1370 1300 quocies
1402 1244 1590 1285 aularum
1625 1244 1762 1285 aditus

313 1303 586 1358 permutauit,
618 1302 749 1343 tocies
783 1303 1022 1358 utrobique,
1058 1317 1180 1358 quam
1214 1302 1430 1358 querebat,
1464 1301 1650 1344 offendit.
1707 1302 1762 1343 Et

314 1362 395 1401 iam
428 1375 513 1401 non
545 1360 799 1413 consimilis,
840 1361 916 1402 sed
958 1361 1109 1403 eadem
1154 1361 1250 1402 hinc
1294 1359 1391 1401 inde
1432 1359 1560 1402 facies
1602 1359 1762 1414 ingenti

314 1432 457 1472 regem
501 1418 797 1459 ammiracione
830 1419 1069 1473 torquebat.
1132 1418 1397 1475 Impossibile
1437 1418 1547 1459 enim
1591 1417 1644 1458 ad
1678 1432 1763 1458 om-

246 1482 284 1509 ‘20
314 1490 410 1517 nem
449 1477 673 1517 uidebatur
693 1476 880 1530 modum,
919 1476 1079 1530 absque
1109 1476 1283 1518 notabili
1311 1476 1547 1518 discrimine
1584 1476 1762 1518 eundem

318 1535 497 1576 diuersis
528 1534 716 1575 habitum
740 1535 877 1575 inesse
900 1534 1142 1577 formarum.
1190 1534 1338 1576 Soluto
1362 1535 1532 1576 tandem
1556 1534 1763 1582 conuiuio,

316 1592 444 1633 filiam
490 1597 530 1633 et
574 1592 744 1633 Erieum
793 1593 975 1647 nupciali
1020 1593 1062 1633 in
1106 1593 1345 1634 cubiculum
1386 1606 1521 1647 usque
1564 1591 1762 1633 comitate

317 1650 600 1707 prosequitur.
664 1650 762 1705 Ipse
794 1650 895 1691 alias
930 1650 1118 1691 cub'itum
1151 1651 1271 1692 redit.

456 1708 517 1749 At
560 1707 709 1749 Ericus
757 1708 973 1749 Aluildam
1014 1708 1221 1750 Frothoni
1265 1707 1518 1749 destinatam
1573 1721 1762 1749 seorsum

249 1771 286 1798 ‘25
321 1766 476 1807 cubare
508 1766 728 1821 permittit,
765 1766 1030 1818 Gunuaram,
1063 1771 1109 1807 ut
1140 1770 1262 1820 ante,
1304 1765 1451 1807 deluso
1484 1779 1608 1820 rege,
1651 1779 1762 1806 com-

319 1825 483 1880 plexus.
536 1824 690 1878 Itaque
722 1824 917 1875 Gotarus,
949 1825 1186 1866 insomnem
1218 1838 1349 1878 agens
1380 1827 1563 1877 noctem,
1596 1824 1763 1878 stupido

320 1882 558 1936 errantique
581 1883 718 1922 animo
741 1881 1044 1924 ludificacionis
1068 1896 1143 1924 sue
1173 1883 1355 1936 speciem
1378 1881 1579 1935 agitabat.
1612 1880 1763 1937 Neque

319 1940 429 1981 enim
460 1940 617 1995 paritas
650 1940 896 1994 specierum.
930 1940 1004 1981 sed
1034 1939 1232 1982 identitas
1264 1939 1499 1981 uidebatur.
1547 1939 1672 1980 Vnde
1704 1940 1764 1980 in-

319 2003 434 2039 certa
463 1998 568 2039 adeo
598 2001 727 2053 atque
759 2011 913 2053 anceps
946 1998 1062 2038 illum
1106 1997 1319 2039 estimacio
1352 1998 1504 2048 subiit,
1546 2002 1593 2038 ut
1632 1997 1762 2038 errori

251 2059 289 2086 30
319 2056 543 2109 tribueret,
594 2055 704 2110 quod
751 2069 900 2097 reuera
950 2055 1259 2110 deprehensum
1304 2055 1498 2097 habebat.
1575 2054 1763 2096 Tandem

318 2114 482 2169 pariete
513 2113 704 2154 fraudem
750 2113 900 2154 instrui
940 2114 1151 2168 potuisse,
1193 2113 1329 2153 animo
1373 2113 1643 2153 obuersatum
1686 2117 1761 2154 est.

320 2172 455 2220 Quem
490 2185 583 2212 cum
623 2170 870 2224 diligencius
914 2171 1061 2226 inspici
1102 2172 1355 2225 lustrarique
1398 2171 1607 2221 iussisset,
1647 2171 1763 2211 nulla

318 2229 541 2271 fraccionis
574 2229 755 2283 uestigia
780 2227 1070 2284 deprehendit.
1119 2228 1377 2269 Inconcussa
1399 2228 1605 2283 siquidem
1627 2228 1763 2268 tocius

320 2287 409 2329 edis
442 2287 661 2342 integritas
694 2288 940 2341 apparebat.
1007 2286 1176 2342 Quippe
1207 2285 1352 2326 Ericus
1389 2291 1512 2327 nocte
1546 2285 1764 2336 concubia,

251 2347 287 2374 35
321 2360 404 2401 quo
436 2345 575 2386 minus
607 2343 730 2385 dolus
762 2346 1014 2399 conspicuus
1045 2344 1173 2395 foret,
1222 2344 1348 2385 soluti
1380 2344 1550 2398 parietis
1582 2347 1764 2384 sarserat

320 2403 532 2444 lesionem.
582 2402 749 2444 Deinde
783 2402 889 2443 duos
922 2402 1213 2457 cognoscende
1244 2401 1303 2443 rei
1336 2415 1461 2442 causa
1493 2402 1618 2442 tacite
1651 2401 1762 2442 Erici

320 2461 515 2502 cubiculo
572 2459 833 2501 intromissos
891 2474 940 2500 ac
980 2465 1077 2515 post
1123 2460 1287 2501 auleam
1347 2460 1577 2500 consistere
1625 2459 1762 2500 iussos

320 2524 472 2560 cuncta
523 2518 728 2560 curiosius
780 2517 999 2558 attendere
1050 2519 1180 2559 iubet.
1260 2516 1394 2557 Iidem
1446 2516 1614 2558 Ericum
1667 2530 1760 2557 cum

324 2576 525 2618 Gunuara
576 2579 787 2630 repertum
834 2574 1048 2617 occidendi
1095 2573 1306 2630 <quo>que
1350 2579 1597 2630 preceptum
1644 2588 1760 2615 acce-

250 2646 288 2674 40
319 2640 482 2689 perant.
545 2633 653 2686 Qui,
694 2633 796 2673 inita
827 2633 1011 2674 latenter
1053 2633 1153 2683 ede,
1197 2632 1348 2674 uelatis
1393 2635 1554 2673 cortina
1595 2631 1760 2686 angulis
