1884 3126
286 872 318 900 10

283 1164 315 1190 15

277 1450 314 1477 ‘20

276 2027 313 2055 30

276 2314 310 2341 35

280 2604 315 2632 40

355 224 436 264 444
887 239 938 245 -
999 213 1137 255 XIIII
1197 237 1250 244 -

356 350 482 391 Cuius
514 346 670 388 uiribus
710 344 842 385 fretus
887 341 998 397 apud
1030 341 1294 397 Helsyngam
1341 340 1569 395 oppidum,
1613 340 1790 396 pignore

357 421 449 448 cum
491 405 612 446 Erico
654 402 815 456 posito,
860 414 912 441 an
956 414 1049 440 cum
1099 399 1333 440 lectissimis
1374 399 1464 439 eius
1508 399 1627 453 equis
1666 412 1790 439 cursu

353 462 607 505 contendere
629 460 850 514 potuisset,
883 458 1045 498 duobus
1069 457 1109 497 in
1134 462 1350 497 certamen
1373 456 1578 505 admissis,
1610 460 1790 511 utroque

355 524 507 561 metam
551 517 665 572 prior
705 516 851 557 tenuit.
921 515 1110 556 Geminis
1152 513 1357 568 siquidem
1398 514 1508 554 inter
1537 514 1789 554 currendum

357 576 514 618 bacillis
546 575 730 626 innixus,
763 572 919 614 crebris
953 586 1106 626 corpus
1141 571 1315 612 saltibus
1348 571 1601 612 concitabat.
1661 570 1790 612 Aliud

354 647 522 689 quoque
554 632 750 672 inusitate
782 631 982 682 agilitatis
1015 630 1302 685 spectaculum
1337 629 1461 669 edere
1496 632 1788 671 consueuerat.

351 692 459 746 Sepe
492 689 648 730 etenim
680 689 789 729 inter
820 688 1107 742 nauigandum
1149 687 1279 742 puppi
1311 686 1508 738 exiliens,
1549 687 1590 726 in
1622 701 1790 741 proram

349 762 424 802 per
458 750 602 788 exerta
633 760 841 787 remorum
886 747 1027 798 capita
1058 744 1320 796 decucurrit,
1361 743 1544 799 indeque
1587 759 1709 785 cursu
1747 745 1788 785 in

350 805 463 846 aliud
498 804 657 858 nauigii
687 804 797 844 latus
831 803 1011 854 reflexo,
1052 817 1129 858 per
1161 802 1347 856 reliquos
1379 816 1589 843 remorum
1623 802 1789 843 ordines

349 864 510 915 locum,
558 876 639 917 quo
684 865 944 912 excesserat,
991 860 1204 914 repetiuit.
1282 860 1365 908 Qui
1406 861 1439 900 si
1480 873 1626 915 parem
1663 860 1790 901 animi

349 921 548 962 uirtutem
582 934 605 959 a
637 923 785 960 natura
818 919 1031 966 traxisset,
1062 932 1328 972 nequaquam
1351 932 1394 959 se
1427 918 1535 958 inter
1568 918 1789 973 amplexus

347 978 506 1033 pellicis
539 978 676 1018 emulo
712 976 977 1017 obruendum
1009 975 1210 1017 dedisset.
1282 975 1396 1016 Huic
1435 975 1582 1017 Erieus
1621 977 1790 1017 tametsi

350 1035 548 1089 opitulari
579 1035 723 1086 uellet,
758 1034 919 1075 Sclauis
945 1034 1218 1074 domesticam
1241 1047 1386 1088 pacem
1410 1034 1789 1089 interpellantibus,

348 1094 535 1134 animum
568 1106 693 1147 opere
729 1092 919 1134 comitari
950 1092 1153 1147 nequiuit.

483 1150 639 1204 Igitur,
676 1150 835 1191 omissis
876 1150 998 1190 amici
1045 1149 1195 1201 rebus,
1236 1150 1415 1205 propriis
1461 1163 1602 1190 curam
1634 1149 1789 1201 iniecit,

348 1212 649 1262 contractaque
680 1207 909 1248 aduersum
941 1207 1125 1262 Rugiam
1158 1208 1314 1258 classe,
1347 1221 1429 1261 quo
1463 1208 1645 1262 gnauius
1678 1207 1789 1248 bella

350 1265 597 1318 conficeret,
642 1265 846 1306 maritime
888 1265 1103 1307 Danorum
1147 1265 1415 1319 expedicioni
1456 1266 1615 1320 primus
1655 1279 1788 1320 equos

348 1323 510 1374 adiecit,
528 1328 757 1378 quaternos
774 1323 950 1377 singulis
972 1323 1152 1377 nauigiis
1176 1323 1403 1376 mandans3
1427 1337 1607 1378 eumque
1631 1337 1789 1365 morem

348 1381 525 1434 diligens
571 1381 833 1436 posteritatis
889 1395 989 1422 cura
1031 1381 1236 1423 seruauit.
1314 1380 1469 1422 Classis
1514 1395 1563 1422 eo
1611 1394 1787 1423 numero

345 1438 528 1492 digesta,
572 1439 684 1479 mille
729 1442 770 1479 et
813 1442 980 1479 centum
1028 1439 1210 1493 nauigiis
1256 1438 1456 1493 frequens
1497 1443 1670 1494 reperta
1712 1442 1786 1481 est.

348 1495 510 1544 Quibus
541 1496 651 1537 Dani
684 1495 736 1536 ad
765 1496 951 1550 Rugiam
973 1497 1151 1551 appulsi,
1183 1497 1331 1538 urbem
1353 1497 1526 1539 Archon
1559 1496 1788 1538 aduersum

345 1569 389 1595 se
433 1554 572 1594 ualido
615 1554 799 1609 presidio
845 1554 1052 1595 firmatam
1093 1555 1327 1596 inueniunt.
1390 1554 1526 1602 Quam
1571 1568 1624 1595 ne
1665 1555 1788 1595 finiti-

345 1626 508 1653 morum
542 1612 706 1653 auxiliis
739 1612 877 1653 iuuari
900 1612 1095 1662 sinerent,
1128 1617 1325 1663 tractum,
1357 1612 1426 1667 qui
1450 1611 1788 1654 Archonensium

346 1670 448 1710 fines
492 1683 621 1724 prope
665 1669 838 1711 modum
872 1670 1023 1724 Rugia·
1054 1671 1241 1711 abscisos
1287 1684 1382 1712 cum
1414 1670 1646 1711 continenti
1678 1684 1789 1711 com-

343 1727 490 1775 mittit,
538 1727 748 1782 ligonibus
797 1729 1011 1769 concisum
1058 1728 1097 1769 in
1143 1729 1301 1769 uallum
1345 1742 1475 1783 opace
1519 1727 1573 1769 ad
1618 1728 1787 1769 modum

344 1784 578 1826 altitudinis
609 1785 877 1840 redegerunt.
925 1785 1071 1827 Tuicio
1106 1786 1194 1828 eius
1220 1785 1582 1827 Hallendensibus
1615 1785 1787 1840 credita,

345 1842 575 1897 iisdemque
621 1843 750 1884 Petro
794 1857 943 1898 parere
986 1844 1162 1885 iussum.
1236 1843 1350 1891 Quos
1381 1843 1586 1898 Rugiani,
1620 1845 1787 1898 quesite

345 1914 420 1954 per
459 1900 571 1941 uada
617 1902 818 1954 transitu,
860 1905 986 1942 noctu
1027 1902 1267 1957 inopinatos
1300 1900 1459 1953 adorti,
1501 1901 1788 1956 compluribus

346 1958 469 2008 cesis,
503 1973 528 1999 a
560 1963 701 2000 cetero
743 1959 1008 2014 repelluntur
1041 1961 1245 2001 exercitu.
1307 1959 1445 2013 Igitur
1477 1959 1788 2010 Archonenses‚

344 2030 439 2056 cum
471 2030 548 2057 nec
580 2017 692 2058 uires
726 2017 974 2059 conserendi
1007 2018 1105 2059 belli
1154 2018 1362 2059 haberent
1392 2031 1532 2072 neque
1562 2018 1704 2059 locum
1736 2017 1788 2059 ad

344 2073 630 2114 contrahenda
663 2075 822 2116 auxilia
854 2080 1081 2131 suppetere
1115 2080 1355 2118 cernerent.
1388 2076 1639 2117 necessitate
1673 2075 1787 2126 uicti,

343 2131 522 2172 salutem
553 2137 594 2173 et
625 2133 666 2173 in
700 2132 939 2174 Christiana
971 2147 1087 2174 sacra
1120 2134 1418 2175 transicionem
1451 2134 1588 2188 pacti,
1629 2138 1787 2185 statua,

343 2203 467 2244 quam
499 2187 837 2244 uellnerabantur,
869 2195 1048 2243 retenta,
1070 2192 1202 2233 Danis
1234 2206 1279 2233 se
1310 2190 1495 2233 tradunt.
1538 2190 1644 2232 Erat
1677 2192 1786 2233 enim

346 2247 616 2288 simulacrum
650 2248 744 2289 urbi
776 2249 976 2303 precipua
1011 2250 1165 2290 ciuium
1189 2249 1396 2303 religione
1418 2249 1578 2290 cultum
1611 2249 1787 2291 crebris-

343 2319 423 2360 que
466 2305 740 2346 finitimorum
783 2307 929 2349 officiis
971 2307 1252 2355 celebratum,
1296 2306 1368 2348 sed
1412 2307 1517 2348 falso
1560 2308 1667 2349 sacri
1700 2306 1788 2348 Viti

345 2363 556 2404 uocabulo
598 2364 859 2418 insignitum.
931 2365 1024 2414 Quo
1069 2370 1310 2415 assei-nato,
1356 2364 1554 2419 oppidani
1597 2368 1788 2406 ueterem

345 2434 559 2462 sacrorum
584 2435 742 2462 morem
765 2422 934 2476 penitus
967 2423 1164 2477 abrogari
1186 2423 1301 2477 passi
1323 2436 1405 2464 non
1440 2426 1546 2464 sunt.
1598 2423 1787 2463 Primum

344 2479 487 2533 itaque
519 2478 684 2521 solenni
724 2479 806 2520 ritu
848 2480 982 2535 prolui
1013 2481 1128 2533 iussi,
1161 2485 1359 2534 stagnum
1399 2479 1558 2521 maiore
1591 2479 1787 2535 pellende

347 2536 438 2576 sitis
471 2549 594 2591 quam
629 2536 842 2585 iniciande
874 2538 1090 2592 religionis
1122 2537 1273 2579 ardore
1303 2542 1508 2593 petentes,
1540 2539 1615 2579 sub
1648 2537 1787 2592 specie

349 2606 563 2636 sacrorum
593 2594 707 2661 fessa
748 2594 970 2640 obsidione
1009 2609 1189 2654 corpora
1229 2595 1479 2639 refecerunt.
1539 2595 1677 2638 Datur
1706 2594 1788 2639 Ar-
