<?xml version="1.0" encoding="UTF-8"?>
<!DOCTYPE html PUBLIC "-//W3C//DTD XHTML 1.0 Transitional//EN"
    "http://www.w3.org/TR/xhtml1/DTD/xhtml1-transitional.dtd">
<html xmlns="http://www.w3.org/1999/xhtml" xml:lang="en" lang="en">
 <head>
  <title>
</title>
<meta http-equiv="Content-Type" content="text/html;charset=utf-8" />
  <meta name='ocr-system' content='tesseract 3.04.00' />
  <meta name='ocr-capabilities' content='ocr_page ocr_carea ocr_par ocr_line ocrx_word'/>
</head>
<body>
  <div class='ocr_page' id='page_1' title='image "./saxonisgrammatic00saxouoft_0419.png"; bbox 0 0 1884 3126; ppageno 0'>
   <div class='ocr_carea' id='block_1_1' title="bbox 158 867 195 894">
    <p class='ocr_par' dir='ltr' id='par_1_1' title="bbox 158 867 195 894">
     <span class='ocr_line' id='line_1_1' title="bbox 158 867 195 894; baseline 0 0"><span class='ocrx_word' id='word_1_1' title='bbox 158 867 195 894; x_wconf 89' lang='lat'>10</span> 
     </span>
    </p>
   </div>
   <div class='ocr_carea' id='block_1_2' title="bbox 157 1160 194 1188">
    <p class='ocr_par' dir='ltr' id='par_1_2' title="bbox 157 1160 194 1188">
     <span class='ocr_line' id='line_1_2' title="bbox 157 1160 194 1188; baseline -0.027 0"><span class='ocrx_word' id='word_1_2' title='bbox 157 1160 194 1188; x_wconf 88' lang='lat'>15</span> 
     </span>
    </p>
   </div>
   <div class='ocr_carea' id='block_1_3' title="bbox 155 1451 193 1478">
    <p class='ocr_par' dir='ltr' id='par_1_3' title="bbox 155 1451 193 1478">
     <span class='ocr_line' id='line_1_3' title="bbox 155 1451 193 1478; baseline 0 0"><span class='ocrx_word' id='word_1_3' title='bbox 155 1451 193 1478; x_wconf 81' lang='lat'>20</span> 
     </span>
    </p>
   </div>
   <div class='ocr_carea' id='block_1_4' title="bbox 154 2031 192 2059">
    <p class='ocr_par' dir='ltr' id='par_1_4' title="bbox 154 2031 192 2059">
     <span class='ocr_line' id='line_1_4' title="bbox 154 2031 192 2059; baseline 0 0"><span class='ocrx_word' id='word_1_4' title='bbox 154 2031 192 2059; x_wconf 83' lang='lat'>30</span> 
     </span>
    </p>
   </div>
   <div class='ocr_carea' id='block_1_5' title="bbox 155 2321 192 2360">
    <p class='ocr_par' dir='ltr' id='par_1_5' title="bbox 155 2321 192 2360">
     <span class='ocr_line' id='line_1_5' title="bbox 155 2321 192 2360; baseline 0 0"><span class='ocrx_word' id='word_1_5' title='bbox 155 2321 192 2360; x_wconf 56' lang='lat'>³2⁵²&gt;</span> 
     </span>
    </p>
   </div>
   <div class='ocr_carea' id='block_1_6' title="bbox 821 210 1674 253">
    <p class='ocr_par' dir='ltr' id='par_1_6' title="bbox 821 210 1674 253">
     <span class='ocr_line' id='line_1_6' title="bbox 821 210 1674 253; baseline 0 0"><span class='ocrx_word' id='word_1_6' title='bbox 821 210 1093 253; x_wconf 85' lang='lat' dir='ltr'>-X—</span> <span class='ocrx_word' id='word_1_7' title='bbox 1591 212 1674 253; x_wconf 86' lang='lat'>325</span> 
     </span>
    </p>
   </div>
   <div class='ocr_carea' id='block_1_7' title="bbox 223 336 1674 1733">
    <p class='ocr_par' dir='ltr' id='par_1_7' title="bbox 227 336 1674 495">
     <span class='ocr_line' id='line_1_7' title="bbox 229 336 1674 395; baseline 0.003 -17"><span class='ocrx_word' id='word_1_8' title='bbox 229 336 309 378; x_wconf 93' lang='lat' dir='ltr'>dus</span> <span class='ocrx_word' id='word_1_9' title='bbox 359 337 519 393; x_wconf 85' lang='lat' dir='ltr'>itaque,</span> <span class='ocrx_word' id='word_1_10' title='bbox 564 338 780 393; x_wconf 87' lang='lat' dir='ltr'>insperato</span> <span class='ocrx_word' id='word_1_11' title='bbox 831 338 964 380; x_wconf 87' lang='lat' dir='ltr'>hostis</span> <span class='ocrx_word' id='word_1_12' title='bbox 1017 339 1152 381; x_wconf 90' lang='lat' dir='ltr'>exicio</span> <span class='ocrx_word' id='word_1_13' title='bbox 1204 339 1409 395; x_wconf 85' lang='lat' dir='ltr'>regnandi</span> <span class='ocrx_word' id='word_1_14' title='bbox 1459 339 1674 382; x_wconf 86' lang='lat' dir='ltr'>fortunam</span> 
     </span>
     <span class='ocr_line' id='line_1_8' title="bbox 227 395 1674 454; baseline 0.003 -18"><span class='ocrx_word' id='word_1_15' title='bbox 227 396 436 451; x_wconf 85' lang='lat' dir='ltr'>adeptus,</span> <span class='ocrx_word' id='word_1_16' title='bbox 487 395 667 438; x_wconf 86' lang='lat' dir='ltr'>triennio</span> <span class='ocrx_word' id='word_1_17' title='bbox 717 396 972 450; x_wconf 86' lang='lat' dir='ltr'>promissum</span> <span class='ocrx_word' id='word_1_18' title='bbox 1016 397 1148 440; x_wconf 88' lang='lat' dir='ltr'>Danis</span> <span class='ocrx_word' id='word_1_19' title='bbox 1194 399 1304 440; x_wconf 87' lang='lat' dir='ltr'>bone</span> <span class='ocrx_word' id='word_1_20' title='bbox 1344 398 1444 440; x_wconf 90' lang='lat' dir='ltr'>fidei</span> <span class='ocrx_word' id='word_1_21' title='bbox 1491 398 1674 454; x_wconf 86' lang='lat' dir='ltr'>uectigal</span> 
     </span>
     <span class='ocr_line' id='line_1_9' title="bbox 229 454 491 495; baseline 0 -1"><span class='ocrx_word' id='word_1_22' title='bbox 229 454 434 495; x_wconf 81' lang='lat' dir='ltr'>exhibuit.</span> <span class='ocrx_word' id='word_1_23' title='bbox 488 465 491 467; x_wconf 65' lang='grc'><strong>“</strong></span> 
     </span>
    </p>

    <p class='ocr_par' dir='ltr' id='par_1_8' title="bbox 223 512 1674 1733">
     <span class='ocr_line' id='line_1_10' title="bbox 365 512 1672 568; baseline 0.002 -15"><span class='ocrx_word' id='word_1_24' title='bbox 365 512 430 554; x_wconf 85' lang='lat' dir='ltr'>Ea</span> <span class='ocrx_word' id='word_1_25' title='bbox 472 515 726 568; x_wconf 87' lang='lat' dir='ltr'>tempestate</span> <span class='ocrx_word' id='word_1_26' title='bbox 758 512 1048 563; x_wconf 84' lang='lat' dir='ltr'>Sturbiornus,</span> <span class='ocrx_word' id='word_1_27' title='bbox 1091 513 1248 555; x_wconf 84' lang='lat' dir='ltr'>Suetici</span> <span class='ocrx_word' id='word_1_28' title='bbox 1292 514 1403 568; x_wconf 86' lang='lat' dir='ltr'>regis</span> <span class='ocrx_word' id='word_1_29' title='bbox 1446 514 1672 556; x_wconf 86' lang='lat' dir='ltr'>Biornonis</span> 
     </span>
     <span class='ocr_line' id='line_1_11' title="bbox 227 570 1674 627; baseline 0.002 -17"><span class='ocrx_word' id='word_1_30' title='bbox 227 570 350 619; x_wconf 86' lang='lat' dir='ltr'>filius,</span> <span class='ocrx_word' id='word_1_31' title='bbox 382 585 406 610; x_wconf 90' lang='lat' dir='ltr'>a</span> <span class='ocrx_word' id='word_1_32' title='bbox 438 570 579 626; x_wconf 85' lang='lat' dir='ltr'>patrui</span> <span class='ocrx_word' id='word_1_33' title='bbox 612 570 738 612; x_wconf 90' lang='lat' dir='ltr'>Olaui</span> <span class='ocrx_word' id='word_1_34' title='bbox 772 570 868 624; x_wconf 83' lang='lat' dir='ltr'>filio,</span> <span class='ocrx_word' id='word_1_35' title='bbox 901 571 1036 623; x_wconf 85' lang='lat' dir='ltr'>Erico,</span> <span class='ocrx_word' id='word_1_36' title='bbox 1079 586 1210 626; x_wconf 87' lang='lat' dir='ltr'>regno</span> <span class='ocrx_word' id='word_1_37' title='bbox 1243 572 1462 627; x_wconf 88' lang='lat' dir='ltr'>spoliatus,</span> <span class='ocrx_word' id='word_1_38' title='bbox 1502 573 1674 625; x_wconf 87' lang='lat' dir='ltr'>petendi</span> 
     </span>
     <span class='ocr_line' id='line_1_12' title="bbox 227 628 1672 686; baseline 0.003 -18"><span class='ocrx_word' id='word_1_39' title='bbox 227 628 373 670; x_wconf 77' lang='lat' dir='ltr'>auxilii</span> <span class='ocrx_word' id='word_1_40' title='bbox 405 628 548 683; x_wconf 82' lang='lat' dir='ltr'>gracia</span> <span class='ocrx_word' id='word_1_41' title='bbox 576 630 580 679; x_wconf 89' lang='grc' dir='ltr'>Ι</span> <span class='ocrx_word' id='word_1_42' title='bbox 608 628 662 669; x_wconf 91' lang='lat' dir='ltr'>ad</span> <span class='ocrx_word' id='word_1_43' title='bbox 686 628 936 682; x_wconf 89' lang='lat' dir='ltr'>Haraldum,</span> <span class='ocrx_word' id='word_1_44' title='bbox 969 629 1035 670; x_wconf 90' lang='lat' dir='ltr'>eui</span> <span class='ocrx_word' id='word_1_45' title='bbox 1057 629 1201 686; x_wconf 88' lang='lat' dir='ltr'>Thyra</span> <span class='ocrx_word' id='word_1_46' title='bbox 1233 636 1366 672; x_wconf 87' lang='lat' dir='ltr'>mater</span> <span class='ocrx_word' id='word_1_47' title='bbox 1390 631 1543 683; x_wconf 88' lang='lat' dir='ltr'>extitit,</span> <span class='ocrx_word' id='word_1_48' title='bbox 1577 645 1672 672; x_wconf 91' lang='lat' dir='ltr'>cum</span> 
     </span>
     <span class='ocr_line' id='line_1_13' title="bbox 226 686 1673 743; baseline 0.002 -16"><span class='ocrx_word' id='word_1_49' title='bbox 226 701 369 728; x_wconf 87' lang='lat' dir='ltr'>sorore</span> <span class='ocrx_word' id='word_1_50' title='bbox 415 686 595 741; x_wconf 84' lang='lat' dir='ltr'>Gyritha</span> <span class='ocrx_word' id='word_1_51' title='bbox 642 686 824 742; x_wconf 77' lang='lat' dir='ltr'>supplex</span> <span class='ocrx_word' id='word_1_52' title='bbox 870 687 1081 741; x_wconf 85' lang='lat' dir='ltr'>migrauit,</span> <span class='ocrx_word' id='word_1_53' title='bbox 1133 693 1335 743; x_wconf 82' lang='lat' dir='ltr'>tantoque</span> <span class='ocrx_word' id='word_1_54' title='bbox 1386 687 1525 743; x_wconf 87' lang='lat' dir='ltr'>apud*</span> <span class='ocrx_word' id='word_1_55' title='bbox 1576 703 1673 731; x_wconf 90' lang='lat' dir='ltr'>eum</span> 
     </span>
     <span class='ocr_line' id='line_1_14' title="bbox 226 745 1674 802; baseline 0.001 -16"><span class='ocrx_word' id='word_1_56' title='bbox 226 746 490 800; x_wconf 88' lang='lat' dir='ltr'>paraciorem</span> <span class='ocrx_word' id='word_1_57' title='bbox 534 745 722 787; x_wconf 81' lang='lat' dir='ltr'>amicicie</span> <span class='ocrx_word' id='word_1_58' title='bbox 753 745 893 786; x_wconf 88' lang='lat' dir='ltr'>locum</span> <span class='ocrx_word' id='word_1_59' title='bbox 926 747 1131 800; x_wconf 85' lang='lat' dir='ltr'>repperit,</span> <span class='ocrx_word' id='word_1_60' title='bbox 1179 751 1335 802; x_wconf 87' lang='lat' dir='ltr'>quanto</span> <span class='ocrx_word' id='word_1_61' title='bbox 1380 747 1438 787; x_wconf 92' lang='lat' dir='ltr'>illi</span> <span class='ocrx_word' id='word_1_62' title='bbox 1483 746 1674 789; x_wconf 87' lang='lat' dir='ltr'>eiusdem</span> 
     </span>
     <span class='ocr_line' id='line_1_15' title="bbox 226 803 1673 859; baseline 0.001 -14"><span class='ocrx_word' id='word_1_63' title='bbox 226 803 382 845; x_wconf 89' lang='lat' dir='ltr'>sororis</span> <span class='ocrx_word' id='word_1_64' title='bbox 424 817 499 845; x_wconf 91' lang='lat' dir='ltr'>sue</span> <span class='ocrx_word' id='word_1_65' title='bbox 549 803 866 845; x_wconf 81' lang='lat' dir='ltr'>matrimonium</span> <span class='ocrx_word' id='word_1_66' title='bbox 917 804 1132 846; x_wconf 77' lang='lat' dir='ltr'>liberalius</span> <span class='ocrx_word' id='word_1_67' title='bbox 1180 805 1380 859; x_wconf 76' lang='lat' dir='ltr'>permisit.</span> <span class='ocrx_word' id='word_1_68' title='bbox 1447 804 1555 846; x_wconf 86' lang='lat' dir='ltr'>I&#39;ost</span> <span class='ocrx_word' id='word_1_69' title='bbox 1597 805 1673 846; x_wconf 89' lang='lat' dir='ltr'>hec</span> 
     </span>
     <span class='ocr_line' id='line_1_16' title="bbox 227 861 1673 918; baseline 0.001 -16"><span class='ocrx_word' id='word_1_70' title='bbox 227 861 455 914; x_wconf 89' lang='lat' dir='ltr'>Haraldus,</span> <span class='ocrx_word' id='word_1_71' title='bbox 489 862 615 904; x_wconf 86' lang='lat' dir='ltr'>armis</span> <span class='ocrx_word' id='word_1_72' title='bbox 650 861 818 903; x_wconf 83' lang='lat' dir='ltr'>Selauia</span> <span class='ocrx_word' id='word_1_73' title='bbox 848 863 1020 917; x_wconf 86' lang='lat' dir='ltr'>petitus,</span> <span class='ocrx_word' id='word_1_74' title='bbox 1067 863 1179 918; x_wconf 87' lang='lat' dir='ltr'>apud</span> <span class='ocrx_word' id='word_1_75' title='bbox 1228 862 1425 915; x_wconf 90' lang='lat' dir='ltr'>Iulinum,</span> <span class='ocrx_word' id='word_1_76' title='bbox 1466 863 1673 905; x_wconf 88' lang='lat' dir='ltr'>nobilissi-</span> 
     </span>
     <span class='ocr_line' id='line_1_17' title="bbox 226 920 1673 976; baseline 0.001 -15"><span class='ocrx_word' id='word_1_77' title='bbox 226 934 341 961; x_wconf 87' lang='lat' dir='ltr'>mum</span> <span class='ocrx_word' id='word_1_78' title='bbox 372 920 484 961; x_wconf 91' lang='lat' dir='ltr'>illius</span> <span class='ocrx_word' id='word_1_79' title='bbox 517 920 732 975; x_wconf 87' lang='lat' dir='ltr'>prouincie</span> <span class='ocrx_word' id='word_1_80' title='bbox 776 921 991 975; x_wconf 84' lang='lat' dir='ltr'>oppidum,</span> <span class='ocrx_word' id='word_1_81' title='bbox 1044 920 1293 962; x_wconf 84' lang='lat' dir='ltr'>Sturbierne</span> <span class='ocrx_word' id='word_1_82' title='bbox 1337 920 1456 974; x_wconf 87' lang='lat' dir='ltr'>duee,</span> <span class='ocrx_word' id='word_1_83' title='bbox 1506 935 1673 976; x_wconf 89' lang='lat' dir='ltr'>compe-</span> 
     </span>
     <span class='ocr_line' id='line_1_18' title="bbox 226 978 1672 1033; baseline 0 -14"><span class='ocrx_word' id='word_1_84' title='bbox 226 979 365 1020; x_wconf 84' lang='lat' dir='ltr'>tencia</span> <span class='ocrx_word' id='word_1_85' title='bbox 431 978 610 1019; x_wconf 88' lang='lat' dir='ltr'>militum</span> <span class='ocrx_word' id='word_1_86' title='bbox 672 978 856 1033; x_wconf 86' lang='lat' dir='ltr'>presidia</span> <span class='ocrx_word' id='word_1_87' title='bbox 918 979 1155 1021; x_wconf 84' lang='lat' dir='ltr'>collocauit.</span> <span class='ocrx_word' id='word_1_88' title='bbox 1234 978 1424 1026; x_wconf 82' lang='lat' dir='ltr'>Quorum</span> <span class='ocrx_word' id='word_1_89' title='bbox 1484 979 1672 1033; x_wconf 88' lang='lat' dir='ltr'>piratica,</span> 
     </span>
     <span class='ocr_line' id='line_1_19' title="bbox 226 1037 1670 1092; baseline -0.001 -14"><span class='ocrx_word' id='word_1_90' title='bbox 226 1037 397 1091; x_wconf 86' lang='lat' dir='ltr'>egregie</span> <span class='ocrx_word' id='word_1_91' title='bbox 450 1037 684 1078; x_wconf 85' lang='lat' dir='ltr'>animorum</span> <span class='ocrx_word' id='word_1_92' title='bbox 728 1037 882 1077; x_wconf 81' lang='lat' dir='ltr'>robore</span> <span class='ocrx_word' id='word_1_93' title='bbox 916 1037 1129 1078; x_wconf 87' lang='lat' dir='ltr'>celebrata</span> <span class='ocrx_word' id='word_1_94' title='bbox 1160 1051 1209 1078; x_wconf 90' lang='lat' dir='ltr'>ac</span> <span class='ocrx_word' id='word_1_95' title='bbox 1250 1037 1436 1078; x_wconf 89' lang='lat' dir='ltr'>finitimis</span> <span class='ocrx_word' id='word_1_96' title='bbox 1468 1037 1670 1092; x_wconf 87' lang='lat' dir='ltr'>paulatim</span> 
     </span>
     <span class='ocr_line' id='line_1_20' title="bbox 226 1094 1672 1150; baseline 0 -14"><span class='ocrx_word' id='word_1_97' title='bbox 226 1094 411 1150; x_wconf 84' lang='lat' dir='ltr'>tropheis</span> <span class='ocrx_word' id='word_1_98' title='bbox 445 1095 559 1146; x_wconf 76' lang='lat' dir='ltr'>alita,</span> <span class='ocrx_word' id='word_1_99' title='bbox 592 1109 642 1137; x_wconf 88' lang='lat' dir='ltr'>eo</span> <span class='ocrx_word' id='word_1_100' title='bbox 677 1094 843 1140; x_wconf 86' lang='lat' dir='ltr'>demum</span> <span class='ocrx_word' id='word_1_101' title='bbox 877 1094 1108 1137; x_wconf 82' lang='lat' dir='ltr'>ferocitatis</span> <span class='ocrx_word' id='word_1_102' title='bbox 1142 1095 1337 1142; x_wconf 77' lang='lat' dir='ltr'>excessit,</span> <span class='ocrx_word' id='word_1_103' title='bbox 1383 1098 1431 1135; x_wconf 92' lang='lat' dir='ltr'>ut</span> <span class='ocrx_word' id='word_1_104' title='bbox 1462 1095 1672 1136; x_wconf 85' lang='lat' dir='ltr'>continuis</span> 
     </span>
     <span class='ocr_line' id='line_1_21' title="bbox 226 1152 1673 1208; baseline 0.001 -15"><span class='ocrx_word' id='word_1_105' title='bbox 226 1158 451 1194; x_wconf 82' lang='lat' dir='ltr'>nautarum</span> <span class='ocrx_word' id='word_1_106' title='bbox 483 1153 673 1195; x_wconf 82' lang='lat' dir='ltr'>cladibus</span> <span class='ocrx_word' id='word_1_107' title='bbox 705 1153 1084 1208; x_wconf 82' lang='lat' dir='ltr'>septentrionalem</span> <span class='ocrx_word' id='word_1_108' title='bbox 1107 1154 1292 1208; x_wconf 81' lang='lat' dir='ltr'>repleret</span> <span class='ocrx_word' id='word_1_109' title='bbox 1316 1152 1546 1195; x_wconf 81' lang='lat' dir='ltr'>Oceanum.</span> <span class='ocrx_word' id='word_1_110' title='bbox 1609 1152 1673 1194; x_wconf 85' lang='lat' dir='ltr'>Ea</span> 
     </span>
     <span class='ocr_line' id='line_1_22' title="bbox 223 1211 1672 1267; baseline -0.001 -15"><span class='ocrx_word' id='word_1_111' title='bbox 223 1226 290 1252; x_wconf 89' lang='lat' dir='ltr'>res</span> <span class='ocrx_word' id='word_1_112' title='bbox 322 1212 416 1266; x_wconf 89' lang='lat' dir='ltr'>plus</span> <span class='ocrx_word' id='word_1_113' title='bbox 449 1211 614 1253; x_wconf 86' lang='lat' dir='ltr'>Danico</span> <span class='ocrx_word' id='word_1_114' title='bbox 647 1211 825 1265; x_wconf 88' lang='lat' dir='ltr'>imperio</span> <span class='ocrx_word' id='word_1_115' title='bbox 873 1226 1000 1267; x_wconf 89' lang='lat' dir='ltr'>quam</span> <span class='ocrx_word' id='word_1_116' title='bbox 1043 1213 1176 1252; x_wconf 89' lang='lat' dir='ltr'>ullum</span> <span class='ocrx_word' id='word_1_117' title='bbox 1218 1214 1385 1252; x_wconf 81' lang='lat' dir='ltr'>terrene</span> <span class='ocrx_word' id='word_1_118' title='bbox 1417 1211 1570 1252; x_wconf 90' lang='lat' dir='ltr'>milicie</span> <span class='ocrx_word' id='word_1_119' title='bbox 1602 1225 1672 1252; x_wconf 91' lang='lat' dir='ltr'>ne-</span> 
     </span>
     <span class='ocr_line' id='line_1_23' title="bbox 223 1268 1671 1326; baseline -0.001 -15"><span class='ocrx_word' id='word_1_120' title='bbox 223 1269 393 1324; x_wconf 86' lang='lat' dir='ltr'>gocium</span> <span class='ocrx_word' id='word_1_121' title='bbox 425 1269 580 1311; x_wconf 87' lang='lat' dir='ltr'>attulit.</span> <span class='ocrx_word' id='word_1_122' title='bbox 642 1269 760 1310; x_wconf 86' lang='lat' dir='ltr'>Inter</span> <span class='ocrx_word' id='word_1_123' title='bbox 798 1283 903 1324; x_wconf 90' lang='lat' dir='ltr'>quos</span> <span class='ocrx_word' id='word_1_124' title='bbox 934 1270 1053 1310; x_wconf 87' lang='lat' dir='ltr'>fuere</span> <span class='ocrx_word' id='word_1_125' title='bbox 1083 1270 1164 1319; x_wconf 86' lang='lat' dir='ltr'>Be,</span> <span class='ocrx_word' id='word_1_126' title='bbox 1187 1269 1286 1319; x_wconf 78' lang='lat' dir='ltr'>Vlff,</span> <span class='ocrx_word' id='word_1_127' title='bbox 1319 1268 1577 1321; x_wconf 86' lang='lat' dir='ltr'>Karlshefni,</span> <span class='ocrx_word' id='word_1_128' title='bbox 1610 1269 1671 1326; x_wconf 78' lang='lat' dir='ltr'>Si-</span> 
     </span>
     <span class='ocr_line' id='line_1_24' title="bbox 224 1327 1672 1383; baseline -0.001 -15"><span class='ocrx_word' id='word_1_129' title='bbox 224 1327 390 1380; x_wconf 78' lang='lat' dir='ltr'>ualdus,</span> <span class='ocrx_word' id='word_1_130' title='bbox 423 1328 575 1382; x_wconf 88' lang='lat' dir='ltr'>aliique</span> <span class='ocrx_word' id='word_1_131' title='bbox 597 1327 848 1382; x_wconf 79' lang='lat' dir='ltr'>complures,</span> <span class='ocrx_word' id='word_1_132' title='bbox 880 1341 1056 1382; x_wconf 90' lang='lat' dir='ltr'>quorum</span> <span class='ocrx_word' id='word_1_133' title='bbox 1079 1328 1288 1383; x_wconf 83' lang='lat' dir='ltr'>prolixam</span> <span class='ocrx_word' id='word_1_134' title='bbox 1312 1328 1672 1380; x_wconf 85' lang='lat' dir='ltr'>enunciacionem,</span> 
     </span>
     <span class='ocr_line' id='line_1_25' title="bbox 224 1385 1672 1442; baseline -0.001 -15"><span class='ocrx_word' id='word_1_135' title='bbox 224 1386 340 1427; x_wconf 88' lang='lat' dir='ltr'>tedio</span> <span class='ocrx_word' id='word_1_136' title='bbox 373 1400 499 1441; x_wconf 89' lang='lat' dir='ltr'>quam</span> <span class='ocrx_word' id='word_1_137' title='bbox 532 1386 743 1441; x_wconf 83' lang='lat' dir='ltr'>uoluptati</span> <span class='ocrx_word' id='word_1_138' title='bbox 774 1386 1135 1442; x_wconf 81' lang='lat' dir='ltr'>propinquiorem,</span> <span class='ocrx_word' id='word_1_139' title='bbox 1168 1386 1263 1427; x_wconf 85' lang='lat' dir='ltr'>stilo</span> <span class='ocrx_word' id='word_1_140' title='bbox 1296 1385 1496 1440; x_wconf 77' lang='lat' dir='ltr'>prosequi</span> <span class='ocrx_word' id='word_1_141' title='bbox 1526 1398 1672 1440; x_wconf 88' lang='lat' dir='ltr'>super-</span> 
     </span>
     <span class='ocr_line' id='line_1_26' title="bbox 224 1440 1668 1498; baseline -0.001 -13"><span class='ocrx_word' id='word_1_142' title='bbox 224 1443 368 1486; x_wconf 83' lang='lat' dir='ltr'>sedeo.</span> <span class='ocrx_word' id='word_1_143' title='bbox 432 1443 550 1486; x_wconf 88' lang='lat' dir='ltr'>Inter</span> <span class='ocrx_word' id='word_1_144' title='bbox 582 1444 660 1486; x_wconf 91' lang='lat' dir='ltr'>hec</span> <span class='ocrx_word' id='word_1_145' title='bbox 695 1444 988 1497; x_wconf 84' lang='lat' dir='ltr'>Sturbiornus,</span> <span class='ocrx_word' id='word_1_146' title='bbox 1021 1444 1194 1486; x_wconf 82' lang='lat' dir='ltr'>ulcionis</span> <span class='ocrx_word' id='word_1_147' title='bbox 1227 1443 1375 1484; x_wconf 88' lang='lat' dir='ltr'>aculeo</span> <span class='ocrx_word' id='word_1_148' title='bbox 1408 1440 1668 1498; x_wconf 72' lang='lat' dir='ltr'>lalcessente,</span> 
     </span>
     <span class='ocr_line' id='line_1_27' title="bbox 223 1500 1670 1557; baseline -0.003 -13"><span class='ocrx_word' id='word_1_149' title='bbox 223 1508 446 1557; x_wconf 83' lang='lat' dir='ltr'>acceptam</span> <span class='ocrx_word' id='word_1_150' title='bbox 494 1503 687 1543; x_wconf 89' lang='lat' dir='ltr'>iniuriam</span> <span class='ocrx_word' id='word_1_151' title='bbox 739 1516 920 1557; x_wconf 88' lang='lat' dir='ltr'>pensare</span> <span class='ocrx_word' id='word_1_152' title='bbox 967 1502 1165 1557; x_wconf 89' lang='lat' dir='ltr'>cupiens,</span> <span class='ocrx_word' id='word_1_153' title='bbox 1209 1500 1401 1552; x_wconf 79' lang='lat' dir='ltr'>Haraldo</span> <span class='ocrx_word' id='word_1_154' title='bbox 1452 1502 1491 1542; x_wconf 91' lang='lat' dir='ltr'>in</span> <span class='ocrx_word' id='word_1_155' title='bbox 1547 1515 1670 1555; x_wconf 88' lang='lat' dir='ltr'>opem</span> 
     </span>
     <span class='ocr_line' id='line_1_28' title="bbox 223 1559 1670 1614; baseline -0.001 -12"><span class='ocrx_word' id='word_1_156' title='bbox 223 1561 371 1614; x_wconf 87' lang='lat' dir='ltr'>accito,</span> <span class='ocrx_word' id='word_1_157' title='bbox 404 1565 636 1602; x_wconf 84' lang='lat' dir='ltr'>memorem</span> <span class='ocrx_word' id='word_1_158' title='bbox 680 1560 931 1602; x_wconf 88' lang='lat' dir='ltr'>damnorum</span> <span class='ocrx_word' id='word_1_159' title='bbox 970 1560 1074 1601; x_wconf 88' lang='lat' dir='ltr'>iram</span> <span class='ocrx_word' id='word_1_160' title='bbox 1107 1559 1313 1601; x_wconf 88' lang='lat' dir='ltr'>aduersus</span> <span class='ocrx_word' id='word_1_161' title='bbox 1347 1559 1525 1600; x_wconf 86' lang='lat' dir='ltr'>inuisam</span> <span class='ocrx_word' id='word_1_162' title='bbox 1555 1559 1670 1600; x_wconf 84' lang='lat' dir='ltr'>Erici</span> 
     </span>
     <span class='ocr_line' id='line_1_29' title="bbox 225 1616 1670 1673; baseline 0 -16"><span class='ocrx_word' id='word_1_163' title='bbox 225 1619 562 1671; x_wconf 72' lang='lat' dir='ltr'>dominacionem</span> <span class='ocrx_word' id='word_1_164' title='bbox 623 1618 863 1660; x_wconf 76' lang='lat' dir='ltr'>destrinxit.</span> <span class='ocrx_word' id='word_1_165' title='bbox 941 1618 1071 1660; x_wconf 83' lang='lat' dir='ltr'>Cuius</span> <span class='ocrx_word' id='word_1_166' title='bbox 1131 1618 1191 1658; x_wconf 87' lang='lat' dir='ltr'>rei</span> <span class='ocrx_word' id='word_1_167' title='bbox 1250 1616 1392 1673; x_wconf 83' lang='lat' dir='ltr'>gracia</span> <span class='ocrx_word' id='word_1_168' title='bbox 1452 1616 1670 1658; x_wconf 89' lang='lat' dir='ltr'>Haraldus</span> 
     </span>
     <span class='ocr_line' id='line_1_30' title="bbox 225 1675 1669 1733; baseline -0.002 -15"><span class='ocrx_word' id='word_1_169' title='bbox 225 1677 498 1718; x_wconf 85' lang='lat' dir='ltr'>Hallandiam</span> <span class='ocrx_word' id='word_1_170' title='bbox 541 1677 838 1733; x_wconf 79' lang='lat' dir='ltr'>proficiscens,</span> <span class='ocrx_word' id='word_1_171' title='bbox 885 1676 1119 1718; x_wconf 79' lang='lat' dir='ltr'>Teutonico</span> <span class='ocrx_word' id='word_1_172' title='bbox 1164 1675 1413 1730; x_wconf 87' lang='lat' dir='ltr'>irrupcionis</span> <span class='ocrx_word' id='word_1_173' title='bbox 1454 1675 1669 1728; x_wconf 84' lang='lat' dir='ltr'>nuncium,</span> 
     </span>
    </p>
   </div>
   <div class='ocr_carea' id='block_1_8' title="bbox 154 1732 1669 1790">
    <p class='ocr_par' dir='ltr' id='par_1_9' title="bbox 154 1732 1669 1790">
     <span class='ocr_line' id='line_1_31' title="bbox 154 1732 1669 1790; baseline -0.001 -14"><span class='ocrx_word' id='word_1_174' title='bbox 154 1760 169 1767; x_wconf 81' lang='lat'>-</span> <span class='ocrx_word' id='word_1_175' title='bbox 222 1749 302 1790; x_wconf 89' lang='lat' dir='ltr'>que</span> <span class='ocrx_word' id='word_1_176' title='bbox 349 1750 374 1776; x_wconf 92' lang='lat' dir='ltr'>a</span> <span class='ocrx_word' id='word_1_177' title='bbox 419 1735 573 1777; x_wconf 80' lang='lat' dir='ltr'>Cesare</span> <span class='ocrx_word' id='word_1_178' title='bbox 617 1735 788 1776; x_wconf 87' lang='lat' dir='ltr'>Othone</span> <span class='ocrx_word' id='word_1_179' title='bbox 835 1735 1074 1788; x_wconf 81' lang='lat' dir='ltr'>gerebatur,</span> <span class='ocrx_word' id='word_1_180' title='bbox 1118 1734 1293 1788; x_wconf 86' lang='lat' dir='ltr'>accepit.</span> <span class='ocrx_word' id='word_1_181' title='bbox 1357 1732 1492 1786; x_wconf 76' lang='lat' dir='ltr'>Igitur</span> <span class='ocrx_word' id='word_1_182' title='bbox 1532 1733 1669 1774; x_wconf 86' lang='lat' dir='ltr'>aliene</span> 
     </span>
    </p>
   </div>
   <div class='ocr_carea' id='block_1_9' title="bbox 222 1790 1670 2603">
    <p class='ocr_par' dir='ltr' id='par_1_10' title="bbox 222 1790 1670 2603">
     <span class='ocr_line' id='line_1_32' title="bbox 222 1790 1669 1848; baseline -0.001 -14"><span class='ocrx_word' id='word_1_183' title='bbox 222 1794 281 1834; x_wconf 90' lang='lat' dir='ltr'>rei</span> <span class='ocrx_word' id='word_1_184' title='bbox 322 1793 636 1848; x_wconf 88' lang='lat' dir='ltr'>impeticionem</span> <span class='ocrx_word' id='word_1_185' title='bbox 685 1807 809 1848; x_wconf 88' lang='lat' dir='ltr'>quam</span> <span class='ocrx_word' id='word_1_186' title='bbox 850 1793 1021 1848; x_wconf 87' lang='lat' dir='ltr'>proprie</span> <span class='ocrx_word' id='word_1_187' title='bbox 1066 1791 1353 1834; x_wconf 82' lang='lat' dir='ltr'>defensionem</span> <span class='ocrx_word' id='word_1_188' title='bbox 1402 1790 1669 1845; x_wconf 87' lang='lat' dir='ltr'>languidiore</span> 
     </span>
     <span class='ocr_line' id='line_1_33' title="bbox 222 1849 1669 1907; baseline -0.002 -15"><span class='ocrx_word' id='word_1_189' title='bbox 222 1851 361 1893; x_wconf 88' lang='lat' dir='ltr'>studio</span> <span class='ocrx_word' id='word_1_190' title='bbox 385 1856 648 1907; x_wconf 89' lang='lat' dir='ltr'>prosecutus,</span> <span class='ocrx_word' id='word_1_191' title='bbox 675 1857 849 1892; x_wconf 85' lang='lat' dir='ltr'>externe</span> <span class='ocrx_word' id='word_1_192' title='bbox 872 1864 1014 1906; x_wconf 86' lang='lat' dir='ltr'>pugne</span> <span class='ocrx_word' id='word_1_193' title='bbox 1035 1850 1251 1906; x_wconf 88' lang='lat' dir='ltr'>proposito</span> <span class='ocrx_word' id='word_1_194' title='bbox 1276 1849 1507 1890; x_wconf 84' lang='lat' dir='ltr'>domestice</span> <span class='ocrx_word' id='word_1_195' title='bbox 1526 1861 1669 1889; x_wconf 88' lang='lat' dir='ltr'>curam</span> 
     </span>
     <span class='ocr_line' id='line_1_34' title="bbox 223 1906 1669 1965; baseline -0.003 -14"><span class='ocrx_word' id='word_1_196' title='bbox 223 1911 480 1965; x_wconf 77' lang='lat' dir='ltr'>anteposuit,</span> <span class='ocrx_word' id='word_1_197' title='bbox 513 1911 758 1964; x_wconf 87' lang='lat' dir='ltr'>reflexeque</span> <span class='ocrx_word' id='word_1_198' title='bbox 788 1909 830 1950; x_wconf 93' lang='lat' dir='ltr'>in</span> <span class='ocrx_word' id='word_1_199' title='bbox 862 1909 1017 1950; x_wconf 81' lang='lat' dir='ltr'>lutiam</span> <span class='ocrx_word' id='word_1_200' title='bbox 1049 1923 1189 1957; x_wconf 77' lang='lat' dir='ltr'>cursu,</span> <span class='ocrx_word' id='word_1_201' title='bbox 1222 1907 1274 1948; x_wconf 89' lang='lat' dir='ltr'>ad</span> <span class='ocrx_word' id='word_1_202' title='bbox 1309 1921 1434 1962; x_wconf 91' lang='lat' dir='ltr'>opem</span> <span class='ocrx_word' id='word_1_203' title='bbox 1456 1906 1669 1962; x_wconf 87' lang='lat' dir='ltr'>oppressis</span> 
     </span>
     <span class='ocr_line' id='line_1_35' title="bbox 223 1965 1669 2023; baseline -0.003 -15"><span class='ocrx_word' id='word_1_204' title='bbox 223 1967 444 2010; x_wconf 87' lang='lat' dir='ltr'>ferendam</span> <span class='ocrx_word' id='word_1_205' title='bbox 478 1968 671 2023; x_wconf 89' lang='lat' dir='ltr'>precipiti</span> <span class='ocrx_word' id='word_1_206' title='bbox 705 1968 923 2009; x_wconf 86' lang='lat' dir='ltr'>celeritate</span> <span class='ocrx_word' id='word_1_207' title='bbox 957 1966 1188 2008; x_wconf 87' lang='lat' dir='ltr'>contendit.</span> <span class='ocrx_word' id='word_1_208' title='bbox 1251 1965 1335 2007; x_wconf 81' lang='lat' dir='ltr'>Sed</span> <span class='ocrx_word' id='word_1_209' title='bbox 1383 1979 1433 2007; x_wconf 90' lang='lat' dir='ltr'>eo</span> <span class='ocrx_word' id='word_1_210' title='bbox 1470 1977 1669 2020; x_wconf 90' lang='lat' dir='ltr'>superue-</span> 
     </span>
     <span class='ocr_line' id='line_1_36' title="bbox 223 2023 1668 2080; baseline -0.002 -13"><span class='ocrx_word' id='word_1_211' title='bbox 223 2027 382 2079; x_wconf 81' lang='lat' dir='ltr'>niente,</span> <span class='ocrx_word' id='word_1_212' title='bbox 428 2026 579 2080; x_wconf 85' lang='lat' dir='ltr'>Cesar,</span> <span class='ocrx_word' id='word_1_213' title='bbox 612 2025 792 2079; x_wconf 84' lang='lat' dir='ltr'>Iutiam,</span> <span class='ocrx_word' id='word_1_214' title='bbox 825 2029 973 2080; x_wconf 90' lang='lat' dir='ltr'>utpote</span> <span class='ocrx_word' id='word_1_215' title='bbox 1004 2025 1121 2079; x_wconf 86' lang='lat' dir='ltr'>regio</span> <span class='ocrx_word' id='word_1_216' title='bbox 1155 2023 1286 2065; x_wconf 81' lang='lat' dir='ltr'>ductu</span> <span class='ocrx_word' id='word_1_217' title='bbox 1318 2037 1509 2073; x_wconf 89' lang='lat' dir='ltr'>uacuam,</span> <span class='ocrx_word' id='word_1_218' title='bbox 1551 2023 1668 2064; x_wconf 90' lang='lat' dir='ltr'>nullo</span> 
     </span>
     <span class='ocr_line' id='line_1_37' title="bbox 223 2082 1670 2139; baseline -0.003 -14"><span class='ocrx_word' id='word_1_219' title='bbox 223 2085 443 2126; x_wconf 88' lang='lat' dir='ltr'>resistente</span> <span class='ocrx_word' id='word_1_220' title='bbox 504 2098 775 2138; x_wconf 86' lang='lat' dir='ltr'>permensus,</span> <span class='ocrx_word' id='word_1_221' title='bbox 827 2098 921 2125; x_wconf 89' lang='lat' dir='ltr'>cum</span> <span class='ocrx_word' id='word_1_222' title='bbox 964 2083 1124 2139; x_wconf 85' lang='lat' dir='ltr'>Lymici</span> <span class='ocrx_word' id='word_1_223' title='bbox 1169 2083 1284 2123; x_wconf 89' lang='lat' dir='ltr'>sinus</span> <span class='ocrx_word' id='word_1_224' title='bbox 1326 2082 1518 2133; x_wconf 88' lang='lat' dir='ltr'>obiectu,</span> <span class='ocrx_word' id='word_1_225' title='bbox 1569 2085 1670 2122; x_wconf 89' lang='lat' dir='ltr'>tunc</span> 
     </span>
     <span class='ocr_line' id='line_1_38' title="bbox 224 2140 1668 2198; baseline -0.002 -15"><span class='ocrx_word' id='word_1_226' title='bbox 224 2143 426 2198; x_wconf 85' lang='lat' dir='ltr'>temporis</span> <span class='ocrx_word' id='word_1_227' title='bbox 465 2141 731 2184; x_wconf 71' lang='lat' dir='ltr'>&#39;Wendalam</span> <span class='ocrx_word' id='word_1_228' title='bbox 775 2142 894 2196; x_wconf 89' lang='lat' dir='ltr'>aquis</span> <span class='ocrx_word' id='word_1_229' title='bbox 937 2140 1184 2192; x_wconf 90' lang='lat' dir='ltr'>claudentis,</span> <span class='ocrx_word' id='word_1_230' title='bbox 1226 2140 1401 2181; x_wconf 86' lang='lat' dir='ltr'>ulterius</span> <span class='ocrx_word' id='word_1_231' title='bbox 1444 2152 1668 2180; x_wconf 86' lang='lat' dir='ltr'>excurrere</span> 
     </span>
     <span class='ocr_line' id='line_1_39' title="bbox 225 2196 1669 2254; baseline -0.003 -13"><span class='ocrx_word' id='word_1_232' title='bbox 225 2205 467 2254; x_wconf 88' lang='lat' dir='ltr'>uetaretur,</span> <span class='ocrx_word' id='word_1_233' title='bbox 514 2201 706 2242; x_wconf 88' lang='lat' dir='ltr'>coniecta</span> <span class='ocrx_word' id='word_1_234' title='bbox 752 2200 793 2240; x_wconf 93' lang='lat' dir='ltr'>in</span> <span class='ocrx_word' id='word_1_235' title='bbox 839 2199 975 2240; x_wconf 87' lang='lat' dir='ltr'>undas</span> <span class='ocrx_word' id='word_1_236' title='bbox 1006 2199 1179 2251; x_wconf 90' lang='lat' dir='ltr'>lancea,</span> <span class='ocrx_word' id='word_1_237' title='bbox 1219 2211 1304 2239; x_wconf 90' lang='lat' dir='ltr'>non</span> <span class='ocrx_word' id='word_1_238' title='bbox 1338 2198 1475 2238; x_wconf 89' lang='lat' dir='ltr'>solum</span> <span class='ocrx_word' id='word_1_239' title='bbox 1507 2197 1586 2238; x_wconf 88' lang='lat' dir='ltr'>iter</span> <span class='ocrx_word' id='word_1_240' title='bbox 1617 2196 1669 2237; x_wconf 86' lang='lat' dir='ltr'>ad</span> 
     </span>
     <span class='ocr_line' id='line_1_40' title="bbox 224 2254 1668 2314; baseline -0.004 -14"><span class='ocrx_word' id='word_1_241' title='bbox 224 2258 441 2314; x_wconf 84' lang='lat' dir='ltr'>Eydoram</span> <span class='ocrx_word' id='word_1_242' title='bbox 465 2258 645 2312; x_wconf 83' lang='lat' dir='ltr'>reflexit,</span> <span class='ocrx_word' id='word_1_243' title='bbox 668 2272 817 2300; x_wconf 90' lang='lat' dir='ltr'>uerum</span> <span class='ocrx_word' id='word_1_244' title='bbox 839 2262 881 2299; x_wconf 92' lang='lat' dir='ltr'>et</span> <span class='ocrx_word' id='word_1_245' title='bbox 903 2257 1161 2299; x_wconf 88' lang='lat' dir='ltr'>simillimum</span> <span class='ocrx_word' id='word_1_246' title='bbox 1183 2255 1283 2309; x_wconf 88' lang='lat' dir='ltr'>fuge</span> <span class='ocrx_word' id='word_1_247' title='bbox 1307 2254 1486 2295; x_wconf 86' lang='lat' dir='ltr'>reditum</span> <span class='ocrx_word' id='word_1_248' title='bbox 1509 2254 1668 2295; x_wconf 88' lang='lat' dir='ltr'>habuit.</span> 
     </span>
     <span class='ocr_line' id='line_1_41' title="bbox 227 2313 1669 2371; baseline -0.003 -13"><span class='ocrx_word' id='word_1_249' title='bbox 227 2316 444 2371; x_wconf 83' lang='lat' dir='ltr'>Siquidem</span> <span class='ocrx_word' id='word_1_250' title='bbox 468 2316 645 2363; x_wconf 79' lang='lat' dir='ltr'>hastam,</span> <span class='ocrx_word' id='word_1_251' title='bbox 683 2316 800 2358; x_wconf 87' lang='lat' dir='ltr'>cuius</span> <span class='ocrx_word' id='word_1_252' title='bbox 822 2330 942 2357; x_wconf 86' lang='lat' dir='ltr'>usum</span> <span class='ocrx_word' id='word_1_253' title='bbox 965 2314 1162 2367; x_wconf 85' lang='lat' dir='ltr'>habebat,</span> <span class='ocrx_word' id='word_1_254' title='bbox 1196 2313 1428 2354; x_wconf 89' lang='lat' dir='ltr'>maritimos</span> <span class='ocrx_word' id='word_1_255' title='bbox 1451 2313 1491 2353; x_wconf 92' lang='lat' dir='ltr'>in</span> <span class='ocrx_word' id='word_1_256' title='bbox 1514 2313 1669 2354; x_wconf 91' lang='lat' dir='ltr'>fluctus</span> 
     </span>
     <span class='ocr_line' id='line_1_42' title="bbox 225 2370 1669 2429; baseline -0.003 -14"><span class='ocrx_word' id='word_1_257' title='bbox 225 2373 486 2429; x_wconf 86' lang='lat' dir='ltr'>relinquendi</span> <span class='ocrx_word' id='word_1_258' title='bbox 530 2374 794 2415; x_wconf 88' lang='lat' dir='ltr'>monumenti</span> <span class='ocrx_word' id='word_1_259' title='bbox 825 2374 968 2428; x_wconf 84' lang='lat' dir='ltr'>gracia</span> <span class='ocrx_word' id='word_1_260' title='bbox 998 2372 1218 2420; x_wconf 84' lang='lat' dir='ltr'>iaculatus,</span> <span class='ocrx_word' id='word_1_261' title='bbox 1250 2385 1372 2412; x_wconf 91' lang='lat' dir='ltr'>suum</span> <span class='ocrx_word' id='word_1_262' title='bbox 1404 2370 1512 2412; x_wconf 88' lang='lat' dir='ltr'>freto</span> <span class='ocrx_word' id='word_1_263' title='bbox 1546 2383 1669 2411; x_wconf 87' lang='lat' dir='ltr'>uoca-</span> 
     </span>
     <span class='ocr_line' id='line_1_43' title="bbox 227 2428 1670 2486; baseline -0.003 -13"><span class='ocrx_word' id='word_1_264' title='bbox 227 2432 372 2473; x_wconf 88' lang='lat' dir='ltr'>bulum</span> <span class='ocrx_word' id='word_1_265' title='bbox 403 2431 568 2474; x_wconf 89' lang='lat' dir='ltr'>indidit.</span> <span class='ocrx_word' id='word_1_266' title='bbox 630 2432 795 2474; x_wconf 87' lang='lat' dir='ltr'>Verum</span> <span class='ocrx_word' id='word_1_267' title='bbox 827 2436 873 2472; x_wconf 90' lang='lat' dir='ltr'>ut</span> <span class='ocrx_word' id='word_1_268' title='bbox 904 2432 1064 2486; x_wconf 87' lang='lat' dir='ltr'>impetu</span> <span class='ocrx_word' id='word_1_269' title='bbox 1096 2430 1254 2486; x_wconf 85' lang='lat' dir='ltr'>grauis,</span> <span class='ocrx_word' id='word_1_270' title='bbox 1295 2429 1354 2469; x_wconf 78' lang='lat' dir='ltr'>ita</span> <span class='ocrx_word' id='word_1_271' title='bbox 1385 2428 1503 2469; x_wconf 87' lang='lat' dir='ltr'>exitu</span> <span class='ocrx_word' id='word_1_272' title='bbox 1534 2441 1670 2469; x_wconf 89' lang='lat' dir='ltr'>uanus</span> 
     </span>
     <span class='ocr_line' id='line_1_44' title="bbox 226 2485 1665 2545; baseline -0.003 -14"><span class='ocrx_word' id='word_1_273' title='bbox 226 2490 438 2545; x_wconf 87' lang='lat' dir='ltr'>apparuit.</span> <span class='ocrx_word' id='word_1_274' title='bbox 500 2490 716 2531; x_wconf 88' lang='lat' dir='ltr'>Haraldus</span> <span class='ocrx_word' id='word_1_275' title='bbox 750 2489 921 2545; x_wconf 90' lang='lat' dir='ltr'>quippe,</span> <span class='ocrx_word' id='word_1_276' title='bbox 955 2488 1249 2529; x_wconf 88' lang='lat' dir='ltr'>ardentissimo</span> <span class='ocrx_word' id='word_1_277' title='bbox 1283 2500 1405 2527; x_wconf 86' lang='lat' dir='ltr'>eursu</span> <span class='ocrx_word' id='word_1_278' title='bbox 1434 2485 1665 2528; x_wconf 86' lang='lat' dir='ltr'>absceden—</span> 
     </span>
     <span class='ocr_line' id='line_1_45' title="bbox 225 2544 1670 2603; baseline -0.004 -13"><span class='ocrx_word' id='word_1_279' title='bbox 225 2552 288 2590; x_wconf 87' lang='lat' dir='ltr'>tes</span> <span class='ocrx_word' id='word_1_280' title='bbox 323 2548 508 2589; x_wconf 80' lang='lat' dir='ltr'>hostium</span> <span class='ocrx_word' id='word_1_281' title='bbox 550 2548 746 2603; x_wconf 87' lang='lat' dir='ltr'>reliquias</span> <span class='ocrx_word' id='word_1_282' title='bbox 788 2547 1055 2602; x_wconf 86' lang='lat' dir='ltr'>insequutus,</span> <span class='ocrx_word' id='word_1_283' title='bbox 1100 2545 1337 2601; x_wconf 87' lang='lat' dir='ltr'>Epponem,</span> <span class='ocrx_word' id='word_1_284' title='bbox 1378 2544 1559 2586; x_wconf 88' lang='lat' dir='ltr'>extremi</span> <span class='ocrx_word' id='word_1_285' title='bbox 1598 2557 1670 2598; x_wconf 84' lang='lat' dir='ltr'>ag-</span> 
     </span>
    </p>
   </div>
   <div class='ocr_carea' id='block_1_10' title="bbox 157 2600 1672 2663">
    <p class='ocr_par' dir='ltr' id='par_1_11' title="bbox 157 2600 1672 2663">
     <span class='ocr_line' id='line_1_46' title="bbox 157 2600 1672 2663; baseline -0.003 -16"><span class='ocrx_word' id='word_1_286' title='bbox 157 2605 195 2633; x_wconf 78' lang='lat'>40</span> <span class='ocrx_word' id='word_1_287' title='bbox 226 2606 348 2648; x_wconf 90' lang='lat' dir='ltr'>minis</span> <span class='ocrx_word' id='word_1_288' title='bbox 380 2605 547 2659; x_wconf 86' lang='lat' dir='ltr'>ducem,</span> <span class='ocrx_word' id='word_1_289' title='bbox 590 2620 684 2648; x_wconf 88' lang='lat' dir='ltr'>cum</span> <span class='ocrx_word' id='word_1_290' title='bbox 716 2606 778 2659; x_wconf 89' lang='lat' dir='ltr'>iis,</span> <span class='ocrx_word' id='word_1_291' title='bbox 828 2619 933 2663; x_wconf 90' lang='lat' dir='ltr'>quos</span> <span class='ocrx_word' id='word_1_292' title='bbox 966 2604 1163 2661; x_wconf 86' lang='lat' dir='ltr'>repperit,</span> <span class='ocrx_word' id='word_1_293' title='bbox 1202 2601 1439 2645; x_wconf 84' lang='lat' dir='ltr'>trucidauit.</span> <span class='ocrx_word' id='word_1_294' title='bbox 1500 2600 1672 2644; x_wconf 87' lang='lat' dir='ltr'>Interea</span> 
     </span>
    </p>
   </div>
   <div class='ocr_carea' id='block_1_11' title="bbox 1712 625 1855 717">
    <p class='ocr_par' dir='ltr' id='par_1_12' title="bbox 1712 625 1855 717">
     <span class='ocr_line' id='line_1_47' title="bbox 1733 625 1830 659; baseline -0.01 -5"><span class='ocrx_word' id='word_1_295' title='bbox 1733 634 1761 659; x_wconf 77' lang='lat' dir='ltr'>p.</span> <span class='ocrx_word' id='word_1_296' title='bbox 1779 625 1830 653; x_wconf 82' lang='grc'>480</span> 
     </span>
     <span class='ocr_line' id='line_1_48' title="bbox 1712 688 1855 717; baseline -0.014 0"><span class='ocrx_word' id='word_1_297' title='bbox 1712 688 1816 717; x_wconf 84' lang='lat' dir='ltr'>XCVI</span> <span class='ocrx_word' id='word_1_298' title='bbox 1825 689 1855 717; x_wconf 82' lang='lat' dir='ltr'>lb</span> 
     </span>
    </p>
   </div>
   <div class='ocr_carea' id='block_1_12' title="bbox 1724 1448 1820 1481">
    <p class='ocr_par' dir='ltr' id='par_1_13' title="bbox 1724 1448 1820 1481">
     <span class='ocr_line' id='line_1_49' title="bbox 1724 1448 1820 1481; baseline 0 -8"><span class='ocrx_word' id='word_1_299' title='bbox 1724 1457 1751 1481; x_wconf 85' lang='lat' dir='ltr'>p.</span> <span class='ocrx_word' id='word_1_300' title='bbox 1770 1448 1820 1473; x_wconf 71' lang='lat'>481</span> 
     </span>
    </p>
   </div>
  </div>
 </body>
</html>
