1884 3126
295 894 331 921 10

292 1181 327 1208 15

289 1469 325 1496 20

283 1758 321 1785 25

280 2045 318 2072 30

281 2333 318 2361 35

277 2621 313 2650 40

370 244 451 284 624
901 261 949 267 —
1010 235 1148 277 XIIII
1210 258 1260 264 —-

367 373 401 412 si
434 371 599 411 ueniam
631 365 878 408 confessioni
909 363 1175 405 tribuendam
1206 367 1414 418 speraret
1446 363 1632 417 dicente
1670 365 1795 407 intre-

367 428 463 482 pide
494 433 589 467 eum
619 424 696 464 sibi
726 427 897 471 secreta,
929 435 1008 476 que
1029 421 1172 474 uellet,
1193 422 1455 462 committere
1484 422 1615 475 iubet,-
1632 423 1793 464 nullum

367 497 507 525 eorum
554 481 748 521 indicium
792 479 845 520 ad
890 492 1035 532 regem
1081 492 1134 519 ex
1179 492 1222 519 se
1262 483 1552 533 manaturum,
1592 481 1792 534 prefatus

367 541 474 581 Tum
506 539 579 579 illo
612 551 775 578 omnem
818 536 1062 576 insidialum
1093 535 1281 577 ordinem
1311 536 1550 590 patefacere
1587 538 1794 592 cupiente,

365 597 553 638 Absalon
583 594 872 635 narlacionem
903 593 1124 633 admittere
1155 591 1325 658 noluitf‘
1354 607 1407 634 ne
1429 608 1521 635 eam
1550 595 1796 636 sacerdotali

364 653 592 694 ministerio
642 650 912 692 confessionis
962 650 1052 691 loco
1097 651 1283 705 recipere
1333 651 1562 693 uideretur.
1638 652 1796 694 Suadet

363 711 523 764 itaque,
568 708 783 750 Simonem
824 712 865 748 et
895 707 1130 748 Esbernum
1171 722 1312 749 secum
1350 708 1571 762 adhibeat,
1613 723 1714 764 quos
1753 711 1805 751 in.

362 767 485 808 rebus
525 766 686 807 arcanis
725 764 916 819 tegendis
958 764 1186 806 industrios
1227 766 1341 807 sciat.
1404 766 1564 814 Quibus
1605 767 1796 809 admissis

362 825 645 878 Absalonique
688 823 786 863 data
828 822 909 863 fide
940 822 1158 876 pollicitis,
1198 823 1355 878 absque
1397 824 1485 865 eius
1525 825 1795 867 conniuencia

361 882 520 922 nullam
552 895 594 922 se
625 880 829 935 presentis
861 880 1002 920 arcani
1024 880 1284 921 mencionem
1315 884 1493 933 acturos,
1524 881 1704 936 Magnus
1734 884 1794 924 in-

363 939 560 980 sidiarum
592 938 739 979 seriem
771 951 796 978 a
826 937 1029 992 principio
1059 942 1252 979 retexere
1283 952 1414 990 orsus,
1442 941 1447 989 l
1474 953 1556 981 non
1586 940 1720 984 solum
1750 955 1793 982 se

362 1010 456 1037 curn
486 995 562 1047 his,
594 1009 769 1050 quorum
802 995 959 1035 crimen
989 995 1108 1036 testis
1140 995 1241 1049 fuga
1271 996 1525 1050 prodiderat,
1557 997 1647 1038 iure
1677 1002 1792 1039 nota-

360 1058 449 1094 tum
468 1055 656 1102 asseruit,
688 1052 760 1093 sed
782 1053 912 1093 eciam
936 1052 1151 1106 complura
1171 1053 1225 1093 ad
1247 1054 1357 1108 regis
1378 1058 1504 1109 caput
1524 1055 1794 1109 pertinencia,

360 1111 497 1152 adhuc
540 1112 627 1152 eius
668 1110 821 1154 noticie
860 1123 1009 1164 parum
1049 1110 1202 1162 indita,
1233 1112 1496 1165 apertissima
1538 1112 1794 1155 confessione

359 1169 533 1218 detexit,
564 1168 775 1209 Eskillum
807 1165 976 1220 (Asceri
1016 1167 1083 1208 hic
1113 1167 1223 1209 filius
1254 1168 1361 1221 erat)
1404 1173 1445 1210 et
1476 1168 1793 1223 Christiernum,

359 1231 478 1280 patre
510 1226 702 1267 Suenone
732 1229 891 1276 natum,
923 1224 1111 1266 eiusdem
1140 1225 1262 1280 culpe
1285 1227 1467 1267 conscios
1497 1229 1792 1281 asseuerando,

361 1283 606 1325 Christierni
627 1283 801 1323 fratrem
824 1282 1042 1334 Ascerum,
1073 1283 1139 1323 cui
1169 1283 1211 1323 in
1243 1284 1399 1338 templo
1421 1283 1636 1326 Lundensi
1656 1286 1792 1340 prima

358 1345 455 1396 post
497 1341 726 1382 antistitem
766 1340 947 1394 dignitas
986 1344 1185 1392 cesserat,
1232 1342 1537 1383 conjuracionis
1576 1343 1791 1385 consilium

358 1399 482 1440 scisse
521 1399 663 1453 pocius
705 1410 830 1451 quam
878 1397 1088 1452 probasse,
1131 1401 1319 1440 testatus.
1388 1398 1590 1441 Confecto
1629 1401 1790 1455 itinere,

356 1461 577 1511 postquam
610 1461 895 1511 opportunum
926 1455 1133 1510 colloquio
1165 1459 1330 1510 tempus
1369 1458 1571 1509 occurrit,
1602 1457 1791 1500 Absalon

354 1527 447 1554 cum
480 1513 646 1555 Sunone
678 1519 720 1555 et
749 1512 940 1554 Esberno
972 1526 1130 1566 regem,
1152 1514 1365 1569 paulisper
1386 1514 1473 1556 sine
1505 1515 1671 1556 arbitris
1702 1529 1790 1558 esse

353 1571 522 1622 iussum,
556 1570 834 1626 contemplari
865 1584 987 1611 cause
1019 1571 1180 1611 exitum
1211 1576 1366 1625 monet,
1397 1572 1440 1612 in
1461 1585 1544 1627 qua
1564 1586 1640 1614 nec
1671 1587 1790 1615 accu-

353 1629 560 1671 sacionem
595 1630 727 1670 actori
759 1629 964 1669 instruere
995 1628 1242 1683 expeditum
1273 1643 1350 1670 nec
1380 1643 1451 1671 reo
1486 1631 1791 1673 confessionem

352 1687 549 1741 amplecti
591 1691 727 1727 tutum
768 1686 956 1726 ducatur.
1001 1685 1111 1734 Qui
1155 1687 1190 1727 si
1230 1687 1495 1728 indemnatus
1534 1688 1788 1740 abscederet,

352 1745 588 1799 complures
619 1744 672 1785 ad
704 1743 991 1785 innocenciam
1013 1744 1091 1785 sibi
1116 1743 1424 1785 decernendam
1445 1745 1692 1799 adduceret,
1725 1747 1787 1788 sin

352 1802 565 1843 confessus
595 1802 721 1843 uenia
766 1805 947 1852 careret,
982 1801 1258 1856 simplicitatis
1289 1803 1483 1857 exemplo
1515 1803 1638 1858 culpe
1670 1805 1788 1845 sociis

350 1860 530 1914 tegende
562 1860 650 1901 eius
690 1860 985 1901 documentum
1026 1860 1234 1913 preberet.
1295 1859 1433 1914 Igitur
1473 1860 1787 1914 elaborandum,

351 1922 398 1958 ut
428 1921 661 1972 spontanea
692 1917 744 1958 ab
776 1930 824 1958 eo
857 1916 1060 1958 confessio
1093 1917 1186 1958 elici
1207 1923 1361 1972 posset,
1393 1931 1517 1972 quem
1548 1919 1787 1960 testimonio

350 1975 510 2030 insequi
534 1980 777 2030 promptum
798 1988 880 2015 non
912 1978 1031 2015 esset.
1091 1974 1142 2015 In
1164 1974 1271 2015 hanc
1301 1976 1555 2016 sentenciam
1587 1976 1787 2030 perducto

347 2046 448 2085 rege
480 2037 533 2084 et,
565 2046 607 2074 se
638 2046 792 2087 penam
822 2031 1070 2072 confessioni
1100 2032 1335 2086 remittere
1368 2034 1659 2086 promittente,
1693 2048 1786 2074 cum

349 2089 529 2144 Magnus
560 2096 726 2145 postera
748 2090 879 2131 diem
900 2089 1099 2130 concione
1121 2089 1174 2130 ab
1206 2104 1270 2142 eo,
1303 2090 1401 2155 quid
1432 2104 1568 2156 super
1587 2104 1786 2146 responso

349 2146 633 2201 deliberasset,
657 2149 936 2201 interrogatus
960 2146 1118 2200 fuisset,
1141 2161 1166 2188 a
1187 2147 1482 2189 coniuracionis
1512 2148 1635 2190 inicio
1656 2163 1786 2200 orsus,

347 2205 510 2259 pudore
554 2206 825 2260 posthabito,
871 2218 1037 2245 omnem
1081 2204 1329 2246 insidiarum
1380 2210 1649 2260 contextum,
1699 2221 1785 2248 non

349 2263 484 2304 solum
516 2263 710 2316 conscios,
742 2262 813 2304 sed
848 2262 980 2303 eciam
1011 2262 1104 2303 loca
1124 2276 1263 2303 rerum
1294 2276 1342 2304 ac
1364 2267 1556 2318 tempora
1586 2265 1785 2318 perstrin—

348 2320 504 2374 gendo,
536 2335 638 2362 uela
678 2320 934 2361 narracionis
965 2320 1071 2361 serie
1112 2320 1470 2375 prosequebatur,
1501 2334 1646 2374 regem
1676 2322 1784 2362 inter

347 2382 408 2418 tot
436 2379 769 2433 peruicacissime
810 2378 910 2419 aitis
952 2377 1152 2431 ambages
1194 2391 1275 2418 non
1317 2381 1430 2418 sorte
1471 2378 1679 2431 humana,
1710 2379 1783 2420 sed

346 2434 490 2477 diuina
529 2449 655 2490 opera
697 2441 913 2477 seruatum
954 2434 1189 2488 affirmans,
1229 2448 1356 2489 seque
1385 2449 1471 2476 non
1503 2435 1617 2476 aliud
1649 2437 1783 2490 magis

346 2493 511 2546 mirari,
552 2507 677 2559 quam
715 2493 828 2548 quod
865 2492 1059 2534 fraudem
1088 2496 1207 2533 tanta
1245 2492 1517 2533 familiarium
1554 2498 1644 2534 arte
1675 2507 1783 2534 com-

345 2550 525 2605 positam
554 2551 739 2606 propicie
770 2551 939 2592 fortune
971 2550 1232 2591 interuentus
1262 2550 1456 2603 eluserit,
1488 2550 1781 2606 hominemque

344 2612 405 2650 tot
435 2608 589 2650 ciuium
621 2609 725 2650 dolis
754 2608 934 2664 petitum
963 2621 1082 2649 casus
1111 2607 1362 2648 incolumem
1385 2621 1554 2649 seruare
1583 2609 1780 2663 potuerit.

1818 604 1884 633 CL]
