1884 3126
197 904 228 930 10

193 1192 226 1218 15

190 1481 226 1507 20

188 1769 227 1796 25

190 2056 227 2083 30

191 2346 227 2373 35

263 244 344 284 300
839 265 887 270 —
947 242 1014 284 IX
1073 267 1127 274 -

261 370 394 426 patrie
440 370 729 412 defensionem
771 370 936 425 ingrata
987 376 1130 414 mente
1172 371 1392 427 pensabat.
1466 372 1603 427 Igitur
1644 386 1700 414 ex

262 429 506 471 Sialandicis
549 427 718 491 quidam
749 428 911 470 Siuardi
953 429 1244 473 studiosiores
1291 444 1372 486 quo
1417 429 1697 494 synceriorem

264 487 428 528 absenti
445 485 570 527 fidem
593 482 801 541 gererent,
835 486 964 527 filium
997 487 1082 527 eius
1105 487 1350 541 Regnerum
1383 487 1557 528 uixdum
1582 487 1699 528 cunis

262 549 425 586 erutum
458 544 570 598 regis
602 543 771 585 nomine
795 550 1060 596 censuerunt,
1093 559 1177 585 non
1209 545 1321 599 quod
1352 545 1490 600 ipsum
1507 545 1700 598 regimini

260 602 605 656 intempestiuum
635 601 867 653 nescirent,
901 602 973 643 sed
1007 607 1053 642 ut
1083 603 1188 643 tanti
1230 604 1418 657 pignoris
1458 602 1586 644 ductu
1627 603 1700 644 ad-

262 674 433 703 uersum
465 659 700 714 Ringonem
732 660 993 714 torpencium
1024 660 1230 701 sociorum
1257 660 1419 702 animos
1454 660 1698 702 excitarent.

262 717 450 759 Audiens
482 721 624 758 autem
655 716 818 772 Ringo,
862 717 1087 758 Siuardum
1120 718 1287 759 interim
1330 718 1382 759 ab
1423 717 1700 773 expedicione

262 790 512 830 regressum,
546 775 839 816 Sialandenses
872 789 1026 829 magna
1057 789 1183 816 manu
1214 776 1383 830 petitos,
1414 776 1455 816 ni
1487 790 1531 817 se
1571 775 1698 818 dede—

261 839 373 884 rent,
420 833 528 874 ferro
571 833 775 888 perituros
824 832 969 875 edixit.
1040 833 1097 874 At
1141 832 1389 881 Sialandici,
1433 833 1582 889 quibus
1625 837 1699 875 aut

259 891 387 933 rubor
426 897 499 932 aut
537 891 771 945 periculum
809 890 1120 945 imperabatur,
1163 890 1322 932 uiribus
1355 891 1407 932 ob
1437 891 1698 945 paucitatem

259 949 399 997 diffisi,
434 948 703 991 deliberande
747 949 807 990 rei
837 948 1024 990 inducias
1056 952 1355 1004 poposcerunt.
1429 949 1592 997 Quibus
1624 948 1699 989 im-

259 1007 456 1061 petratis,
503 1020 597 1047 cum
648 1020 726 1047 nec
774 1006 939 1047 Siuardi
985 1007 1169 1059 graciam
1216 1007 1355 1047 colere
1396 1006 1577 1047 liberum
1622 1020 1699 1048 nec

259 1065 463 1119 Ringonis
501 1064 697 1119 amplecti
741 1064 954 1106 uideretur
991 1063 1238 1116 honestum,
1281 1063 1351 1105 diu
1390 1064 1498 1104 inter
1542 1069 1700 1105 metum

258 1123 550 1179 pudoremque
590 1122 756 1163 solliciti
792 1122 1066 1162 laetabantur.
1135 1121 1230 1169 Qua
1274 1122 1314 1162 in
1356 1135 1400 1162 re
1441 1136 1492 1163 ne
1530 1122 1700 1163 senibus

259 1181 425 1236 quidem
459 1180 631 1221 consilio
664 1183 930 1234 suppetente,
963 1179 1200 1234 Regnerus,
1234 1185 1335 1220 tunc
1365 1179 1472 1221 forte
1512 1180 1701 1222 concioni

258 1252 447 1294 presens,
483 1237 641 1290 Breuis,
675 1238 819 1292 inquit,
861 1251 982 1278 arcus
1015 1236 1151 1279 subito
1183 1236 1389 1291 spiculum
1431 1237 1540 1278 iacit.
1604 1237 1697 1292 Ego

258 1310 374 1347 uer0,
406 1295 574 1336 tametsi
605 1296 751 1350 puerili
785 1309 888 1336 ausu
924 1295 1130 1336 maiorum
1160 1308 1233 1335 ora
1263 1309 1508 1349 precurrere
1541 1295 1700 1348 uidear,

258 1353 561 1404 ignoscendum
607 1354 753 1394 erratis
799 1353 1054 1407 ueniamque
1099 1354 1321 1394 immature
1369 1352 1491 1394 editis
1537 1367 1697 1408 precor.

258 1412 416 1452 Verum
455 1411 684 1465 prudencie
725 1411 922 1462 monitor,
964 1410 1133 1452 tametsi
1179 1410 1446 1464 despicabilis
1489 1410 1699 1463 uideatur,

256 1468 521 1524 respuendus
560 1483 644 1509 non
687 1473 762 1510 est.
833 1467 973 1509 Docili
1016 1469 1172 1523 quippe
1210 1468 1350 1509 animo
1382 1468 1593 1509 sorbenda
1636 1474 1698 1509 est

258 1527 423 1568 utilium
467 1526 696 1581 disciplina.
768 1525 827 1566 At
871 1526 1092 1580 quoniam.
1133 1530 1179 1567 ut
1211 1525 1450 1567 desertores
1482 1540 1532 1567 ac
1563 1530 1698 1567 trans-

257 1584 379 1639 fugas
411 1584 547 1625 notari
578 1589 714 1639 turpe,
745 1583 803 1624 ita
834 1597 961 1638 supra
994 1584 1106 1624 uires
1137 1583 1293 1625 audere
1322 1583 1593 1625 temerarium
1625 1587 1700 1635 est,

259 1647 301 1683 et
353 1642 580 1697 utrobique
629 1656 705 1697 par
757 1642 880 1696 culpa
934 1641 1109 1682 subesse
1159 1641 1444 1693 conuincitur,
1506 1642 1700 1683 simulata

258 1700 511 1741 transicione
556 1698 763 1754 petendus
807 1703 870 1740 est
915 1699 1073 1745 hostis,
1119 1699 1339 1754 idemque,
1386 1713 1480 1740 cum
1522 1700 1700 1754 primum

258 1758 436 1799 facultas
460 1757 694 1809 obueneiit,
719 1762 958 1812 opportuna
976 1756 1221 1798 desercione
1243 1756 1508 1812 linquendus.
1553 1756 1699 1798 Saoius

259 1829 359 1870 eigo
407 1815 484 1856 erit
529 1814 759 1856 aduersarii
804 1814 908 1855 iram
954 1813 1144 1869 obsequii
1176 1814 1402 1879 ‘'figmento
1437 1828 1699 1880 precurrere,

258 1888 385 1929 quam
416 1873 652 1927 negacione
684 1871 866 1914 eundem
898 1873 938 1912 in
970 1877 1132 1913 nosmet
1174 1873 1288 1926 ipsos
1320 1871 1456 1913 acrius
1490 1872 1698 1913 incessen-

259 1931 334 1972 dos
367 1945 543 1971 armare.
616 1930 726 1978 Quid
769 1931 879 1971 enim
919 1930 1110 1971 forcioris
1148 1930 1369 1982 imperium
1415 1929 1699 1971 detrectantes

258 1989 444 2043 agimus,
474 1989 552 2029 nisi
582 1987 693 2043 quod
725 1987 804 2042 ipsi
844 1989 886 2029 in
918 1987 1108 2042 iugulum
1151 1984 1351 2042 nolstrum
1394 2000 1510 2027 arma
1547 1992 1698 2042 sponte

256 2044 527 2102 prestamus?
560 2046 672 2099 Sepe
703 2045 1030 2086 inuolucioribus
1062 2043 1210 2087 studiis
1254 2044 1542 2086 efficacissima
1582 2044 1696 2086 fraus

258 2105 394 2145 alitur.
455 2105 563 2145 Astu
595 2102 888 2158 illa*queanda
921 2107 983 2144 est
1013 2103 1178 2157 uulpes.
1234 2102 1363 2144 Cuius
1395 2102 1556 2143 consilii
1586 2102 1695 2144 salu-

260 2163 411 2203 britate
454 2166 496 2202 et
539 2161 839 2202 fluctuancium
881 2161 1036 2202 ciuium
1069 2160 1383 2202 cunctacionem
1427 2159 1622 2202 discussit
1657 2163 1697 2201 et

260 2219 483 2262 hostilibus
516 2220 663 2261 castris
693 2219 867 2260 noxium
908 2219 1037 2259 robur
1079 2217 1244 2260 adiecit.
1317 2217 1474 2259 Concio
1516 2231 1696 2283 quoque,

259 2277 439 2319 infancie
461 2278 550 2318 eius
582 2290 666 2318 non
698 2276 937 2318 facundiam
959 2276 1094 2317 minus
1126 2289 1249 2330 quam
1280 2275 1495 2329 ingenium
1528 2275 1695 2328 mirans,

258 2335 428 2390 egregie
478 2334 631 2376 indolis
684 2334 899 2376 decretum
955 2333 1101 2375 habitu
1153 2346 1357 2374 annorum
1414 2333 1696 2374 excellencius

261 2408 340 2448 cup
343 2392 411 2434 ide
445 2392 688 2447 amplexata
730 2396 805 2433 est.
875 2391 966 2432 Nec
1005 2391 1148 2432 rubori
1191 2390 1270 2432 fuit
1310 2390 1486 2432 defectis
1527 2389 1697 2432 consilio

259 2451 430 2503 senibus
462 2449 693 2505 puerilibus
715 2449 889 2504 obsequi
923 2448 1103 2501 monitis,
1136 2461 1216 2503 que
1238 2461 1478 2503 quanquam
1503 2461 1528 2488 a
1547 2451 1695 2489 tenero

260 2500 523 2559 manassent,
564 2507 833 2561 integerrimo
868 2506 1083 2561 discipline
1116 2504 1130 2559 ΙΙ
1159 2505 1348 2560 pondere
1390 2504 1696 2547 imedundabant

261 2568 494 2619 Auctorem
526 2579 627 2607 uero
674 2564 838 2606 consilii
882 2564 1055 2606 instanti
1098 2563 1285 2618 periculo
1331 2562 1513 2605 obiicere
1558 2562 1697 2615 ueriti,

192 2637 230 2665 40
261 2623 529 2666 educacionis
569 2623 713 2678 gracia
744 2621 1004 2677 Noruagiam
1047 2620 1363 2664 transtulerunt.
1434 2619 1561 2662 Breui
1602 2623 1698 2676 post

1753 1998 1849 2031 p.4⁴1

1752 2511 1847 2546 (169)
