1884 3126
242 231 296 272 70
814 251 867 256 -—
928 226 998 269 III
1060 250 1108 256 --

238 358 403 412 copiam
433 359 568 411 parat,
602 355 837 409 complures
866 354 1003 396 forme
1035 354 1190 396 candor
1211 358 1403 409 acceptos
1424 355 1537 398 facit.
1591 354 1682 397 Nec

238 415 373 457 leuius
404 413 557 455 uulnus
587 413 734 463 fortes,
779 427 903 468 quam
944 413 1077 464 pulcri
1121 413 1271 468 puellis
1308 413 1498 468 infligere
1529 413 1679 455 solent.

375 471 542 513 Accidit
564 475 717 521 autem,
749 475 796 512 ut
818 470 963 512 Othini
993 470 1102 512 filius
1125 470 1332 512 Balderus
1354 469 1504 512 Nanne
1529 484 1681 525 corpus

240 530 450 572 abluentis
481 533 652 583 aspectu
683 528 950 581 sollicitatus,
992 528 1154 570 infinito
1199 542 1343 570 amore
1386 528 1680 584 corriperetur.

191 599 208 626 5
239 588 403 630 Vrebat
443 586 560 628 illum
593 586 874 628 uenustissimi
905 586 1089 641 corporis
1119 586 1254 639 nitor,
1292 586 1560 641 animumque
1590 600 1682 641 per-

240 647 381 701 spicue
426 644 720 700 pulcritudinis
769 643 938 685 habitus
987 643 1288 686 inflammabat.
1364 643 1683 685 Validissimum

240 717 421 759 namque
454 702 639 744 libidinis
670 702 979 743 irritamentum
1024 706 1086 743 est
1133 701 1268 743 decor.
1329 701 1569 743 Hotherum
1607 702 1683 743 ita-

240 776 346 817 que,
398 775 473 816 por
513 774 638 816 quem
681 760 864 801 maxime
904 764 1049 801 uotum
1097 759 1451 815 interpellandum
1492 759 1682 813 timebat,

240 820 353 861 ferro
377 819 524 860 tollere
546 818 772 870 constituit,
803 831 856 859 ne
883 831 995 859 more
1017 817 1230 872 inpaciens
1251 832 1370 859 amor
1391 817 1478 859 ullo
1502 816 1679 859 fruende

178 887 210 915 10
240 877 424 919 libidinis
454 876 667 918 obstaculo
696 875 946 917 tardaretur.

379 934 540 976 Eodem
566 934 677 975 forte
700 938 892 988 tempore
909 932 1125 975 Hotherus
1146 934 1255 975 inter
1280 933 1522 975 uenandum
1544 948 1683 975 errore

188 945 222 1079 ὅ
240 992 393 1034 nebule
434 992 681 1047 perductus,
725 992 768 1032 in
809 990 1016 1047 quoddam
1057 992 1311 1033 siluestrium
1347 992 1558 1046 uirginum
1590 1005 1684 1033 con-

202 1085 207 1093 .
240 1051 359 1092 claue
390 1050 559 1103 incidit,
592 1064 617 1091 a
649 1049 798 1104 quibus
828 1050 999 1105 proprio
1029 1050 1200 1091 nomine
1231 1049 1461 1104 salutatus,
1502 1063 1683 1104 quenam

241 1112 400 1162 essent,
442 1108 660 1164 perquirit.
721 1107 800 1149 Ille
843 1107 926 1149 suis
957 1107 1151 1149 ductibus
1192 1108 1468 1162 auspiciisque
1500 1107 1682 1148 maxime

175 1178 187 1205 1
241 1167 446 1208 bellorum
492 1166 706 1207 fortunam
750 1165 977 1220 gubernari
1023 1169 1243 1207 testantur.
1319 1165 1427 1219 Sepe
1478 1166 1589 1207 enim
1639 1179 1682 1206 se

241 1225 400 1266 nemini
442 1224 685 1278 conspicuas
729 1223 871 1278 preliis
899 1223 904 1275 Ι
932 1223 1152 1274 interesse,
1197 1222 1547 1279 clandestinisque
1589 1223 1685 1264 sub-

241 1282 357 1324 sidiis
389 1286 554 1337 optatos
586 1282 730 1323 amicis
760 1281 937 1336 prebere
969 1294 1192 1323 successus.
1256 1281 1421 1337 Quippe
1458 1281 1683 1323 conciliare

241 1354 468 1395 prospera,
507 1339 686 1381 aduersa
716 1339 905 1394 infligere
939 1353 1057 1394 posse
1089 1353 1165 1393 pro
1198 1338 1337 1391 libito,
1379 1338 1684 1392 memorabant,

241 1398 421 1451 adiecto,
455 1398 636 1453 qualiter
666 1398 709 1439 in
732 1397 977 1439 collacteam
1001 1397 1087 1438 eius
1109 1396 1307 1438 Nannam
1328 1397 1436 1439 inter
1456 1396 1686 1438 lauandum

174 1466 191 1493 2
242 1455 508 1511 conspectam
525 1455 731 1497 Balderus
753 1455 980 1508 exarserit3
1008 1455 1268 1510 hortateque,
1289 1469 1342 1496 ne
1363 1469 1472 1508 eum,
1495 1455 1686 1510 quamuis

242 1514 510 1556 infestissimo
542 1513 635 1555 odio
668 1513 856 1568 dignum,
890 1513 1016 1554 armis
1047 1513 1284 1564 lacesseret,
1315 1513 1544 1555 semideum
1575 1512 1686 1554 hunc

243 1586 333 1614 esse
365 1575 588 1621 testantes,
631 1585 784 1613 arcano
825 1584 1023 1625 superum
1068 1571 1225 1612 semine
1264 1575 1546 1625 procreatum.
1606 1570 1687 1612 His

243 1630 440 1685 acceptis,
471 1629 703 1683 Hotherus,
736 1628 916 1670 labentis
942 1628 1121 1684 hospicii
1152 1630 1337 1683 tegmine
1368 1629 1577 1681 defectus,
1609 1628 1686 1670 sub

244 1687 313 1729 dio
369 1701 413 1729 se
467 1687 660 1728 relictum
720 1686 937 1741 tociusque
998 1690 1215 1741 expertem
1260 1686 1496 1728 umbraculi
1540 1685 1687 1729 mediis

196 1755 207 1762 ”
242 1750 415 1801 repente
470 1746 629 1800 campis
680 1745 919 1799 expositum
971 1745 1246 1799 conspicatur.
1326 1744 1533 1799 Precipue
1583 1758 1685 1785 uero

241 1803 482 1858 puellarum
543 1808 760 1858 prepetem
808 1803 953 1857 fugam
1016 1802 1181 1857 locique
1225 1803 1423 1844 uersilem
1467 1802 1592 1843 situm
1638 1815 1687 1842 ac

200 1859 217 1917 ἰχ
242 1861 440 1903 fallacem
471 1860 560 1902 edis
590 1861 819 1916 imaginem
863 1860 1106 1902 mirabatur.
1167 1859 1400 1914 Ignorabat
1431 1860 1563 1910 enim,
1607 1873 1687 1914 que

221 1924 226 1931 ι

215 1919 354 2056 (circa
375 1933 419 1960 se
440 1923 560 1974 gesta
581 1918 760 1969 fuerant,
784 1917 1013 1959 ludibrium
1036 1921 1198 1959 tantum
1233 1918 1440 1973 inaneque
1469 1917 1687 1973 prestigio-

177 2046 214 2072 00

174 1755 190 1782 2

245 1991 386 2019 sarum
418 1977 579 2018 arcium
610 1977 798 2017 extitisse
830 1979 1127 2017 commentum.

382 2033 508 2076 Vnde
530 2033 695 2078 rediens
719 2034 887 2075 Greuaro
923 2033 1112 2075 ordinem
1148 2033 1334 2074 insecute
1356 2047 1540 2075 errorem
1567 2046 1687 2074 suum

243 2092 542 2134 ludificacionis
582 2092 781 2147 exponit,
821 2091 1035 2146 filiamque
1077 2091 1164 2132 eius
1204 2091 1401 2132 continuo
1440 2091 1684 2146 postulauit.

244 2150 324 2192 Cui
355 2150 548 2192 Geuarus
580 2163 705 2204 quam
736 2149 1010 2191 libentissime
1041 2163 1084 2191 se
1117 2149 1333 2190 fauturum
1364 2148 1603 2199 subiunxit,
1643 2148 1687 2189 ni

242 2208 419 2250 Balderi
449 2208 555 2249 iram
584 2208 753 2263 repulsa
774 2211 1084 2249 contracturum
1107 2210 1326 2261 metueret,
1357 2207 1538 2262 priorem
1568 2207 1686 2248 illum

244 2266 326 2308 sibi
357 2270 661 2308 consentaneas
682 2279 825 2321 preces
847 2265 1083 2320 porrexisse
1115 2268 1304 2306 testatus.
1351 2263 1461 2306 Nam
1491 2278 1544 2306 ne
1576 2265 1686 2306 ferro

178 2334 215 2361 35
246 2324 415 2379 quidem
446 2337 607 2366 sacram
640 2323 825 2378 corporis
856 2324 945 2365 eius
975 2323 1217 2364 firmitatem
1254 2322 1402 2364 cedere
1425 2322 1685 2377 perhibebat.

244 2382 414 2424 Adiecit
465 2385 629 2433 tamen,
683 2382 787 2431 scire
837 2385 888 2422 se'
931 2380 1120 2435 gladium
1167 2380 1406 2422 arctissimis
1448 2380 1688 2422 obseratum

246 2439 455 2492 claustris,
488 2453 570 2494 quo
602 2439 736 2481 fatum
770 2453 790 2479 e
839 2438 971 2494 infligi
1003 2435 1163 2493 possit!
1205 2437 1216 2492 ΕΙ
1255 2437 1384 2479 Hunc
1415 2451 1440 2478 a
1468 2437 1686 2492 Mimingo,

245 2498 445 2539 siluarum
479 2498 646 2552 Satyro,
677 2454 901 2552 possiileri.
960 2495 1110 2538 Eidem
1142 2509 1310 2551 quoque
1343 2495 1547 2537 armillam
1579 2509 1686 2548 esse,

245 2556 351 2598 mira
382 2555 563 2611 quadam
596 2559 851 2609 arcanaque*
868 2554 1051 2605 uirtute,
1105 2554 1360 2609 possessoris
1391 2567 1497 2608 opes
1529 2566 1687 2608 augere

177 2626 215 2655 40
246 2614 423 2658 solitam.
484 2613 651 2656 Horum
693 2618 889 2670 preterea
919 2612 1113 2655 locorum
1143 2611 1306 2655 aditum
1337 2612 1521 2664 inuium,
1556 2611 1687 2670 impe-

1703 1243 1727 1268 ῃ,
1756 1235 1802 1262 113

1707 2435 1802 2502 pmii?
