1884 3126
124 918 160 944 10

123 1209 159 1235 15

122 1498 160 1525 20

736 209 819 276 ⁵-
880 243 950 288 XI
1018 268 1067 278 .-
1559 244 1640 288 385

193 376 346 419 uisioni
378 380 663 419 consentanea
682 375 775 429 fuit,
808 378 856 416 ut
886 373 1039 417 eodem
1060 372 1262 431 temporis
1284 378 1498 417 momento
1519 374 1642 418 ruina

192 434 339 478 somnii
373 448 512 476 comes
544 433 772 486 incederet,
795 438 1088 489 nocturnaque
1118 434 1243 476 unius
1278 434 1420 489 opinio
1453 433 1641 475 omnium

194 494 327 535 oculis
369 492 553 535 interdiu
595 491 785 534 subiecta
827 492 1092 534 claresceret
1169 491 1353 533 Tantum
1397 496 1542 534 autem
1579 492 1642 534 rei

194 551 443 593 miraculum
496 550 655 605 extitit,
708 555 755 592 ut
804 564 858 592 ne
910 550 1143 605 collapsum
1197 550 1364 606 quidem
1411 550 1642 592 sacrarium

195 610 418 652 custodem
451 609 721 665 oppresserit.
782 607 894 649 Nam
915 622 1054 664 neque
1086 612 1302 664 petrarum
1333 608 1534 664 pondere,
1558 621 1640 663 que

194 668 380 724 undique
412 667 772 723 congerebantur,
816 666 942 708 elisus
985 681 1125 722 neque
1166 666 1252 708 ulla
1295 666 1481 722 collapse
1518 667 1641 709 molis

193 726 515 781 importunitate
544 730 779 782 quassatus,
811 729 948 766 tutum
981 725 1134 780 quietis
1166 739 1290 766 usum
1320 725 1480 776 habuit,
1513 739 1642 781 quan-

194 798 317 840 quam
352 784 489 826 cubile
522 785 611 826 eius
643 783 811 825 cadenti
843 782 1020 824 materie
1047 783 1301 838 *contiguum
1333 783 1473 825 fuerit.
1520 786 1641 827 Atto-

195 843 271 884 niti
301 843 471 897 fragore
504 842 618 884 ciues
649 842 770 884 ruine
801 841 1010 897 presentis
1041 841 1339 884 ammiracione
1372 846 1640 896 concurrunt,

193 900 515 957 custo'demque,
534 900 698 942 excidio
731 901 890 956 perisse
917 899 1138 946 creditum,
1170 897 1539 955 mediis'lapidum
1572 915 1641 942 co-

193 957 402 1025 agmentis
443 958 698 1000 incolumem
749 958 891 1013 egredi
940 962 1130 1000 cernunt.
1202 958 1296 1007 Que
1339 972 1406 1000 res
1452 959 1640 1000 omnium

193 1018 235 1059 in
267 1032 365 1059 eum
398 1018 542 1059 oculos
575 991 797 1072 religiosat>
806 1016 923 1072 uulgi
955 1016 1252 1058 ammiracione
1285 1017 1510 1059 conuertit.
1570 1017 1640 1059 In-

169 1081 370 1136 certum,
392 1079 534 1117 utrum
556 1075 704 1130 templi
721 1075 864 1130 lapsus
888 1088 940 1115 an
962 1075 1135 1116 sacriste
1159 1075 1273 1116 salus
1287 1075 1382 1130 plus
1403 1075 1640 1118 uisentibus

169 1123 378 1190 stuporis
418 1133 619 1175 attulerit.
693 1132 783 1174 Nec
825 1132 1051 1188 paruulum
1095 1133 1246 1174 uisioni
1278 1138 1426 1175 auctor
1465 1133 1554 1175 eius
1587 1133 1640 1175 ab

191 1193 425 1235 imminenti
465 1191 654 1246 lapidum
696 1191 811 1233 mole·
851 1190 1047 1232 defensus
1082 1195 1085 1227 1
1120 1192 1290 1246 prebuit
1330 1197 1640 1246 argumentum.

195 1250 278 1299 Qui
309 1265 405 1292 cum
437 1250 613 1292 antistiti
645 1254 852 1291 nocturna
874 1248 1095 1291 Wilhelmi
1118 1249 1319 1296 mandata
1349 1250 1639 1305 prompsisset,

194 1308 416 1351 subridens
458 1308 601 1364 presul
640 1308 700 1360 nil
746 1322 792 1349 se
823 1307 966 1348 mirari
996 1307 1151 1362 inquit,
1183 1308 1270 1348 uite
1301 1309 1391 1350 eius
1423 1307 1641 1365 seueritati

195 1366 271 1407 fati
303 1366 493 1408 habitum
518 1365 795 1420 respondere:
827 1380 903 1407 sue
931 1365 1199 1407 nihilominus
1222 1365 1516 1408 sollicitudinis
1537 1366 1640 1420 fore,

196 1424 405 1479 collapsas
449 1424 600 1466 edificii
646 1428 787 1479 partes
834 1424 1019 1465 reficere·
1093 1423 1382 1472 Quamobrem
1427 1424 1497 1466 diu
1543 1429 1640 1490 post

193 1483 363 1524 modum
407 1484 587 1525 intactus
626 1481 846 1523 Wilhelmi
886 1482 1074 1523 tumulus
1107 1483 1282 1535 mansit,
1317 1482 1452 1525 donec
1483 1482 1639 1525 nostris

195 1555 293 1582 eum
327 1541 589 1596 temporibus
620 1540 1110 1594 He1ma11nusmaio1is
1137 1541 1308 1582 sacrarii
1339 1555 1496 1595 preses,
1529 1541 1637 1583 Arn-

192 1598 432 1654 fastusque,
480 1599 624 1641 schole
671 1573 907 1640 ministerio⁷
956 1598 1152 1652 functus,
1200 1599 1453 1641 conniuente
1484 1599 1636 1653 Ysaac,

193 1657 341 1698 ruralis
387 1633 644 1699 sacerdocii*
687 1657 925 1712 preposito,
979 1670 1094 1712 para
1084 1655 1223 1698 'bilem
1264 1658 1397 1712 magis
1445 1662 1486 1700 et
1524 1658 1635 1700 inter

194 1720 357 1757 ceteros
380 1716 652 1764 cultissimum
675 1715 961 1765 aduertentes,
984 1715 1214 1756 Asceriane
1246 1716 1463 1771 sepulture
1495 1716 1635 1770 gracia

123 1788 161 1815 25
190 1774 344 1828 aperiri
384 1773 613 1815 iusserunt.
684 1773 819 1815 Porro
862 1772 979 1814 fossa
1020 1773 1073 1814 ad
1105 1773 1288 1814 solidum
1321 1774 1469 1825 humo,
1500 1774 1636 1816 incor-

126 2078 163 2105 30

126 2367 163 2394 35

127 2657 164 2685 40

194 1835 361 1885 ruptam
403 1832 601 1874 antistitis
640 1835 782 1885 togam
824 1831 933 1873 inter
975 1830 1105 1873 adesa
1149 1832 1240 1873 solo
1274 1845 1370 1873 ossa
1405 1833 1636 1888 reperiunt.

196 1889 360 1937 Quibus
395 1890 586 1943 sublatis,
617 1893 736 1939 tanta
767 1888 1003 1943 fragrancie
1034 1890 1098 1940 uis
1130 1889 1220 1931 sine
1257 1889 1344 1931 ullo
1377 1897 1552 1933 auctore
1584 1890 1638 1932 ad

195 1947 548 1990 circunstancium
580 1962 701 1989 nares
734 1947 866 1989 ueluti
899 1962 920 1988 c
948 1947 1074 1990 beato
1107 1947 1291 2003 quodam
1324 1953 1637 2004 unguentorum

194 2006 312 2047 fonte
356 2007 569 2058 manauit,
611 2010 658 2048 ut
702 2020 824 2048 nemo
869 2006 958 2047 celo
1003 2008 1184 2061 potitum
1216 2006 1473 2072 ambigeret,
1517 2007 1636 2050 cuius

194 2064 357 2106 cineres
388 2068 474 2106 tam
505 2065 611 2105 miia
642 2064 904 2115 terrestrium
937 2064 1116 2122 odorum
1148 2065 1334 2106 suauitas
1366 2065 1636 2120 perfudisset.

197 2121 319 2187 ipsas
362 2136 463 2164 uelo
506 2122 864 2164 contrectancium
905 2136 1054 2164 manus
1096 2127 1216 2163 tanta
1247 2122 1514 2165 odoramenti
1545 2138 1638 2179 per-

195 2179 348 2220 tinacia
379 2180 586 2232 astrinxit,
617 2184 664 2220 ut
684 2180 822 2234 ipsum
843 2179 983 2222 triduo
1016 2180 1178 2222 balneis
1212 2195 1260 2221 ac
1290 2181 1471 2223 lauaciis
1503 2185 1637 2223 atten-

196 2242 332 2279 tatum
355 2237 527 2280 abolere
548 2238 830 2293 nequiuerint.
867 2237 956 2279 Nec
978 2242 1122 2279 tamen
1146 2239 1414 2280 sanctitatem
1436 2240 1636 2292 cinerum,

196 2300 243 2336 ut
275 2296 438 2346 decuit,
470 2296 686 2348 uenerati,
725 2296 766 2336 in
801 2301 1032 2338 extremam
1066 2310 1138 2338 eos
1178 2298 1440 2339 monumenti
1470 2302 1637 2353 partem
1680 2293 1684 2298 ’

195 2353 471 2408 applicandos
504 2328 720 2395 curabarit.
782 2352 866 2395 Sed
898 2368 1036 2409 neque
1061 2355 1376 2410 presumpcioni
1406 2355 1635 2410 impunitas

195 2411 329 2453 affuit.
391 2411 609 2467 Siquidem
639 2411 834 2464 sacrilegi
866 2412 1024 2453 consilii
1057 2418 1254 2454 auctores
1286 2412 1531 2466 pestiferum
1562 2427 1637 2455 au-

196 2468 314 2510 dacie
344 2483 421 2511 sue
448 2470 609 2511 exitum
632 2469 797 2524 experti
827 2474 939 2523 sunt,
970 2474 1222 2526 tantumque
1244 2471 1420 2526 quisque
1441 2470 1637 2526 supplicii

195 2528 354 2580 retulit,
402 2531 604 2582 qua-ntum
637 2526 822 2568 uiolandi
855 2528 965 2575 busti
993 2529 1207 2570 sentencie
1248 2528 1466 2582 impendit.
1530 2528 1637 2570 Her—

196 2596 372 2627 mannus
402 2599 596 2640 namque,
627 2585 705 2626 sub
723 2584 942 2627 Absolone
964 2586 1214 2629 sacerdotali
1237 2586 1408 2628 consilio
1433 2586 1636 2642 assidens,

194 2657 358 2685 sacrum
390 2643 561 2685 naribus
592 2643 733 2698 ignem
763 2644 942 2700 excepit,
974 2645 1092 2686 cuius
1115 2645 1157 2686 ui
1179 2658 1261 2686 non
1287 2644 1424 2686 solum
1447 2645 1635 2701 corporis

265 2709 344 2742 Smin
364 2716 595 2743 Grammaticus.
1454 2714 1498 2749 25

1695 1213 1724 1238 p.
1744 1205 1795 1232 578

1688 1657 1793 1686 cxv.

1691 1691 1783 1727 (216)
