1884 3126
299 200 354 241 26
894 200 1145 242 -Ῑ-

298 327 405 382 piari
447 328 655 382 negabat,
701 326 883 382 ideoque
923 328 1012 370 eius
1051 331 1155 370 uota
1197 327 1472 370 communiter
1511 327 1744 382 nuncupari

302 384 565 440 prohibebat,
598 385 778 427 discreta
804 399 1001 440 superum
1034 386 1182 441 cuique
1214 386 1445 427 libamenta
1475 385 1741 426 constituens.

303 443 387 492 Qui
408 457 515 496 cum,
548 443 705 484 Othino
727 443 944 496 redeunte,
974 444 1121 485 relicta
1141 444 1437 498 prestigiarum
1460 456 1555 497 ope,
1584 442 1744 484 latendi

301 501 447 555 gracia
477 501 709 543 Pheoniam
741 502 1003 552 accessisset,
1044 515 1245 543 concursu
1270 501 1499 542 incolarum
1530 500 1742 543 occiditur.

251 565 267 592 5
298 559 427 601 Cuius
462 559 638 600 extincti
669 573 833 625 quoque
864 559 1030 614 flagicia
1050 566 1246 614 patuere3
1279 558 1483 614 siquidem
1516 557 1636 600 busto
1667 572 1742 599 suo

302 618 630 673 propinquantes
660 617 880 672 repentino
911 618 1057 659 mortis
1088 631 1244 672 genere
1271 616 1557 668 consumebat,
1588 619 1744 657 tantas-

302 689 382 740 que
413 678 510 730 post
540 675 630 716 fata
659 678 800 730 pestes
832 674 983 726 edidit,
1022 679 1069 717 ut
1099 688 1207 730 pene
1237 674 1411 716 tetriora
1441 674 1588 715 mortis
1619 687 1742 729 quam

300 733 388 774 uite
431 733 688 775 monimenta
727 732 891 774 dedisse
932 707 1170 782 uideretur
1212 732 1387 787 perinde
1430 746 1479 774 ac
1519 732 1633 774 necis
1671 745 1745 773 sue

300 805 432 845 penas
465 805 490 832 a
520 791 657 832 noxiis
688 794 926 833 exacturus.
974 791 1065 839 Quo
1087 765 1198 832 malo
1220 790 1356 832 obfusi
1386 790 1523 832 incole
1555 793 1745 844 egestum

240 855 272 882 1⁰
303 850 463 890 tumulo
495 862 647 903 corpus
679 849 815 903 capite
847 849 1049 903 spoliant,
1096 852 1219 890 acuto
1259 852 1405 904 pectus
1441 848 1582 903 stipite
1613 851 1745 889 trans-

303 907 503 961 figentes3
535 906 577 948 id
607 907 724 962 genti
754 906 940 948 remedio
970 906 1064 949 fuit.

435 965 539 1006 Post
582 964 661 1006 hec
706 964 908 1017 Othinus,
956 964 1146 1019 coniugis
1191 964 1278 1006 fato
1324 964 1498 1019 pristine
1544 963 1747 1004 claritatis
1775 979 1799 1003 p·
1822 970 1846 995 41

304 1023 501 1077 opinione
532 1026 802 1077 recuperata,
842 1036 900 1064 ac·
920 1022 1055 1064 ueluti
1085 1023 1256 1078 expiata
1287 1021 1518 1063 diuinitatis
1557 1021 1745 1074 infamia,

303 1082 357 1123 ab
403 1081 528 1123 exilio
574 1094 809 1135 regressus,
868 1084 1061 1134 cunctos,
1109 1081 1179 1135 qui
1225 1093 1302 1134 per
1345 1079 1583 1121 absenciam
1628 1092 1744 1121 suam

240 1146 272 1173 15
304 1139 516 1180 celestium
550 1138 754 1180 honorum
784 1138 927 1180 titulos
969 1143 1206 1193 gesserant,
1248 1143 1447 1193 tanquam
1485 1137 1647 1179 alienos
1678 1136 1747 1178 de-

304 1211 460 1251 poneie
492 1198 642 1251 coegit,
676 1197 956 1251 subortosque
979 1210 1197 1262 magorum
1228 1204 1356 1249 cetus,
1387 1195 1522 1237 ueluti
1551 1194 1746 1236 tenebras

304 1254 504 1310 quasdam
538 1255 862 1309 superueniente
892 1254 1073 1296 numinis
1104 1254 1167 1296 sui
1199 1254 1362 1308 fulgore
1394 1253 1597 1295 discussit.
1657 1251 1747 1293 Nec

303 1313 437 1354 solun]
481 1326 553 1354 eos
594 1312 843 1378 deponende
875 1312 1130 1366 diuinitatis,
1170 1326 1318 1354 uerum
1355 1311 1486 1353 eciam
1518 1309 1746 1352 deserende

302 1372 438 1437 patrie
469 1371 646 1424 imperio
680 1370 939 1422 constrinxit,
970 1371 1118 1412 merito
1150 1371 1271 1412 terris
1301 1368 1586 1412 extrudendos
1617 1372 1745 1421 ratus,

237 1436 275 1464 20
307 1429 377 1484 qui
409 1443 453 1471 se
485 1429 584 1470 celis
615 1433 703 1470 tam
733 1429 925 1483 nequiter
956 1428 1217 1482 ingerebant.

437 1486 608 1529 Interea
623 1485 879 1539 Asmundus,
902 1486 1165 1541 Swibdageri
1185 1485 1340 1538 filius,
1330 1499 1372 1526 1n
1393 1484 1599 1526 ulcionem
1617 1483 1747 1538 patris

303 1558 447 1599 pugna
478 1559 572 1586 cum
596 1544 797 1599 Hadingo
829 1558 1086 1610 congressus
1118 1548 1165 1585 ut
1194 1544 1325 1585 filium
1357 1542 1601 1592 Henricum,
1632 1541 1748 1583 cuius

305 1603 522 1644 caritatem
580 1602 713 1644 eciam
767 1603 938 1657 proprio
990 1602 1157 1656 spiritui
1207 1601 1469 1656 preferebat,
1522 1599 1748 1641 fortissime

305 1659 573 1702 dimicantem
599 1660 797 1702 occidisse
819 1660 1030 1715 cognouit,
1057 1659 1181 1701 auido
1206 1659 1284 1701 fati
1305 1659 1443 1700 animo
1463 1658 1598 1700 lucem
1625 1671 1746 1713 pero-

237 1727 274 1755 25
304 1732 386 1772 sus,
417 1719 493 1760 tali
523 1733 692 1761 carmen
719 1732 822 1760 uoce
854 1718 1086 1773 compegit:

513 1800 615 1848 Quis
645 1803 789 1842 nostra
821 1799 938 1841 fortis
969 1799 1078 1841 ausit
1109 1813 1226 1840 arma
1257 1798 1454 1840 sumere?

513 1857 586 1899 Nil
618 1858 787 1913 proficit
817 1858 941 1900 cassis
971 1857 1188 1899 uacillanti
1219 1857 1368 1909 nitens,

514 1916 666 1958 Lorica
698 1917 783 1957 iam
812 1929 890 1958 nec
923 1915 1138 1958 commode
1169 1915 1309 1956 fusum
1340 1914 1464 1969 tegit;

512 1974 656 2016 Armis
689 1988 877 2026 ouemus,
908 1974 1181 2029 interrempto
1211 1972 1322 2026 filio3

239 2040 276 2068 30
515 2032 642 2074 Cuius
672 2032 778 2074 mori
808 2045 875 2073 me
908 2032 1018 2087 cogit
1046 2031 1269 2072 imminens
1300 2044 1431 2084 amor,

513 2091 620 2132 Caro
651 2094 863 2145 superstes
894 2105 947 2132 ne
978 2090 1191 2144 relinquar
1221 2088 1401 2143 pignori.

513 2148 704 2203 Vtraque
736 2148 894 2190 ferrum
926 2147 1144 2203 comprimi
1174 2147 1292 2188 iuuat
1323 2160 1474 2199 manu,

512 2206 636 2248 Nunc
666 2206 792 2259 bella,
823 2210 964 2261 preter
995 2209 1124 2258 scuta,
1156 2204 1268 2246 nudo
1299 2208 1484 2258 pectore,

512 2263 800 2306 Exerceamus
831 2263 1003 2318 fulgidis
1034 2262 1316 2304 mucronibus.

242 2332 278 2360 35
514 2321 763 2364 Ferocitatis
795 2322 909 2363 fama
939 2324 1078 2363 nostre
1108 2320 1272 2372 luceat3

516 2379 733 2422 Audacter
764 2393 918 2435 agmen
949 2379 1188 2421 obteramus
1218 2375 1486 2431 hosti[c]um;
1778 2368 1859 2438 {ffffg

515 2437 606 2479 Nec
636 2438 762 2492 longa
791 2451 865 2479 nos
896 2440 1148 2492 exasperent
1179 2435 1423 2488 certamina,

518 2495 722 2552 Fugaque
753 2495 910 2537 fractus
942 2494 1206 2550 conquiescat
1237 2494 1430 2548 impetus.

459 2590 551 2638 Quo
585 2589 712 2641 dicto,
738 2589 950 2643 geminam
981 2587 1129 2642 capulo
1162 2600 1334 2627 manum
1364 2585 1564 2638 iniiciens,
1595 2584 1751 2639 absque
1769 2589 1862 2619 vmt
