1884 3126
332 248 414 292 468
863 265 916 271 —
974 237 1112 282 XIIII
1170 262 1224 269 —

331 372 665 415 ammiracionem
697 367 913 409 conuertit.
960 366 1259 420 Mersburgum
1291 363 1503 419 oppidum,
1526 363 1761 406 Teutonice

331 428 556 472 nobilitatis
586 426 826 480 frequencia
858 423 1126 478 completum,
1157 423 1391 476 ingressus,
1425 421 1477 462 ab
1508 422 1758 476 imperatore

330 488 506 542 primum
538 485 787 525 ueneranter
809 481 989 533 habitus,
1022 494 1123 522 mox
1143 480 1262 521 uario
1290 479 1574 520 accusacionis
1605 493 1759 532 genere

330 547 524 593 uexatus,
547 541 751 594 disparem
768 539 983 594 promissis
1006 537 1133 578 fidem
1157 541 1355 591 expertus
1378 541 1453 578 est.
1488 535 1563 577 Cui
1586 537 1757 578 demum

283 613 299 639 5
330 599 594 641 condiciones
609 597 781 638 huiusce
797 596 906 637 modi
921 596 1202 650 proferuntur,
1214 597 1260 634 ut
1273 594 1538 648 imperatoris
1553 595 1655 649 ipse,
1671 595 1758 635 eius

328 671 428 698 uero
461 655 669 705 Kanutus,
692 654 936 695 renunciata
957 653 1073 706 regni
1096 652 1380 700 affectacione‚
1404 651 1579 693 militem
1601 657 1758 706 ageret,

328 714 517 755 beneficii
549 713 637 752 iure
671 710 926 752 Sialandiam
957 713 1215 764 recepturus.
1277 708 1450 763 Alioqui
1495 708 1759 764 imperatoris

327 769 473 812 uires*
506 769 676 810 Kanuto
702 769 891 809 obtentui
912 767 1014 816 fore,
1038 766 1367 822 expeditamque
1391 780 1486 807 cum
1516 781 1567 808 eo
1591 781 1760 808 manum
1779 779 1884 809 cxx}

328 830 370 869 in
402 828 584 868 Daniam
617 840 707 867 esse
738 825 1010 876 mittendam,
1043 838 1123 879 que
1157 824 1225 864 uel
1257 823 1465 866 Suenonis
1496 829 1761 880 precurreret

262 897 296 924 10
325 885 504 927 reditum
536 885 605 925 uel
638 883 856 924 confestim
896 883 1164 937 impugnaret
1205 881 1446 923 aduentum.
1509 882 1676 936 Sueno,
1718 882 1761 922 in

327 957 371 983 rc
403 948 490 984 tam
532 942 657 982 anxia
697 945 768 981 aut
813 939 1134 994 periclitandum
1178 939 1258 980 sibi
1302 944 1376 980 aut
1405 939 1639 994 parendum
1671 939 1762 981 fore

327 1013 597 1053 cognoscens,
630 998 824 1039 simulata
855 996 1116 1045 assensione,
1149 1002 1328 1051 paterna
1369 997 1500 1048 bona,
1538 998 1689 1052 quibus
1720 998 1760 1039 in

328 1055 542 1098 Sialandia
587 1056 854 1103 abundabat,
910 1060 1109 1109 tanquam
1158 1054 1387 1109 peculiaria
1437 1069 1460 1095 a
1506 1055 1760 1110 condicionis

328 1120 476 1156 tenore
509 1114 701 1167 sublegit,
735 1127 786 1153 ne
819 1112 1015 1152 uiolande
1046 1112 1256 1166 paccionis
1291 1112 1424 1154 omnis
1452 1112 1565 1154 domi
1596 1113 1762 1154 deesset

263 1183 295 1210 15
328 1172 504 1213 occasio,
567 1169 689 1219 Quod
725 1170 822 1224 quia
853 1169 1103 1211 Germanico
1127 1170 1206 1209 iuri
1227 1169 1432 1211 familiare
1454 1174 1554 1223 erat,
1578 1171 1762 1212 admissu

325 1230 443 1270 facile
475 1230 565 1269 fuit.
627 1228 676 1268 In
708 1227 787 1268 hoc
820 1227 1035 1277 Kanutus,
1065 1227 1175 1281 pacti
1217 1241 1363 1281 parum
1395 1227 1612 1280 credulus,
1643 1228 1763 1270 Wal-

326 1287 560 1338 demarum,
594 1286 663 1340 qui
696 1299 788 1326 cum
822 1284 1019 1326 Suenone
1054 1285 1224 1338 aderat,
1257 1298 1499 1338 sponsorem
1540 1286 1762 1340 efflagitat,

325 1344 453 1385 fidem
476 1345 564 1384 eius
586 1344 957 1397 integritatemque
979 1343 1233 1383 tutissimum
1255 1356 1396 1383 rerum
1417 1357 1587 1384 suarum
1611 1344 1762 1398 pignus

327 1402 585 1442 existimans.
655 1399 802 1455 Neque
845 1401 953 1441 enim
1000 1401 1125 1441 alium
1174 1414 1229 1441 ex
1274 1400 1388 1454 regio
1433 1401 1631 1442 comitatu
1674 1402 1763 1456 pari

257 1470 294 1498 20
323 1459 562 1501 constancia
591 1472 665 1512 pro
699 1458 834 1512 capite
865 1471 941 1498 suo
981 1458 1274 1498 excubiturum
1301 1458 1477 1512 putauit.
1537 1459 1626 1512 Ille,
1661 1458 1762 1500 Sue-

327 1517 509 1558 noniane
541 1515 716 1571 perfidie
750 1516 958 1567 conscius,
1003 1529 1096 1556 cum
1138 1528 1290 1556 uanam
1328 1529 1378 1556 ac
1407 1515 1611 1557 lubricam
1652 1530 1763 1557 com-

326 1574 550 1628 posicionis
572 1573 698 1614 fidem
720 1573 976 1625 aduerteoet,
998 1587 1051 1614 ne
1074 1573 1257 1614 alienam
1278 1573 1319 1613 in
1348 1587 1391 1614 se
1415 1573 1553 1615 labem
1576 1574 1761 1616 recidere

326 1636 556 1687 pateretur,
600 1631 866 1686 sponsionem
906 1631 1160 1686 pertinacius
1193 1630 1351 1672 abnuit.
1413 1631 1624 1682 Tandem,
1662 1646 1762 1686 rege

328 1690 628 1744 compellente,
667 1688 740 1729 uix
782 1692 907 1743 atque
952 1687 1049 1743 cgr‘e
1082 1687 1371 1729 uadimonium
1403 1688 1522 1739 dixit,
1555 1688 1760 1745 prefatus,

259 1757 295 1784 25
325 1761 382 1798 se,
414 1746 445 1787 si
479 1746 619 1787 Sueno
651 1750 821 1800 pactum
853 1749 1165 1801 perrumperet,
1197 1745 1357 1786 Kanuti
1402 1747 1590 1801 partibus
1623 1760 1760 1788 acces-

326 1819 481 1846 surum.
541 1804 727 1845 Probata
758 1804 954 1860 utrinque
987 1804 1248 1856 condicione,
1281 1803 1511 1845 discessum
1545 1809 1620 1847 est.
1678 1805 1761 1847 Re-

326 1876 474 1903 uersus
511 1862 553 1902 in
589 1876 767 1916 regnum
799 1861 964 1915 Sueno⁷
1009 1861 1148 1917 deque
1189 1861 1328 1903 emulo
1361 1862 1555 1903 comitem
1596 1867 1760 1916 nactus,

325 1920 507 1961 remissis
539 1934 560 1960 e
594 1920 773 1973 uestigio
802 1919 943 1969 literis,
976 1919 1101 1961 fidem
1125 1918 1288 1961 Cesaris
1320 1923 1465 1974 aperta
1497 1919 1656 1961 fraudis
1691 1935 1761 1961 ex-

325 1976 599 2032 probracione
622 1977 849 2028 damnauit,
880 1978 1091 2031 initasque
1124 1991 1217 2018 cum
1250 1991 1298 2018 eo
1322 1978 1548 2031 pacciones
1573 1978 1762 2032 obsequii

259 2046 295 2073 30
324 2035 556 2089 negacione
584 2034 589 2084 Ι
616 2035 846 2088 subuertit,
890 2035 928 2075 in
976 2048 1046 2075 eas
1077 2049 1122 2076 se
1154 2034 1423 2076 condiciones
1455 2034 1660 2076 fallaciter
1691 2035 1762 2076 ad·
1817 2054 1843 2078 p·
1863 2046 1884 2071 6!

328 2092 500 2133 ductum
531 2091 758 2146 affirmans,
789 2093 830 2133 in
864 2106 967 2147 quas
998 2092 1255 2134 Danicorum
1289 2092 1428 2133 adhuc
1457 2107 1605 2148 regum
1636 2106 1759 2134 nemo

328 2150 592 2192 concesserit.
668 2150 873 2191 Preterea
912 2149 1110 2204 Kanum,
1140 2150 1252 2191 iusta
1293 2150 1474 2205 petenti,
1514 2150 1759 2204 prouinciali

328 2208 535 2248 duntaxat
565 2208 947 2249 amministracione
971 2221 1184 2260 concessa,
1216 2210 1354 2261 regios
1377 2212 1552 2262 penates
1575 2222 1600 2249 a
1624 2211 1761 2249 cetera

328 2280 373 2306 se
405 2264 649 2306 condicione
681 2265 912 2317 secreuisse
934 2264 1112 2306 dicebat.
1151 2264 1393 2307 Fraudatus
1416 2269 1540 2319 pacto
1563 2265 1760 2307 Kanutus

260 2333 296 2361 35
327 2322 477 2364 uadem
513 2323 718 2365 sollicitat.
734 2318 848 2370 &Qui
879 2337 973 2364 cum
996 2337 1139 2377 regem
1163 2322 1360 2364 deserere
1390 2323 1459 2363 uel
1491 2323 1761 2378 sponsionem

328 2379 596 2435 corrumpcke
630 2394 736 2436 eque
767 2378 912 2426 fedum
932 2384 1113 2435 putaret,
1145 2380 1368 2435 utrobique
1389 2379 1499 2421 fame
1528 2381 1760 2435 periculum

329 2438 658 2493 contemplatus,
689 2444 824 2479 mutar
893 2441 1063 2493 pactum
1097 2452 1221 2493 quam
1251 2443 1446 2480 euertere
1476 2438 1646 2491 maluit,
1679 2441 1760 2479 sta-

328 2500 465 2547 tuens,
498 2499 557 2547 ut,
584 2509 678 2537 cum
700 2510 777 2537 rex
798 2495 869 2538 Sia
890 2496 1054 2536 andiam
1089 2496 1342 2537 commeatui
1373 2509 1449 2537 suo
1481 2495 1759 2537 necessariam

329 2552 514 2604 duceret,
544 2553 656 2594 aliud
698 2568 772 2608 pro
819 2567 867 2595 ea
887 2550 1071 2601 =Kanuto
1103 2553 1360 2608 stipendium
1390 2553 1646 2607 assignaret,
1680 2567 1761 2595 nec

260 2624 297 2652 40
324 2610 475 2653 fructu*
492 2611 657 2666 parcius
690 2625 767 2654 nec
798 2607 946 2667 spacio
975 2611 1234 2653 contraccius
1255 2624 1333 2653 nec
1354 2611 1516 2653 honore
1538 2610 1759 2653 defeccius.
