1884 3126
335 238 413 279 154
920 235 1186 277 —V—

330 363 476 406 solum
510 364 619 405 inter
651 378 728 405 nos
759 364 916 404 ferrum
949 362 1203 405 decernendi
1236 363 1301 405 ius
1336 361 1511 405 obtinet.
1562 362 1667 405 Post
1697 362 1775 404 hec

330 423 511 464 &marus
561 435 706 476 parum
749 435 952 477 prospera
994 421 1295 476 congressione
1338 420 1559 462 Danorum
1600 421 1775 462 classem

330 479 506 521 adortus
538 478 757 521 occiditur.
801 479 931 521 Cuius
962 493 1139 535 regnum
1163 479 1359 521 Rollerus
1392 478 1582 519 beneficii
1607 479 1776 519 nomine

330 542 427 593 post
466 536 638 578 modum
670 552 693 578 a
726 537 942 579 Frothone
985 537 1191 593 suscepit,
1230 536 1342 592 quod
1384 541 1561 591 septeno
1604 536 1775 592 prouin-

285 608 301 634 5
333 596 491 637 ciarum
524 609 699 636 numero
732 595 999 638 tendebatur.
1045 594 1239 636 Eundem
1262 608 1431 649 quoque
1452 594 1601 636 Ericus
1623 594 1776 635 collata

332 653 409 694 sibi
462 654 677 709 quondam
720 667 744 694 a
785 653 941 695 Gotaro
992 653 1212 709 prouincia
1262 657 1507 694 muneratus
1559 656 1635 694 est.
1696 652 1775 693 His

330 711 476 766 gestis,
508 711 671 753 Frotho
703 725 778 766 per
811 726 1021 753 summam
1053 725 1103 753 ac
1134 724 1322 752 securam
1365 724 1512 765 pacem
1551 710 1776 751 triennium

329 770 473 824 gessit.

467 827 583 869 Inter
617 827 693 869 hec
726 842 802 868 rex
835 826 1086 877 Hunorum,
1127 826 1273 868 audito
1306 830 1434 881 gnate
1465 825 1665 881 repudio,
1705 825 1776 867 ad-

269 897 299 923 10
330 885 472 927 iuncto
515 885 591 927 sibi
634 900 734 940 rege
781 885 1059 926 Orientalium
1100 885 1310 935 Olimaro,
1357 884 1585 925 aduersum
1630 883 1777 924 Danos

334 943 498 984 biennio
522 943 620 984 belli
643 947 894 998 apparatum
917 944 1141 985 contraxit.
1184 942 1320 998 Igitur
1344 942 1502 983 Frotho
1526 956 1611 983 non
1641 942 1776 983 solum

329 1001 571 1056 indigenas,
615 1001 688 1042 scd
723 1001 853 1042 eciam
886 1000 1204 1054 Nor-uagienses
1257 1014 1307 1041 ac
1338 1000 1514 1041 Sclauos
1556 1000 1597 1040 in
1636 1000 1778 1055 copias

331 1063 470 1102 uocat.
532 1059 570 1100 Α
613 1074 695 1114 quo
738 1058 887 1100 Ericus
933 1059 1106 1100 hostiles
1154 1059 1422 1114 speculatum
1463 1058 1572 1099 acies
1614 1058 1778 1110 missus,

333 1117 593 1170 Olimarum,
636 1118 706 1171 qui
748 1117 892 1159 classis
935 1117 1226 1171 magistratum
1269 1119 1504 1172 acceperat,
1553 1115 1776 1157 Hunorum

269 1186 298 1212 15
330 1189 429 1230 rege
454 1180 673 1217 terrestres
696 1175 897 1216 ductante
922 1175 1076 1230 copias,
1100 1174 1210 1216 haud
1234 1175 1380 1230 procul
1399 1174 1557 1215 Ruscia
1580 1174 1778 1229 repperit,

331 1248 455 1288 quem
487 1233 628 1274 taliter
661 1233 780 1274 affari
815 1233 946 1288 cepit:

389 1323 500 1371 Quid
533 1323 611 1365 sibi
645 1323 749 1375 uult,
784 1338 929 1379 queso,
962 1324 1059 1365 belli
1090 1324 1232 1379 grauis
1263 1324 1342 1365 isto
1373 1325 1577 1379 paratus?

445 1381 534 1422 Aut
565 1396 647 1436 quo
682 1382 817 1424 classe
847 1386 1013 1437 potens,
1046 1398 1123 1423 rex
1156 1382 1355 1433 Olimarc,
1388 1380 1503 1424 ruis?

743 1474 801 1516 At
834 1474 1068 1517 Olimarus:

259 1581 296 1607 20
384 1567 569 1608 Fridleui
599 1572 746 1609 natum
779 1568 900 1609 nobis
931 1569 1140 1609 incessere
1173 1567 1289 1609 cordi
1319 1573 1402 1621 cstg
1803 1577 1884 1605 xm

446 1624 500 1666 Et
533 1626 624 1681 quis
658 1641 715 1679 es,
748 1625 899 1668 audaci
931 1626 1032 1667 talia
1064 1640 1169 1667 uoce
1200 1624 1385 1680 rogans?

745 1718 814 1760 Ad
847 1733 973 1773 quem
1005 1719 1177 1760 Ericus:

388 1810 597 1852 Vincendi
629 1811 832 1852 inuictum
866 1811 993 1852 subiit
1026 1825 1121 1866 spes
1153 1812 1270 1852 irrita
1302 1814 1504 1862 mentem3

446 1869 707 1910 Frothonem
740 1869 880 1910 nullus
914 1883 1149 1924 exuperare
1180 1874 1332 1924 potest.

261 1974 297 2000 25
747 1961 904 2003 Contra
938 1962 1170 2004 Olimarus:

391 2054 604 2109 Quicquid
637 2054 853 2108 contingit,
886 2054 1018 2110 primo
1051 2055 1182 2096 semel
1215 2054 1379 2107 accidit,
1408 2059 1449 2096 et
1481 2069 1548 2097 res

445 2111 542 2152 Non
573 2117 741 2167 sperata
772 2113 872 2154 satis
905 2127 1004 2168 sepe
1037 2113 1178 2154 subire
1212 2113 1335 2155 solet.

468 2204 562 2253 Qua
600 2205 836 2258 sentencia,
878 2219 902 2245 a
941 2206 1107 2247 nemine
1154 2205 1328 2246 nimium
1377 2204 1473 2246 fidei
1519 2204 1560 2246 in
1606 2204 1775 2246 fortuna
1830 2215 1884 2247 [κὲ

330 2263 622 2319 reponendum
670 2278 782 2307 esse
830 2263 1064 2318 perdocuit.
1136 2262 1302 2304 Deinde
1349 2262 1498 2304 Ericus
1546 2262 1771 2304 Hunorum

263 2333 299 2359 30
329 2335 481 2387 agmen
525 2311 822 2377 exploraturus
873 2321 1104 2376 obequitat.
1167 2320 1290 2368 Quod
1325 2321 1493 2362 Ericum
1525 2320 1772 2375 preteriens,

330 2379 597 2433 inuicemque
627 2380 680 2420 ab
711 2379 801 2434 ipso
834 2379 1097 2433 preteritum,
1135 2380 1312 2434 primam
1347 2379 1480 2420 ortiuo
1514 2378 1595 2419 soli
1625 2378 1771 2431 aciem,

332 2441 592 2491 postremam
625 2437 800 2478 occiduo
823 2435 1206 2492 <conspiciendam>
1228 2436 1406 2491 prebuit
1450 2436 1614 2491 Itaque,
1646 2450 1772 2490 penes

331 2509 452 2549 quem
487 2499 547 2536 tot
577 2495 735 2535 milium
775 2495 960 2559 regimen
1000 2494 1133 2545 foi-,ct
1173 2494 1225 2535 ab
1258 2494 1393 2535 obuiis
1425 2494 1659 2535 sciscitatus
1692 2498 1768 2535 est

332 2553 468 2600 Quem
508 2551 610 2594 Hun
655 2552 765 2594 forte
810 2552 1092 2618 conspiciens,
1136 2551 1231 2605 (rex
1272 2552 1338 2592 hic
1376 2551 1603 2592 Hunorum
1647 2550 1768 2603 erat),

262 2624 296 2651 35
329 2606 575 2666 speculandi
621 2610 897 2652 ministerium
948 2611 1162 2667 accepisse
1196 2609 1422 2665 cognouit,
1473 2609 1770 2665 perquiritque,
