1884 3126
132 918 168 945 10

135 1208 170 1235 15

774 244 1109 313 fixi<5
1485 208 1648 286 ⁷387

199 381 297 420 ante
329 376 492 419 collatis
536 376 695 442 templo
740 375 955 418 beneficiis
997 374 1232 418 cotidianos
1277 388 1425 417 eorum
1456 377 1651 430 sumptus

200 436 409 487 exhibuit,
441 438 646 490 tantaque
676 434 788 475 inter
817 434 932 490 ipsos
966 432 1146 487 religiosi
1183 432 1423 476 certaminis
1454 432 1650 474 alaciitas

198 494 291 546 fuit,
324 498 383 546 ut,
396 498 505 535 uter
526 494 568 535 in
590 492 716 535 deum
740 491 1024 534 uenerabilior
1045 491 1184 540 fuerit,
1216 492 1424 534 incertum
1447 490 1649 533 extiterit.

199 552 343 594 Prima
373 525 517 607 itaque
549 550 835 593 dedicacionis
867 550 935 591 die
957 563 1046 602 rex,
1080 550 1312 591 solenniter
1343 549 1492 591 altaria
1522 562 1650 591 uene-

197 615 328 676 ratus,
362 615 554 665 quartam
585 610 691 664 regii
722 608 1005 675 numismatis,
1038 606 1233 664 quartam
1255 623 1331 651 sue
1362 609 1404 649 in
1432 607 1547 650 ciues
1580 621 1651 650 ex-

198 669 403 720 accionis,
448 672 643 734 quartam
687 667 813 709 ‹stiui
860 681 1012 708 census
1039 673 1044 719 ι
1073 667 1316 731 porcionem
1367 666 1426 718 ei,
1470 666 1542 721 qui
1572 678 1650 721 pro

198 732 389 782 tempore
421 727 503 768 loci
534 726 709 768 antistes
742 725 942 778 extiterit,
977 725 1163 767 muneris
1196 725 1287 766 loeo
1320 729 1528 780 perpetuo
1557 724 1651 765 iure

199 784 499 852 possidendam
551 784 766 826 concessit.
838 782 928 825 Nec
970 784 1140 850 parcius
1187 783 1356 838 priuata
1400 783 1651 825 clericorum

1706 683 1735 709 p.
1755 673 1806 701 581

198 844 291 885 iura
323 848 497 895 tutatus,
528 843 580 884 ab
614 843 688 894 eis,
721 839 816 898 qui*
848 842 1022 883 sacra1ii
1054 857 1124 884 rus
1157 842 1373 893 excolunt,
1406 840 1652 883 uniuersum
1700 848 1805 879 cxvi»

200 915 309 957 pene
342 901 456 955 regie
487 900 701 956 pensionis
743 900 807 941 ius
839 900 1033 954 ascriptis
1077 901 1195 942 chori
1227 900 1425 942 ministris
1460 898 1650 941 deferen-

200 960 302 1001 dum
333 959 511 1001 curauit.
564 958 764 1000 Ceterum
805 956 1076 1013 detrect<at>e
1111 958 1404 1024 exp-edicionis
1438 972 1570 1024 penas
1603 971 1651 998 ac

177 1018 359 1061 vuiolate
402 1018 517 1073 pacis
560 1016 791 1058 uindictam
836 1030 1091 1082 eorumque,
1133 1016 1204 1072 qui
1236 1017 1485 1082 propinquis
1525 1015 1651 1057 uacui

199 1076 494 1129 decessissent,
529 1072 799 1119 heredilltates
841 1075 944 1129 regii
987 1076 1196 1116 duntaxat
1236 1075 1339 1116 iuris
1372 1088 1465 1116 esse
1498 1073 1647 1116 uoluit.

200 1135 353 1190 Itaque
386 1148 470 1175 non
494 1134 697 1175 minorem
720 1134 760 1174 in
786 1132 961 1175 edendis
984 1134 1241 1188 templorum
1265 1133 1499 1189 priuilegiis
1523 1145 1651 1198 quam

202 1191 457 1248 prestandis
487 1192 702 1234 beneficiis
744 1196 960 1233 auctorem
1003 1193 1102 1246 egit.
1171 1192 1227 1233 Et
1271 1196 1317 1237 ut
1359 1191 1524 1246 legibus
1562 1190 1649 1231 suis

203 1251 474 1293 eternitatem
507 1249 765 1302 conciliaret,
799 1264 869 1292 eas
892 1251 1132 1293 conuellere
1158 1255 1383 1297 conaturos
1415 1249 1651 1290 antistitum

203 1308 469 1351 execracioni
501 1308 692 1350 subiecit.
756 1307 887 1349 Cuius
919 1305 1081 1363 edilcti,
1113 1313 1211 1364 post
1242 1308 1416 1349 modum
1447 1322 1472 1349 a
1505 1307 1648 1348 multis

201 1373 361 1409 temere
385 1366 629 1423 pertentati,
660 1370 784 1408 uetus
806 1366 946 1408 adhuc
969 1367 1080 1408 racio
1105 1370 1364 1421 perseuerat.
1409 1365 1509 1408 Rex
1530 1379 1648 1418 uero,

154 1435 157 1438 '
202 1440 295 1467 cum
329 1427 370 1467 in
402 1425 595 1467 omnibus
617 1430 762 1466 sancte
791 1439 836 1466 se
869 1423 1164 1480 industrieque
1197 1425 1415 1479 gessisset,
1438 1424 1650 1479 precipue

130 1499 168 1525 20

131 2080 168 2106 30

131 2368 167 2395 35

199 1484 412 1538 religionis
434 1483 610 1528 caritate
634 1483 903 1537 conspicuum
929 1483 1108 1538 prebuit,
1141 1497 1219 1525 nec
1237 1496 1435 1551 umquam
1460 1485 1648 1523 remotos

200 1542 254 1583 ab
288 1541 556 1583 exactissimo
590 1541 679 1582 eius
713 1542 830 1582 cultu
865 1541 1009 1583 oculos
1042 1541 1204 1583 habuit.

340 1600 424 1649 Qui
463 1614 557 1642 cum
589 1600 767 1654 fratrum
798 1613 971 1641 suorum
1003 1599 1192 1651 turbam,
1225 1597 1648 1640 iuueniliterjntem-

201 1663 434 1714 per-antem,
464 1654 600 1713 patrie
631 1657 683 1698 ad
719 1657 887 1699 modum
912 1664 1105 1699 onustam
1140 1632 1316 1705 uilieret,
1348 1656 1477 1711 largis
1509 1655 1648 1698 uberi-

202 1717 365 1771 busque
410 1714 631 1771 stipendiis
677 1716 844 1768 alitam,
889 1730 974 1757 uno
1023 1716 1233 1757 duntaxat
1280 1714 1419 1756 Olauo
1468 1714 1648 1756 Slesuici

130 1792 146 1816 ι
200 1775 389 1830 partibus
422 1774 677 1829 presidente,
709 1774 750 1815 in
782 1774 1023 1816 clientelam
1056 1773 1300 1828 assumpsit,
1349 1786 1397 1813 ac
1428 1773 1648 1828 publicum

174 1832 365 1888 ‘pondus
407 1832 573 1887 priuato
616 1832 779 1873 leuauit
804 1832 1032 1887 impendio.
1095 1831 1286 1874 Tandem
1319 1830 1544 1872 Danorum
1574 1845 1649 1872 no-

203 1906 324 1944 men,
365 1891 489 1932 armis
535 1891 577 1931 in
624 1890 826 1932 desidiam
870 1891 1142 1941 cadentibus,
1183 1904 1208 1931 a
1238 1890 1404 1945 paterni
1447 1888 1649 1931 auunculi

200 1949 460 2003 temporibus
499 1948 710 1990 obrutum
765 1948 1117 1991 animaduertenti
1169 1947 1464 1991 nouandarum
1505 1960 1649 1990 rerum

201 2006 352 2062 cupido
395 2006 621 2061 subrepsit.
692 2006 837 2061 thue
879 2008 969 2049 eius
1011 2008 1196 2049 animum
1239 2006 1398 2048 cercius
1431 2019 1649 2062 represen-

198 2070 328 2115 taret,
377 2079 461 2106 non
509 2068 732 2106 contentus
778 2065 920 2116 studia.
966 2063 1043 2107 sua
1094 2064 1373 2107 orientalibus
1426 2062 1650 2106 decorasse

202 2123 412 2172 uictoriis,
453 2123 672 2177 Angliam,
715 2121 962 2166 infelicitate
995 2124 1214 2176 amissam,
1247 2121 1493 2164 hereditatis
1526 2121 1650 2163 duxit

200 2181 370 2223 nomine
408 2180 697 2236 repetendam.
770 2182 1010 2224 Recolebat
1049 2182 1175 2235 enim,
1205 2156 1403 2223 bellicam
1444 2181 1649 2222 maiorum

201 2240 380 2291 gloriam
426 2253 604 2294 cumque
647 2238 797 2294 opibus
838 2239 1001 2296 imperii
1038 2240 1143 2281 fines
1185 2239 1302 2280 nullo
1347 2239 1497 2294 magis
1523 2252 1649 2304 quam

202 2297 390 2351 Anglicis
450 2298 636 2338 creuisse
699 2295 865 2351 tistulis,
940 2298 1226 2364 maioremque
1288 2297 1346 2338 eis
1406 2311 1463 2338 ex
1524 2295 1647 2338 unius

198 2355 332 2396 insule
374 2368 499 2409 quam
535 2355 678 2397 tocius
718 2356 889 2397 orientis
928 2356 1073 2411 spoliis
1105 2355 1328 2397 incessisse
1359 2344 1645 2421 splendorem.

200 2413 239 2454 A
271 2427 450 2468 quorum
482 2412 725 2455 imitacione
767 2413 950 2456 deficere
989 2413 1129 2455 stolidi
1174 2426 1223 2454 ac
1264 2412 1487 2467 degeneris
1519 2412 1646 2454 animi

203 2486 319 2513 esse.
361 2471 581 2526 saciusque
614 2484 744 2526 regno
787 2485 931 2513 carere
962 2486 1091 2527 quam
1135 2472 1242 2513 inter
1272 2470 1451 2525 paruule
1484 2471 1646 2513 telluris

201 2529 419 2584 angustias
469 2529 675 2571 inclusum
728 2530 958 2572 maiestatis
1003 2544 1143 2572 usum
1185 2529 1354 2570 habere.
1432 2528 1492 2569 Vt
1545 2543 1645 2584 ergo

201 2587 474 2642 negociorum
507 2587 801 2629 conformitate
836 2588 1050 2630 maiorum
1081 2586 1316 2629 fortitudini
1359 2586 1647 2641 responderet,

1704 1080 1798 1117 (217)

1705 1324 1732 1349 p.
1754 1316 1805 1343 582

1703 2311 1728 2336 p.
1750 2303 1802 2330 5⁸33

136 2658 170 2686 ιο
202 2659 458 2701 operamque
491 2658 637 2688 eorum
669 2645 818 2688 studiis
842 2651 1170 2689 consentaneam
1192 2643 1350 2697 ederet,
1381 2649 1512 2700 atque
1544 2645 1648 2688 auiti
1711 2690 1714 2693 ,

1443 2712 1509 2748 25*
