1884 3126
125 881 158 908 10

126 1172 157 1198 15

120 1462 157 1489 20

116 2043 153 2071 30

140 2148 160 2168 χ

116 2332 152 2359 35

115 2625 152 2654 40

766 242 815 248 -
882 216 948 258 IX
1010 241 1062 246 ——
1558 219 1636 260 311

194 344 514 387 circunuentum
561 343 821 399 aggreditur.
884 344 1189 388 Conuiuialiter
1233 346 1288 388 ab
1329 361 1379 388 eo
1423 350 1640 402 exceptus,

194 408 404 444 armatum
437 402 686 444 subornauit
727 403 982 456 exercitum,
1027 405 1097 459 qui
1139 404 1337 446 simulata
1380 406 1642 448 mercacione

191 462 233 502 in
266 461 415 503 urbem
447 460 588 502 rhedis
632 460 838 502 aduectus
878 462 1054 517 hospitis
1087 462 1259 503 domum
1292 467 1497 504 nocturno
1530 464 1641 506 lace-

192 524 304 561 raret
349 519 525 562 assultu.
588 519 718 561 Cuius
761 519 970 560 latrocinii
1009 534 1180 561 manum
1224 525 1342 562 tanta
1379 520 1641 563 Withsercus

191 582 332 632 strage
362 577 556 632 perculit,
588 582 635 618 ut
666 578 885 619 hostilium
917 591 1140 633 corporum
1173 579 1341 619 cumulo
1376 580 1641 621 circunfusus

192 636 272 677 nisi
288 636 410 677 scalis
428 649 613 690 superne
630 635 812 676 admotis
829 635 1132 692 comprehendi
1149 637 1352 691 nequiret.
1400 637 1640 679 Duodecim

191 707 361 749 quoque
385 694 561 736 comites
585 694 672 735 eius
696 694 853 750 pariter
877 694 929 735 ab
960 694 1080 735 hoste
1113 695 1234 749 capti,
1268 694 1380 736 facta
1413 696 1490 737 sibi
1521 709 1640 750 repe-

190 751 318 793 tendo
341 752 475 808 patrie
500 756 724 807 potestate,
758 751 923 793 deuotis
954 765 1031 806 pro
1066 766 1165 806 rege
1200 753 1421 807 capitibus,
1454 754 1638 794 alienum

190 810 444 866 participare
478 811 727 865 periculum,
761 824 886 865 quam
918 824 1040 851 suum
1074 810 1258 852 abiicere
1293 811 1546 853 maluerunt.
1579 811 1639 852 At

189 868 366 920 Daxon,
411 869 581 924 egregie
622 868 854 910 Witbserci
899 868 1034 909 forme
1081 869 1357 910 miseracione
1405 873 1637 924 permotus,

192 927 399 968 orientem
421 927 727 981 speciosissime
750 926 903 968 indolis
926 927 1073 967 florem
1102 927 1344 968 conuellere
1377 942 1524 982 passus
1555 941 1639 968 non

189 989 266 1027 est.
321 984 398 1026 Cui
433 999 517 1026 non
551 989 717 1027 tantum
749 986 946 1038 salutem,
978 984 1051 1026 sed
1086 989 1128 1026 et
1159 984 1286 1025 filiam
1318 985 1488 1027 dimidio
1519 986 1638 1039 regni

190 1043 255 1084 sui
285 1043 475 1085 dotatam
520 1044 561 1084 in
603 1044 915 1085 matrimonium
950 1043 1124 1093 obtulit,
1168 1056 1216 1084 ac
1247 1042 1392 1085 decori
1423 1043 1639 1085 incolumi-

190 1106 321 1143 tatem
365 1115 491 1157 quam
532 1101 779 1143 fortitudini.
816 1115 969 1157 penam
1003 1101 1154 1141 afferre
1186 1101 1346 1143 maluit.
1410 1101 1488 1143 Ille
1522 1115 1637 1153 uero,

188 1160 378 1215 precarie
409 1161 496 1201 uite
530 1174 654 1201 usum
686 1160 814 1201 animi
853 1158 1145 1214 magnitudine
1186 1159 1521 1214 floccipendens,
1564 1160 1638 1199 im-

189 1218 429 1274 punitatem
480 1218 658 1274 perinde
709 1223 838 1273 atque
888 1217 1112 1273 paruulum
1166 1217 1352 1273 aliquod
1386 1217 1637 1259 beneficium

189 1276 367 1331 respuit,
401 1277 548 1318 mortis
571 1277 832 1318 sentenciam
856 1290 932 1317 sua
954 1280 1106 1330 sponte
1138 1276 1400 1330 complexus,
1434 1275 1637 1331 prefatus,

190 1334 435 1389 Regnerum
455 1334 532 1388 [in]
551 1334 780 1376 uindictam
798 1334 869 1374 filii
890 1332 894 1389 Ι
915 1334 1125 1375 remissius
1146 1339 1407 1386 exacturum,
1432 1334 1462 1374 si
1482 1348 1576 1375 eum
1595 1334 1636 1374 in

191 1392 389 1447 eligendo
421 1393 566 1434 mortis
598 1406 754 1448 genere
786 1393 958 1447 proprio
992 1406 1113 1432 usum
1145 1392 1315 1433 arbitrio
1351 1393 1636 1446 comperisset.

189 1449 321 1492 Cuius
354 1451 639 1493 temeritatem
672 1451 917 1492 ammiratus
961 1450 1118 1496 hostis,
1160 1464 1210 1490 ea
1241 1450 1318 1490 fati
1349 1450 1510 1505 specie,
1554 1463 1637 1504 qua

187 1508 279 1563 ipse
310 1509 351 1549 in
385 1523 429 1550 se
462 1509 857 1562 animaduertisset,
905 1507 1237 1549 consumendum
1281 1522 1372 1549 esse
1413 1507 1635 1562 promittit.

190 1567 330 1614 Quam
361 1567 602 1610 libertatem
634 1567 800 1608 iuuenis
832 1567 1016 1622 ingentis
1050 1566 1242 1607 beneficii
1273 1566 1364 1607 loco
1387 1565 1633 1620 suscipiens,

180 1625 378 1666 uinctum
401 1640 446 1667 se
468 1639 563 1667 cum
589 1626 712 1667 sociis
745 1626 923 1667 cremari
954 1624 1120 1680 petiuit.
1163 1623 1252 1665 Nec
1275 1624 1460 1678 segniter
1482 1623 1633 1665 Daxon

188 1683 323 1724 auidis
355 1683 433 1724 fati
464 1684 658 1739 precibus
691 1684 929 1733 obsecutus,
967 1696 1043 1738 pro
1076 1682 1279 1723 beneficio
1313 1685 1457 1736 optate
1487 1681 1635 1722 mortis

138 1753 151 1777 .-
186 1741 439 1797 supplicium
473 1743 682 1796 erogauit.
746 1741 840 1789 Quo
874 1740 1019 1782 audito
1053 1740 1297 1795 Regnerus,
1341 1739 1550 1780 obstinato
1582 1738 1635 1779 ad

186 1799 453 1841 moriendum
486 1800 617 1851 luctu,
648 1813 729 1842 nou
762 1799 889 1841 modo
915 1812 1119 1839 merorem
1142 1798 1290 1850 induit,
1324 1811 1473 1838 uerum
1497 1801 1536 1837 et
1560 1810 1635 1850 per

187 1872 394 1898 summam
417 1859 544 1899 animi
568 1858 851 1912 egritudinem
874 1857 1031 1899 lectulo
1055 1871 1208 1911 corpus
1240 1855 1391 1907 affixit,
1426 1854 1635 1896 dolorem-

187 1929 267 1970 que
300 1922 552 1971 conceptum
584 1916 744 1971 gemitu
778 1914 992 1970 patefecit.
1056 1914 1194 1962 Quem
1227 1914 1442 1964 coniunx,
1471 1912 1634 1953 uirilem

185 1987 461 2029 supergressa
492 1974 703 2022 fiduciam,
735 1972 1033 2015 imbecillitatis
1064 1972 1315 2027 increpitum
1350 1970 1459 2012 uirili
1483 1970 1634 2011 adhor-

183 2032 350 2073 tacione
392 2033 598 2077 firmauit,
640 2035 974 2086 reuocatumque
1020 2044 1044 2070 a
1086 2044 1249 2071 merore
1292 2029 1478 2070 animum
1518 2041 1634 2069 arma

184 2089 416 2145 impensius
435 2090 648 2132 celebrare
664 2090 902 2146 perdocuit,
925 2088 1154 2140 affirmans,
1179 2087 1451 2128 fortissimum
1469 2092 1631 2141 patrem

186 2154 385 2190 cruentos
418 2148 488 2189 filii
521 2148 682 2191 cineres
723 2148 874 2189 iustius
915 2147 1039 2188 armis
1073 2160 1198 2201 quam
1230 2145 1457 2200 lachrymis
1490 2145 1632 2199 expia-

186 2210 338 2247 turum.
381 2206 547 2248 Monuit
578 2220 759 2262 quoquc,
792 2219 844 2247 ne
876 2205 1139 2246 muliebriter
1169 2205 1323 2256 lugens
1356 2207 1521 2244 tantum
1553 2202 1630 2243 sibi

183 2264 410 2318 ignominie
442 2265 543 2306 fletu
574 2264 779 2320 pa]{reret,
823 2268 1028 2320 quantum
1073 2267 1200 2304 antea
1242 2261 1442 2302 claritatis
1474 2261 1630 2301 uirtute

177 2327 470 2367 contraxerat.
514 2323 581 2364 Ad
606 2323 716 2365 hanc
740 2336 887 2364 uocem
912 2322 1069 2362 ueritus
1093 2320 1332 2374 Regnerus,
1354 2333 1405 2359 ne
1431 2318 1630 2373 pristinos

185 2380 442 2421 fortitudinis
474 2381 620 2422 titulos
652 2380 895 2422 effeminato
929 2392 1094 2420 merore
1141 2380 1401 2429 contereret,
1444 2375 1630 2417 discusso

184 2439 377 2480 mesticie
394 2439 541 2480 habitu
560 2438 850 2494 depositisque
874 2437 1032 2478 doloris
1055 2435 1303 2489 insignibus,
1320 2433 1632 2489 promptissima

185 2495 372 2538 uindicte
394 2511 468 2552 spe
491 2498 702 2539 iacentem
728 2496 951 2537 reuocauit
982 2494 1220 2535 audaciam.
1264 2492 1384 2533 Adeo
1417 2490 1630 2532 interdurn

184 2553 239 2595 ab
271 2553 467 2595 inualidis
498 2554 631 2596 forcia
674 2554 929 2595 roborantur
972 2551 1156 2605 ingenia.
1218 2550 1344 2591 Iuaro
1380 2562 1479 2603 ergo
1512 2548 1631 2602 regni

184 2612 361 2655 tutelam
404 2612 624 2670 deferens,
667 2610 981 2672 Vbbonemque
1026 2609 1200 2671 pristine
1241 2607 1379 2662 gracie
1421 2605 1630 2652 redditum

1692 1343 1790 1376 p.457

1683 2277 1766 2311 (175)
