1884 3126
50 901 85 928 10

46 1192 81 1219 15

41 1482 79 1509 20

42 1772 79 1800 25

41 2064 78 2091 30

42 2355 79 2383 35

47 2645 82 2674 40

662 262 715 267 —
774 238 912 281 XIIII
972 261 1025 268 —-
1480 240 1558 282 601

120 370 232 420 crat,
280 380 376 406 cum
422 380 519 416 rex,
564 367 762 421 contigue
809 367 944 409 noctis
987 370 1123 420 metu,
1167 366 1264 422 quid
1299 366 1563 422 potissimum

117 428 276 479 ageret,
299 424 497 469 incertus.
529 438 668 466 seram
692 424 838 479 oppidi
859 425 1102 480 capcionem
1123 425 1399 481 futurumque
1420 425 1563 481 pontis

116 482 358 524 incendium
391 482 631 523 uerebatur.
695 483 799 530 Quis
837 483 962 525 rebus
995 498 1091 525 cum
1123 497 1168 525 se
1199 485 1343 538 urgeri
1376 483 1563 524 animad-

115 545 314 591 uerteret,
359 555 412 582 ne
445 540 558 581 uicto
591 540 733 581 similis
766 555 918 594 magno
954 556 1050 583 cum
1092 541 1262 595 ignauie
1291 544 1295 589 Ι
1323 542 1479 583 rubore
1508 542 1561 583 ab

117 598 441 654 oppugnacione
464 598 710 649 discederet,
741 599 791 640 ad
828 599 1051 641 intuendas
1075 599 1250 640 Otimari
1282 614 1428 655 preces
1459 614 1562 656 pau-

115 656 232 697 latim
263 657 449 698 animum
484 657 672 699 deflexit.
736 657 872 705 Quem
906 657 1221 713 desperacionis
1261 672 1442 700 errorem
1475 658 1563 699 Ab·

117 714 246 762 salon,
281 728 375 756 cum
407 715 567 769 ingenti
599 714 730 770 preda
751 716 1070 770 superueniens,
1104 715 1266 757 consilii
1290 716 1304 769 Η
1327 717 1563 771 sagacitate

116 773 219 814 mire
251 772 460 815 discussit.
507 773 721 828 Siquidem
745 787 903 827 regem,
936 774 970 814 si
1002 787 1046 815 se
1076 774 1225 828 ignaro
1250 772 1426 815 Otimari
1450 775 1561 816 uotis

116 835 344 886 annueret,
389 835 637 884 execratus,
670 832 1033 886 interpretemque
1076 831 1284 873 secrecius
1316 831 1561 886 abductum,

116 902 367 945 quecunque
400 903 424 930 a
457 889 638 931 barbaro
664 889 840 945 pacifice
862 892 1158 942 tractarentur,
1191 891 1400 931 contrario
1433 889 1559 932 modo

115 961 332 1002 exponere
354 946 564 998 hortatus,
585 951 774 989 armatus
797 948 838 988 in
864 951 1037 1002 pontem
1061 947 1291 1001 descendit,
1313 948 1560 1002 militesque,

115 1019 212 1047 eum
244 1005 510 1061 prohibende
540 1019 684 1061 pugne
719 1005 860 1059 gracia
892 1004 1043 1047 adesse
1075 1010 1201 1056 ratos,
1233 1005 1369 1047 acrius
1402 1007 1561 1048 instare

116 1063 345 1118 compellit,
378 1064 565 1120 predam,
597 1064 631 1104 si
663 1064 907 1115 uincerent,
941 1077 1087 1104 corum
1120 1064 1223 1104 iuris
1254 1062 1438 1105 futuram
1471 1065 1561 1118 pol-

113 1121 265 1164 licitus.
329 1122 463 1162 Grata
493 1122 695 1163 militibus
727 1121 948 1178 promissio
980 1122 1072 1162 fuit.
1143 1120 1319 1177 Iamque
1362 1122 1559 1177 explicito

115 1193 269 1235 opere,
312 1180 471 1222 alacres
511 1194 593 1221 non
634 1180 768 1221 solum
814 1180 974 1229 telluris
1015 1179 1195 1227 aditum,
1238 1178 1310 1221 sed
1358 1184 1397 1221 et
1435 1181 1560 1221 turris

114 1237 330 1292 fastigium
365 1243 599 1294 occupant3
634 1253 760 1293 quam
805 1238 928 1282 scalis
962 1237 1250 1293 gradibusque
1282 1237 1433 1291 adorti,
1466 1238 1560 1280 fun-

114 1295 218 1337 dunt
261 1297 437 1349 obuios,
483 1297 726 1339 resistentes
769 1296 1036 1337 obtruncant.
1109 1295 1228 1337 Tunc
1278 1295 1560 1349 Herberthus,

114 1368 240 1409 eques
273 1354 484 1404 nameus,
516 1369 589 1402 ne,
622 1355 759 1410 pontis
791 1354 998 1409 angustiis
1032 1353 1312 1395 officientibus
1354 1369 1404 1396 ac
1436 1354 1559 1396 turba

114 1412 321 1455 sociorum
355 1413 564 1459 obstante.
595 1412 757 1454 tardior
788 1413 1100 1467 superueniret,
1131 1411 1299 1453 facilem
1329 1412 1380 1452 ad
1416 1412 1559 1454 hostes

112 1470 332 1512 transitum
367 1485 480 1513 nouo
513 1471 762 1527 irrupcionis
793 1484 948 1525 genere
970 1470 1165 1525 quesiuit.
1208 1469 1391 1523 Etenim,
1423 1485 1560 1512 armo-

111 1542 203 1570 rum
246 1543 376 1571 onere
417 1535 610 1571 retento.
642 1529 855 1582 profundo
889 1543 934 1570 se
965 1528 1165 1580 credidit,
1199 1541 1389 1584 quosque
1422 1529 1555 1581 gradu

111 1601 197 1628 non
242 1591 434 1642 poterat,
480 1587 714 1629 incredibili
762 1585 890 1628 nandi
938 1587 1095 1628 uirtute
1140 1586 1355 1641 precessit.
1431 1586 1556 1634 Quod

111 1645 268 1686 factum
311 1645 814 1698 emulantibusceteris,
857 1650 1044 1686 teneram
1088 1644 1228 1699 pontis
1261 1645 1556 1699 compaginem

111 1703 292 1744 militum
323 1718 547 1746 concursus
578 1710 757 1758 repente
790 1702 1013 1744 subsidere
1047 1702 1200 1756 coegit.
1264 1701 1394 1744 Cuius
1437 1703 1558 1744 ruina

1618 550 1644 573 p.
1663 542 1714 568 886

1617 714 1712 749 (345)

114 1762 374 1803 Absalonem
397 1761 593 1817 quoquess
617 1763 726 1803 inter
749 1762 854 1802 alios
887 1774 1110 1802 excussum
1133 1760 1421 1816 pessundedit.
1469 1760 1552 1809 Qui
1573 1761 1758 1790 0¹¹XX¹X¹³

113 1832 208 1860 cum
239 1820 367 1861 nandi
399 1824 493 1862 astu
526 1820 709 1870 calleret,
740 1819 908 1861 tametsi
950 1818 1076 1860 armis
1109 1819 1271 1860 obsitus
1304 1824 1437 1871 esset,
1471 1832 1556 1860 non

112 1877 246 1918 solum
279 1878 389 1919 inter
438 1878 572 1920 undas
620 1892 792 1920 securus
840 1876 1035 1927 emersit,
1084 1891 1230 1918 uerum
1273 1877 1406 1918 eciam
1438 1876 1557 1930 alios,

112 1935 204 1976 eius
249 1936 349 1977 artis
388 1937 581 1989 ignaros,
624 1936 676 1977 ab
708 1935 943 1977 imminenti
983 1934 1169 1990 periculo
1203 1938 1317 1975 tutos
1360 1934 1557 1989 prestitit.

111 1993 284 2034 Interea
309 1994 462 2041 Sclaui,
494 2009 577 2035 non
610 1994 938 2049 suppetentibus
969 1992 1022 2033 ad
1044 1992 1193 2045 fugam
1218 1993 1410 2046 nauigiis,
1434 1993 1557 2034 doliis

109 2066 156 2093 se
189 2052 453 2094 committere
484 2053 591 2106 ausi,
623 2053 771 2094 iisdem
806 2066 881 2107 pro
915 2050 1183 2092 rotunditatis
1206 2050 1352 2091 habitu
1393 2050 1559 2091 circun-

112 2109 401 2159 uoluentibus,
423 2111 476 2152 ab
498 2110 824 2166 insequentibus
849 2113 1124 2164 occupantui.
1171 2108 1251 2156 Qui
1285 2108 1479 2149 nimirum
1502 2107 1557 2149 ob

111 2167 358 2209 inusitatum
392 2168 620 2222 nauigandi
651 2183 706 2223 gt
713 2183 789 2210 nus
821 2172 867 2208 ut
899 2167 982 2208 suis
1010 2166 1283 2216 miserabiles,
1314 2166 1372 2207 ita
1404 2165 1558 2207 nostris

110 2225 275 2267 ridiculi
305 2226 440 2269 fuere.
501 2227 657 2283 'Itaque
688 2225 871 2268 ludibrio
905 2225 1118 2280 permixta
1151 2238 1298 2265 eorum
1335 2223 1555 2265 infelicitas

112 2288 215 2326 erat.
280 2282 416 2339 Capto
448 2285 566 2338 uico,
602 2284 863 2326 trucidantur
898 2296 1055 2334 mares,
1087 2282 1242 2323 femine
1274 2282 1554 2337 captiuantur.

110 2341 248 2383 Fuere
281 2342 426 2395 eciam,
462 2343 532 2398 qui
564 2343 651 2391 reori
685 2340 879 2397 capiendi
912 2339 1089 2381 Otimari
1123 2339 1341 2382 consilium
1382 2340 1557 2381 instilla-

114 2403 230 2449 rent3
273 2412 419 2454 quem,
458 2415 511 2442 ne
551 2402 734 2443 recentis
775 2399 952 2440 uictorie
992 2397 1171 2453 gloriam
1214 2398 1335 2438 unius
1379 2396 1559 2438 hominis

113 2456 274 2511 perfida
306 2458 511 2513 capcione
543 2460 849 2513 corr,umperet
884 2456 1134 2497 inuiolatum
1159 2455 1329 2509 dimisit,
1363 2454 1558 2510 hostique

113 2528 285 2570 parcere
332 2530 458 2570 quam
500 2516 614 2558 fame
660 2528 814 2557 nocere
855 2514 1016 2555 maluit.
1094 2512 1199 2555 Cum
1247 2512 1357 2554 omni
1403 2511 1557 2555 deinde

113 2573 304 2615 exercitu
334 2573 558 2628 pristinum
590 2574 668 2616 iter
699 2585 941 2623 remensus,
974 2571 1088 2625 prius
1119 2571 1320 2619 classem,
1353 2584 1454 2612 mox
1485 2584 1559 2625 pa-

113 2631 235 2672 triam
268 2632 480 2687 repetiuit.
