1884 3126
128 883 164 910 10

130 1174 165 1201 15

129 1465 166 1492 20

127 1754 164 1781 25

128 2047 165 2075 30

128 2338 166 2365 35

131 2629 168 2655 40

787 242 843 248 —
901 218 944 260 V
1004 245 1057 250 --
1560 227 1640 267 167

196 343 528 400 magnitudinem
562 344 651 386 eius
690 343 952 388 adulacionis
996 346 1133 389 officio
1165 349 1363 405 prosequi
1395 350 1525 406 cepit,
1566 350 1641 393 sed

197 403 330 445 eciam
362 402 642 445 domitoribus
681 404 881 457 gencium
911 404 1043 446 Danis
1075 420 1192 447 suam
1224 408 1445 464 patrieque
1477 409 1641 452 subiec-

197 462 361 503 cionem
383 461 611 517 promittitg
644 461 888 516 pensiones,
923 477 1113 516 censum,
1144 466 1380 520 uectigalia,
1412 467 1504 508 siue
1525 467 1639 523 quic-

198 519 298 575 quid
341 523 612 575 expeterent,
654 519 874 562 offerebat.
935 520 1004 561 Ad
1047 521 1236 564 ultimum
1280 523 1542 579 hospitaliter
1582 525 1642 566 in-

198 577 396 620 uitandos
438 580 573 619 curat.
633 576 767 619 Grata
802 577 1012 620 Frothoni
1042 578 1235 621 Britanni
1276 581 1511 624 humanitas
1550 583 1640 631 fuit,

198 650 439 691 quanquam
486 634 573 676 doli
617 636 902 691 suspicionem
960 636 1093 678 aleret
1150 643 1235 679 tam
1282 638 1413 680 facilis
1458 641 1641 682 omnium

198 694 358 750 absque
401 693 626 736 coaccione
662 694 908 749 promissio,
952 701 1037 736 tam
1078 700 1275 751 prompta
1315 697 1501 739 hostium
1543 702 1641 740 ante

201 752 310 794 bella
357 751 546 806 dedicio,
589 766 670 807 que
717 766 811 793 raro
858 766 1039 808 syncera
1069 754 1153 796 fide
1198 755 1490 797 amministrari
1523 756 1640 797 solet.

197 810 461 854 Lacessebat
493 824 663 865 quoque
686 811 867 852 conuiuii
892 816 1040 863 metus,
1073 809 1257 867 ueriltos,
1289 827 1343 854 ne
1373 813 1640 855 clandestinis

197 869 358 910 insidiis
406 871 685 925 appeteretur
730 869 950 911 subeuntis
1004 871 1174 925 crapule
1226 871 1385 926 laqueis
1432 871 1643 926 implicata

199 928 418 969 sobrietas.
482 926 680 968 Ceterum
712 927 846 969 rarior
876 927 1150 969 inuitatorum
1175 943 1374 971 numerus
1406 928 1643 981 uidebatur,

198 1000 325 1041 quam
357 989 404 1026 ut
437 989 529 1026 tuto
563 985 758 1026 inuitanti
800 999 951 1040 parere
984 991 1172 1040 possent.
1234 987 1432 1042 Ineptum
1473 1000 1641 1042 quoquc

199 1044 500 1095 existimatum,
531 1043 754 1099 inexperte
777 1043 961 1086 hostium
983 1043 1080 1085 fidei
1110 1043 1283 1087 credere
1306 1045 1487 1086 salutem
1509 1058 1642 1086 suam.

201 1102 295 1151 Qua
316 1116 394 1144 rex
414 1101 623 1143 mencium
645 1102 927 1144 fluctuacione
960 1106 1187 1158 comperta,
1219 1102 1358 1145 denuo
1382 1103 1642 1144 Frothonem

198 1160 385 1212 accedit,
429 1174 525 1202 cum
557 1159 725 1201 duobus
756 1160 924 1202 milibus
956 1174 1004 1202 ac
1035 1160 1355 1215 quadringentis
1396 1161 1496 1202 uiris
1541 1174 1642 1215 epu-

197 1219 382 1260 laturum
414 1232 647 1267 accersens,
680 1231 804 1273 quem·
835 1223 934 1259 ante
967 1233 1060 1260 cum
1092 1218 1204 1260 mille
1237 1219 1429 1269 ducentis
1460 1218 1642 1274 proceri-

198 1277 276 1319 bus
298 1277 543 1319 conuiuium
564 1275 668 1317 inire
691 1281 953 1332 poposcerat.
999 1276 1175 1326 Frotho,
1197 1276 1382 1319 nondum
1405 1276 1641 1331 suspicione

198 1335 414 1390 deposita,
459 1348 701 1390 quanquam
734 1334 917 1376 adaucto
958 1335 1235 1376 inuitatorum
1278 1348 1451 1376 numero
1493 1334 1641 1386 fretus,

197 1392 564 1448 petendiconuiuii
582 1392 777 1435 fiduciam
797 1398 939 1435 mente
968 1407 1212 1449 presumere
1236 1397 1396 1448 posset,
1425 1393 1641 1445 subornat,

199 1451 268 1507 qui
299 1451 487 1507 regionis
521 1451 664 1493 abdita
695 1456 1015 1506 percurrentes,
1052 1450 1188 1506 siquid
1218 1451 1463 1492 insidiarum
1494 1463 1641 1504 specu-

198 1509 325 1552 lando
359 1509 748 1564 deprehenderent,
791 1510 907 1552 ocius
939 1509 1215 1551 intimandum
1248 1512 1456 1551 curarent.
1514 1508 1642 1549 Cuius

197 1568 259 1610 rei
311 1582 440 1610 causa
471 1582 629 1625 ‘nemu-s
669 1567 871 1622 ingressi,
910 1573 1080 1623 reperta
1121 1571 1351 1609 castrorum
1404 1567 1518 1619 acie,
1561 1579 1641 1620 que

198 1626 502 1668 Britannorum
535 1625 676 1682 copias
717 1626 946 1679 attinebat,
990 1625 1166 1667 dubium
1205 1639 1396 1680 pressere
1437 1638 1639 1679 gressum.

198 1684 257 1726 At
289 1684 360 1726 ubi
392 1698 458 1726 res
482 1683 681 1740 liquidius
705 1684 848 1738 agnita
882 1689 958 1737 est,
990 1683 1141 1739 pedem
1164 1682 1321 1725 referre
1345 1682 1638 1738 deproperant.

196 1742 340 1784 Furua
372 1742 581 1798 siquidem
611 1743 796 1784 tentoria
840 1742 957 1784 fuere
1005 1746 1046 1784 et
1078 1741 1197 1796 quasi
1227 1741 1356 1797 piceis
1388 1738 1639 1795 quibusdam

199 1801 428 1842 obscurata
458 1800 739 1856 tegminibus,
783 1815 866 1856 quo
911 1800 1048 1841 minus
1089 1799 1282 1842 obtutum
1322 1796 1640 1854 propinquantis

199 1858 475 1901 offenderent.
559 1858 654 1907 Quo
707 1859 899 1914 cognito,
947 1857 1110 1899 Frotho
1162 1856 1368 1898 ualidiore
1419 1869 1641 1911 procerum

198 1930 325 1959 manu
366 1920 534 1959 mutuas
577 1916 794 1972 dispensat
834 1916 1029 1970 insidias,
1071 1929 1146 1969 ne,
1192 1914 1385 1956 conuiuio
1427 1913 1639 1955 incaucius

198 1974 339 2030 adito,
382 1977 631 2031 opportunis
669 1975 937 2017 fraudaretur
980 1973 1160 2015 auxiliis.
1233 1972 1395 2020 Quibus
1436 1970 1643 2013 latebram

198 2034 353 2087 nactis,
394 2033 572 2076 ferende
605 2034 697 2089 opis
738 2033 909 2088 signum
940 2032 993 2074 ad
1035 2031 1129 2074 litui
1161 2031 1344 2072 sonitum
1383 2028 1639 2085 prenotauit.

197 2090 366 2133 Deinde
405 2106 501 2134 cum
546 2096 708 2134 statuta
751 2106 900 2142 manu,
946 2089 1032 2132 leui
1072 2103 1282 2131 armorum
1323 2101 1479 2143 genere
1518 2087 1640 2136 culta,

199 2150 445 2192 conuiuium
489 2150 611 2205 petit.
681 2150 795 2192 Aula
839 2154 929 2191 erat
970 2148 1084 2190 cultu
1125 2146 1440 2202 magnificencie
1486 2143 1640 2198 regalis

197 2208 422 2260 instructa,
469 2208 604 2250 auleis
637 2212 751 2250 ostro
783 2208 924 2250 tinctis
965 2205 1151 2261 undique
1191 2212 1312 2247 secus
1356 2204 1558 2255 obducta,
1601 2202 1642 2241 in

199 2266 349 2321 quibus
381 2266 542 2308 mirifici
581 2267 708 2308 luxus
752 2280 926 2322 operam
967 2270 1210 2307 annotares.
1273 2262 1445 2304 Cortina
1484 2260 1641 2302 murice

197 2325 312 2380 picta
346 2329 591 2380 compactos
622 2324 737 2379 ligno
760 2324 945 2379 parietes
969 2321 1218 2364 adornabat.
1264 2320 1488 2362 Constrata
1519 2317 1641 2373 pallis

199 2382 468 2424 nitidioribus
498 2382 787 2437 pauimenta?
829 2397 933 2438 quas
974 2380 1086 2436 pede
1127 2392 1318 2435 premere
1358 2377 1640 2433 perhorreres.

199 2440 395 2496 Superne
438 2453 632 2483 cerneres
674 2441 842 2482 crebras
883 2440 1039 2481 micare
1078 2438 1293 2489 lucernas,
1342 2435 1507 2477 adultas
1548 2433 1641 2474 oleo

196 2498 418 2553 lampades
451 2498 714 2541 choruscare.
758 2497 825 2539 Ex
856 2497 1008 2540 acerris
1031 2509 1200 2551 quoque
1230 2492 1466 2548 fragrancia
1496 2489 1644 2532 funde-

201 2557 348 2611 batur,
385 2570 511 2611 quam
544 2556 818 2598 suauissimus
850 2568 985 2610 uapor
1016 2552 1235 2608 exquisitis
1268 2549 1511 2593 cumulabat
1543 2547 1644 2590 odo-

200 2614 329 2658 ribus.
391 2614 611 2657 Ambitum
655 2628 823 2660 omnem
863 2612 1157 2670 frequentibus
1190 2609 1324 2665 epulis
1363 2621 1507 2650 mense
1548 2619 1645 2649 con-

1741 826 1791 854 252

1712 2382 1772 2413 121⁶
