1884 3126
121 579 137 605 5

104 866 138 894 10

109 1157 140 1184 15

104 1448 141 1475 20

737 227 786 231 —
850 205 944 247 1111
1009 231 1061 235 ——
1537 211 1616 251 113

169 338 301 376 sente.
343 333 394 375 In
425 333 700 389 prouerbium
731 332 845 388 apud
878 338 1048 376 exteros
1081 334 1268 388 ductum,
1300 335 1414 391 quod
1436 337 1618 392 priscum

171 392 398 434 dimicandi
428 393 494 434 ius
527 391 668 446 regius
700 390 998 435 labefactasset
1030 393 1240 434 interitus.

311 450 505 506 Cumque
550 449 841 491 Wermundus
887 450 1010 492 etatis
1054 450 1165 492 uicio
1216 451 1345 493 oculis
1388 452 1621 506 orbaretur,

172 507 361 550 Saxonie
382 523 470 562 rex,
492 508 676 550 Daniam
693 507 801 549 duce
818 521 997 550 uacuam
1018 513 1148 561 ratus,
1181 508 1337 564 ei[que]
1360 524 1435 565 per
1457 511 1620 565 legatos

168 567 354 622 mandat,
387 581 590 622 regnum,
637 565 751 621 quod
783 571 928 621 preter
961 568 1083 608 etatis
1117 567 1304 608 debitum
1337 573 1501 614 teneat,
1542 569 1620 610 sibi

167 624 480 681 procurandum
514 626 763 678 committat,
808 639 861 666 ne
904 625 1023 666 nimis
1065 625 1193 679 longa
1223 625 1388 681 imperii
1419 626 1620 668 auiditate

168 683 348 739 patriam
381 683 546 738 legibus
579 683 791 738 armisque
824 683 1040 725 destituat,
1104 683 1294 731 Qualiter
1337 685 1446 725 enim
1476 698 1619 739 regem

169 742 331 783 censeri
361 756 511 797 posse,
557 741 621 782 eui
655 745 851 783 senectus
894 741 1100 795 animum,
1147 742 1298 783 cecitas
1332 742 1499 783 oculum
1530 742 1621 798 pari

170 800 359 854 caliginis
405 800 580 846 horrore
623 799 887 841 fuscauerit‘?
951 799 1075 847 Quod
1115 799 1146 840 si
1189 800 1365 853 abnuat,
1404 800 1619 856 filiumque

168 858 348 911 habeat,
395 859 465 914 qui
496 872 593 900 cum
632 872 709 899 suo
744 872 798 899 ex
838 858 1150 913 prouocacione
1183 858 1409 912 confligere
1454 858 1620 911 audeat,

170 917 376 958 uictorem
406 930 537 972 regno
570 917 695 969 potiri
727 916 958 971 permittat.
1007 915 1051 958 Si
1071 919 1271 958 neutrum
1299 916 1463 971 probet,
1497 917 1620 958 arinis

170 989 328 1027 secum,
361 989 446 1016 non
478 974 645 1017 monitis
677 974 891 1027 agendum
915 978 1158 1029 cognoscat,
1193 981 1239 1015 ut
1263 974 1433 1016 tandem
1463 974 1621 1015 inuitus

170 1033 373 1088 prebeat,
433 1033 546 1088 quod
593 1033 809 1075 ultroneus
857 1032 1061 1074 exhibere
1110 1036 1363 1073 contemnat.
1434 1031 1503 1073 Ad
1545 1031 1622 1073 hec

172 1090 476 1144 Wermundus,
494 1091 721 1133 alcioribus
739 1090 926 1146 suspiriis
942 1089 1112 1140 fractus,
1130 1090 1421 1145 impudeneius
1437 1105 1482 1132 se
1498 1090 1622 1132 etatis

173 1149 510 1204 exprobracione
540 1149 719 1192 lacerari
742 1149 970 1204 respondit,
1003 1162 1126 1203 quem
1149 1163 1232 1190 non
1266 1148 1362 1190 ideo
1388 1148 1468 1190 huc
1489 1148 1622 1189 infeli-

171 1207 306 1248 citatis
325 1212 522 1249 senectus
539 1207 799 1263 prouexerit,
819 1206 932 1262 quod
953 1221 1094 1261 pugne
1106 1221 1256 1262 parcus
1273 1206 1457 1260 timidius
1474 1206 1623 1247 iuuen-

171 1270 258 1306 tam
282 1266 483 1322 exegerit.
524 1265 612 1307 Nec
636 1266 781 1321 apcius
797 1266 872 1306 sibi
898 1265 1086 1307 cecitatis
1103 1265 1255 1306 uicium
1276 1265 1486 1316 obiectari,
1509 1263 1621 1319 quod

170 1324 405 1379 plerunque
428 1324 562 1366 talem
583 1324 707 1365 etatis
731 1323 919 1364 habitum
944 1323 1038 1365 talis
1062 1324 1224 1364 iactura
1248 1322 1449 1377 consequi
1473 1323 1621 1375 soleat,

171 1382 402 1437 pociusque
413 1381 725 1423 condolendum
738 1381 966 1422 calamitati
978 1395 1103 1436 quam
1118 1379 1621 1422 insultandumuideatur.

172 1439 337 1481 Justius
366 1445 510 1482 autem
532 1439 719 1482 Saxonie
749 1439 837 1495 regi
859 1440 1133 1495 impaciencie
1155 1443 1300 1480 notam
1323 1438 1462 1480 afferri
1483 1451 1622 1493 posse,

173 1511 298 1553 quem
330 1499 477 1554 pocius
510 1498 621 1539 senis
652 1498 786 1540 fatum
811 1498 1011 1553 opperiri,
1046 1511 1169 1551 quam
1192 1497 1415 1552 imperium
1447 1510 1623 1551 poscere

174 1556 398 1610 decuisset,
433 1556 547 1614 quod
574 1556 790 1612 aliquanto
812 1560 974 1612 prestet
996 1555 1196 1597 defuneto
1228 1554 1464 1608 succedere,
1497 1568 1622 1609 quam

124 1643 127 1645 >
173 1615 321 1655 uiuum
361 1615 559 1670 spoliare.
630 1616 685 1656 Se
732 1620 899 1667 tamen,
947 1629 1001 1656 ne
1044 1618 1243 1668 tanquam
1287 1612 1443 1654 delirus
1487 1612 1621 1667 prisce

105 1739 141 1767 25

108 2031 144 2057 30

108 2322 143 2349 35

108 2616 145 2644 40

171 1672 379 1714 libertatis
410 1673 554 1714 titulos
587 1677 764 1715 externo
803 1672 999 1714 uideatur
1030 1672 1270 1727 mancipare
1303 1670 1500 1714 dominio,
1532 1684 1624 1725 pro-

172 1730 264 1786 pria
294 1745 423 1772 manu
453 1731 753 1786 prouocacioni
785 1731 1036 1786 pariturum.
1097 1730 1165 1771 Ad
1208 1730 1285 1770 hec
1324 1728 1476 1783 legati,
1517 1728 1622 1769 scire

173 1803 219 1830 se
250 1788 464 1844 inquiunt,
506 1803 650 1844 regem
682 1804 807 1832 suum
847 1788 1106 1830 conserende
1138 1802 1230 1829 cum
1265 1800 1360 1828 ceco
1390 1800 1537 1827 manus
1562 1786 1624 1826 lu-

176 1846 358 1888 dibrium
388 1847 654 1904 perhorrere,
688 1848 801 1903 quod
825 1851 912 1889 tam
944 1846 1166 1888 ridiculum
1201 1844 1458 1887 decernendi
1489 1857 1622 1898 genus

174 1905 317 1947 rubori
350 1920 476 1960 quam
507 1906 721 1948 honestati
752 1904 1030 1962 propinquius
1065 1905 1284 1946 habeatur.
1330 1902 1488 1957 Apcius
1519 1916 1622 1943 uero

175 1977 253 2018 per
283 1964 505 2019 utriusque
536 1964 690 2019 pignus
723 1970 764 2006 et
795 1963 1044 2018 sanguinem
1069 1962 1286 2004 amborum
1317 1960 1493 2015 negocio
1526 1973 1620 2001 eon-

176 2022 269 2062 suli.
316 2021 384 2062 Ad
418 2022 496 2064 hee
528 2021 832 2077 obstupefactis
865 2022 1003 2063 animo
1035 2021 1164 2062 Danis
1198 2019 1420 2073 subitaque
1451 2032 1624 2073 respon-

175 2080 209 2120 si
241 2080 491 2133 ignorancia
522 2081 746 2135 perculsis,
778 2080 904 2131 Vff0‚
944 2079 1014 2134 qui
1045 2078 1155 2119 forte
1188 2092 1282 2119 cum
1315 2074 1488 2119 ceterisss
1519 2075 1616 2116 ade-

174 2141 259 2188 rat,
305 2138 589 2195 responsionis
630 2153 655 2180 a
700 2143 821 2194 patre
861 2138 1079 2179 licenciam
1122 2136 1355 2191 flagitabat,
1397 2134 1621 2187 subitoque

174 2196 292 2236 uelut
325 2209 378 2236 ex
410 2200 526 2237 muto
559 2197 720 2238 uocalis
752 2196 901 2238 euasit.
954 2194 1146 2250 Cumque
1181 2192 1480 2237 wermundus,
1513 2191 1623 2246 quis-

174 2267 273 2295 nam
304 2253 430 2294 talem
451 2269 476 2295 a
498 2269 543 2296 se
573 2254 775 2311 loquendi
797 2254 963 2309 copiam
994 2252 1241 2308 postularet,
1272 2251 1515 2304 inquireret,
1548 2249 1623 2288 mi-

174 2311 379 2366 nistrique
413 2325 506 2354 eum
552 2312 604 2354 ab
637 2312 792 2354 Vffone
834 2311 977 2366 rogari
1009 2310 1234 2362 dixissent,
1277 2309 1376 2350 satis
1408 2320 1498 2349 esse
1529 2320 1622 2361 per-

178 2370 337 2422 hibuit,
388 2375 436 2411 ut
482 2369 742 2412 infelicitatis
789 2384 864 2412 sue
914 2368 1162 2410 uulneribus
1209 2367 1443 2408 alienorum
1489 2363 1622 2405 fastus

170 2427 398 2482 illuderet,
443 2442 496 2470 ne
528 2429 663 2470 eciam
694 2443 718 2470 a
750 2427 989 2470 domesticis
1022 2426 1142 2467 simili
1173 2423 1461 2466 insultaeionis
1502 2425 1624 2476 petu-

174 2486 313 2528 lancia
352 2490 599 2529 uexaretur.
672 2485 755 2528 Sed
800 2484 1075 2536 satellitibus,
1120 2482 1318 2524 Vffonem
1361 2481 1473 2521 hunc
1516 2493 1623 2531 esse,

179 2543 380 2600 pertinaci
412 2544 697 2587 affirmacione
729 2543 1009 2596 testantibus,
1045 2543 1225 2584 liberum
1257 2539 1260 2594 Ι
1287 2539 1325 2580 ei
1363 2539 1436 2590 sit,
1476 2537 1624 2592 inquit,

176 2602 366 2659 quisquis
397 2606 486 2657 est,
519 2604 704 2657 cogitata
735 2601 908 2658 profari.
969 2601 1078 2642 Tum
1110 2599 1230 2650 Vffo,
1275 2596 1429 2638 frustra
1462 2596 1515 2637 ab
1547 2609 1617 2636 eo-

178 2676 257 2702 Saxo
277 2677 508 2703 Grnmmntieus.
1466 2665 1488 2698 8

1676 472 1702 497 p.
1723 463 1773 490 170

1646 2080 1788 2110 XXXVu

1679 2553 1709 2579 p.
1729 2544 1774 2570 171

1691 2589 1760 2624 (64)
