1884 3126
195 863 228 889 10

196 1153 226 1179 15

190 1443 229 1469 20

190 1729 227 1756 25

192 2019 229 2046 30

192 2309 228 2336 35

195 2602 230 2627 40

261 203 344 245 538
798 223 851 230 —-
911 199 1051 242 XIIII
1110 225 1165 231 -

261 332 398 383 fidem,
426 335 471 372 ut
493 331 569 372 hec
590 332 735 385 pocius
758 334 854 372 ante
877 331 1038 372 itineris
1061 331 1297 384 ingressum
1321 330 1408 384 regi
1431 335 1701 385 proponeret,

261 390 314 432 ad
355 389 466 444 quod
510 389 637 430 tantis
691 403 787 429 eum
840 388 1184 443 promissionibus
1223 388 1481 454 impulisset.
1559 388 1702 441 Cesar,

261 448 455 489 simulata
496 447 818 493 0111111111,ιοὶ0110
862 461 936 501 per
978 460 1100 501 quem
1144 446 1231 498 roo-i
1273 446 1481 501 promissa
1520 445 1703 500 fecisset,

259 504 515 562 inter-'rogat
565 505 766 546 Absalon
799 479 1085 546 demonstrato
1107 479 1307 556 Rad'ulfo,
1335 504 1413 544 llic
1446 509 1521 555 est,
1553 505 1703 560 inquit,

259 564 327 619 qui
352 564 567 604 credulam
591 564 702 617 regis
731 562 1039 617 simplicitatem
1065 563 1366 617 promissorum
1391 568 1560 603 tuorum
1595 576 1706 604 com-

261 622 410 662 mentis
453 621 611 673 illexit,
658 635 793 676 eoque
837 621 1112 674 negacionem
1160 619 1323 661 Cesaris
1369 621 1575 675 repellere
1620 635 1704 662 non

260 680 458 731 audente,
489 679 639 719 seriem
672 680 807 719 tocius
839 679 1127 733 promissionis
1162 678 1362 719 edisserit.
1410 678 1631 719 Inficiante
1663 679 1703 719 id

262 738 430 781 Cesare,
463 736 662 778 reducem
697 750 834 790 reg-gem
858 736 945 777 dari
980 735 1181 791 deposcit.
1245 736 1322 777 Ille
1344 736 1437 790 plus
1460 751 1504 778 se
1537 737 1704 790 negocii

261 796 347 836 eius
381 795 531 836 reditui
564 795 831 845 tributurum,
865 809 987 849 quam
1023 795 1225 835 aduentui
1263 794 1530 849 impenderit,
1563 799 1703 848 negat.

259 854 390 895 Simili
423 853 548 893 modo
582 853 650 893 die
673 858 844 908 postero
868 854 978 906 regis
1002 852 1163 906 legacio
1188 859 1381 907 excepta.
1433 853 1526 900 Quo
1551 853 1704 907 agnito,

259 926 347 960 reX,
377 912 573 952 salutaris
614 911 796 952 monitus
837 911 964 966 spreti
1009 911 1248 965 penitencia
1290 911 1496 964 afflictus,
1538 911 1706 952 tametsi

261 984 504 1011 mucronem
539 970 691 1010 ceruici
725 984 798 1010 sue
832 969 1090 1023 applicatum
1122 968 1354 1024 aspiceret,
1404 973 1500 1009 ante
1533 983 1577 1009 se
1611 983 1704 1010 eam

261 1028 373 1069 ferro
416 1041 538 1081 quam
592 1027 770 1081 patriam
823 1026 1014 1067 seruituti
1062 1027 1373 1079 subiecturum,
1421 1027 1704 1068 asseuerabat.

261 1086 464 1127 Estuante
507 1099 554 1126 eo
603 1086 778 1140 opisque
818 1084 986 1126 modum
1020 1085 1251 1138 impensius
1294 1084 1574 1140 disquirente,
1619 1085 1705 1126 Ab·

260 1144 386 1196 salon,
420 1143 684 1184 liberacionis
718 1143 831 1184 uiam
864 1157 887 1182 a
921 1157 966 1183 se
998 1147 1212 1196 repertam
1244 1143 1473 1197 professus,
1506 1157 1586 1184 non
1621 1157 1706 1183 am-

260 1202 368 1257 plius
402 1201 486 1242 illic
518 1201 608 1255 regi
642 1215 766 1256 quam
799 1201 839 1240 in
873 1201 1009 1254 patria
1043 1201 1360 1255 trepidandum,
1391 1202 1580 1242 asseruit.
1643 1201 1704 1242 Si-

259 1259 426 1314 quidem
460 1265 576 1300 trans
610 1264 796 1313 pontem,
832 1272 914 1313 quo
939 1259 1158 1299 Gallorum
1192 1273 1368 1313 regnum
1401 1274 1424 1299 a
1454 1259 1703 1300 Germanico

259 1324 564 1367 secerneretur,
597 1317 841 1358 uenacionis
865 1316 1138 1358 simulacione
1163 1317 1303 1371 sepius
1328 1331 1424 1357 eum
1457 1317 1705 1371 obequitare

261 1375 431 1427 debere,
460 1390 507 1416 ac
532 1375 716 1425 demum,
747 1389 840 1415 cum
864 1375 1169 1416 consuetudine
1204 1375 1490 1430 suspicionem
1521 1376 1705 1426 01110301,

260 1448 351 1474 cum
386 1434 555 1488 pociore
585 1409 744 1474 familie
776 1440 897 1487 parte
924 1433 1092 1487 aliquod
1118 1447 1140 1473 e
1162 1433 1345 1473 finitimis
1370 1433 1506 1474 Gallie
1539 1433 1703 1488 oppidis

260 1496 417 1557 petere,
450 1490 563 1532 haud
600 1490 906 1540 dubitaturum,
939 1492 1076 1546 quin
1064 1506 1086 1532 a
1110 1505 1210 1545 rege
1233 1491 1490 1532 Francorum
1512 1492 1705 1532 ornacius

258 1550 300 1590 in
331 1550 514 1604 pffitiiam
547 1549 844 1591 dimitteretur.
908 1548 1038 1590 Cuius
1062 1549 1223 1590 consilii
1247 1550 1551 1590 execucionem
1575 1549 1705 1590 Cesar

259 1613 350 1649 arte
394 1608 599 1661 preuenit.
673 1607 892 1662 Siquidem
934 1608 1018 1647 uim
1061 1607 1149 1662 regi
1190 1606 1344 1648 inferre
1387 1607 1566 1658 ueritus,
1611 1621 1705 1648 cum

260 1666 350 1706 eius
381 1665 632 1706 famulatum
664 1665 961 1706 coaccionibus
992 1665 1220 1719 impetrale
1252 1666 1466 1720 nequiret,
1500 1665 1705 1707 beneficio

258 1723 433 1764 meicari
476 1724 669 1765 tentauit.
746 1722 979 1764 Vniuersos
1027 1723 1183 1778 quippe
1226 1722 1452 1764 Germanie
1495 1723 1706 1777 principes

259 1785 524 1823 sacramento
543 1782 749 1823 adactos
739 1795 879 1822 iurare
902 1782 1118 1835 compulit,
1141 1796 1186 1822 se
1204 1781 1293 1822 eius
1317 1781 1471 1822 dicioni
1494 1781 1706 1822 Sclauiam

260 1840 562 1888 substraturos.
636 1839 761 1888 Quod
803 1840 837 1880 si
879 1853 1026 1894 parum
1069 1839 1342 1894 perficerent,
1386 1852 1430 1880 se
1471 1838 1607 1893 ipsum
1651 1838 1706 1888 id,

259 1911 356 1939 cum
387 1898 568 1952 primum
591 1912 642 1938 ex
667 1897 791 1939 Italia
815 1902 1112 1950 reuerteretur,
1135 1902 1436 1938 exsecuturum
1466 1896 1706 1951 spopondit,

260 1969 396 2010 eaque
439 1955 589 1996 fraude
635 1955 686 1996 ad
732 1955 934 2009 obsequia
981 1955 1059 1996 sibi
1109 1955 1359 2008 paciscenda
1402 1955 1548 1995 ambas
1594 1954 1705 2008 regis

259 2027 409 2054 manus
444 2014 660 2067 pertraxit.
724 2013 922 2054 Ceterum
954 2014 1004 2061 01,
1036 2027 1120 2053 non
1154 2013 1311 2053 curiam
1345 2014 1555 2053 communi
1593 2012 1705 2067 prin-

261 2072 399 2127 cipum
431 2085 545 2113 more
571 2074 729 2126 petere,
754 2086 834 2112 non
859 2072 899 2112 in
922 2071 1105 2113 Romani
1127 2071 1289 2124 imperii
1310 2070 1540 2125 presidium
1563 2071 1704 2125 copias

261 2129 446 2181 ductare,
478 2130 654 2184 solaque
686 2130 838 2184 specie,
872 2144 952 2171 non
985 2143 1043 2181 re,
1067 2128 1213 2170 Cesari
1244 2143 1408 2184 parere,
1442 2141 1703 2170 concessum.

259 2187 365 2228 Filio
398 2201 503 2228 uero
537 2193 634 2243 post
667 2201 761 2228 eum
795 2188 988 2242 proxime
1032 2192 1259 2240 regnaturo
1293 2187 1471 2227 liberum
1509 2186 1599 2227 fore
1632 2200 1704 2241 pa-

260 2250 402 2286 ternas
426 2245 693 2287 condiciones
717 2245 914 2295 abiicere,
947 2259 998 2285 ne
1024 2244 1076 2285 ad
1101 2255 1267 2285 omnem
1290 2245 1509 2285 Danorum
1532 2248 1703 2298 gentem

259 2303 562 2345 hereditarium
595 2308 786 2344 manaret
818 2303 1080 2358 obsequium.
1130 2301 1261 2343 Cuius
1284 2300 1461 2357 serluicii
1495 2302 1702 2354 pudorem

262 2361 449 2402 minuere
480 2360 708 2402 uidebatur
743 2361 959 2401 Gallorum
993 2360 1144 2401 dicioni
1176 2360 1219 2400 in
1241 2360 1444 2402 consimili
1477 2359 1704 2400 famulatus

261 2432 415 2471 genere
446 2419 661 2460 Britannie
692 2419 803 2472 regis
835 2419 1035 2460 inclinata
1067 2418 1278 2460 maiestas.

398 2477 504 2518 Post
545 2476 622 2517 1100
660 2476 953 2529 Octauianus,
996 2480 1149 2518 uocato
1183 2475 1383 2528 concilio,
1427 2489 1552 2530 quam
1584 2475 1704 2516 iustis

263 2533 469 2589 suffragiis
509 2535 550 2575 in
582 2533 853 2589 adipiscendo
895 2534 1137 2576 sacerdocio
1170 2548 1270 2575 usus
1299 2532 1446 2586 fuerit,
1484 2533 1704 2588 loquacius

262 2604 385 2644 quam
410 2593 549 2635 uerius
573 2599 763 2637 astruere
786 2592 1043 2645 conabatur3
1067 2591 1340 2634 Rodlandum
1363 2605 1465 2632 uero
1489 2591 1703 2641 honorem,

1759 523 1785 547 p.
1806 514 1857 540 780
