1884 3126
589 243 643 249 —-
702 217 844 261 XIIII
904 243 958 249 -
1411 220 1495 261 549

51 345 326 388 Waldemaro
350 343 517 387 obsides
539 344 784 396 offerebant,
816 359 922 401 quos
953 359 998 387 se
1020 344 1208 388 Henrico
1232 346 1346 389 nullo
1368 349 1493 401 pacto

51 403 222 446 daturos
254 403 466 447 dicebant.
509 403 568 443 At
599 416 688 452 rex,
719 403 808 444 sine
841 403 994 444 milicie
1024 404 1139 446 socio
1172 418 1267 445 cum
1298 403 1494 446 hostibus

48 462 203 517 pacisci
233 460 554 502 fraudulentum
581 461 845 507 existimans,
877 475 952 516 per
975 460 1266 504 Thorbernum
1290 461 1492 516 Henrico,

49 534 132 575 que
163 519 216 561 ab
249 518 442 561 hostibus
476 518 744 571 offerrentur,
789 519 998 561 enunciat.
1062 519 1176 571 Quo,
1208 534 1253 561 se
1285 519 1493 562 condicio-

0 591 17 620 5
49 577 170 619 nibus
203 577 256 618 ab
289 590 340 619 eo
372 573 505 632 saletis
537 576 718 618 libenter
749 590 950 630 usurum,
982 581 1279 627 asseuerante,
1323 582 1493 631 pactum

49 649 142 676 cum
185 635 379 676 hostibus
425 634 599 687 habuit,
645 639 717 685 ut,
762 633 1006 688 Walcgosti
1049 634 1234 676 dominio
1286 636 1493 677 trifariam

47 692 200 745 diuiso,
231 707 329 748 pars
363 706 446 733 una
476 691 729 745 Tetiszlauo,
761 691 925 748 reliqua
957 691 1209 747 Kazimaro,
1244 693 1373 735 tercia
1404 692 1494 735 Nu-

47 750 146 793 cleti
176 726 262 792 filio
284 750 506 792 Priszlauo
537 725 847 803 uendicaietur,
879 751 1124 806 pyratisque
1156 727 1331 805 predam
1364 751 1495 793 Dani-

49 823 141 850 cam
192 812 394 864 appetere
446 808 579 850 solitis
629 807 736 850 Peni
787 807 968 849 fluminis
1020 809 1130 850 ostia
1180 808 1492 863 clauderentur,

0 883 15 910 o
47 866 233 908 Henrico
267 880 437 922 quoque
478 866 788 917 municionum,
831 879 934 920 quas
973 866 1086 921 apud
1128 866 1342 908 Sclauiam
1387 867 1495 908 obti-

45 925 220 978 nuisset,
242 924 466 965 incolumis
489 922 699 979 possessio
722 930 1003 979 permaneret.
1049 924 1152 966 Post
1186 925 1306 966 cuius
1338 924 1495 967 disces-

44 996 136 1024 sum
166 982 338 1024 comites
360 981 589 1034 Kazimari,
621 986 865 1024 exterorum
896 983 1144 1023 societatem
1168 983 1304 1024 acrius
1335 983 1490 1038 perosi,

43 1039 119 1083 sed
142 1039 302 1081 uiribus
324 1053 452 1094 agere
473 1053 557 1081 non
581 1039 686 1091 ausi,
707 1039 928 1094 Rugianos
961 1039 1140 1081 assiduis
1162 1039 1285 1081 furtis
1308 1045 1492 1082 uexatos

45 1111 96 1140 ac
127 1111 202 1153 per
223 1097 446 1139 latrocinia
466 1097 518 1139 ad
543 1102 836 1152 paupertatem
860 1101 902 1139 et
931 1097 1112 1139 inediam
1135 1112 1269 1154 usque
1301 1098 1493 1141 redactos

0 1176 13 1203 5
44 1155 254 1197 communi
295 1156 401 1197 urbe
443 1155 653 1198 excedere
694 1155 1002 1210 compulerunt.
1074 1155 1276 1211 Pyratice
1322 1170 1491 1212 quoque

43 1213 263 1255 licenciam
314 1213 528 1265 tribuere,
579 1213 803 1269 modisque
854 1212 1139 1268 compluribus
1189 1214 1319 1255 ictum
1369 1213 1492 1256 fedus

43 1285 208 1327 rupere.
1330 1319 1332 1322 .

182 1329 267 1371 Per
298 1328 410 1371 idem
441 1328 553 1372 forte
586 1333 756 1384 tempus
787 1328 1145 1383 Noruagiensium
1182 1329 1313 1384 legati
1346 1344 1489 1381 regem

44 1387 296 1443 petiuerant,
331 1386 616 1440 obsecrantes,
650 1391 696 1428 ut
722 1386 940 1441 Noruagie
974 1387 1174 1442 regimen,
1209 1391 1272 1429 tot
1296 1387 1491 1429 ciuilibus

0 1444 166 1488 Jbellis
213 1448 457 1499 corruptum
510 1459 558 1487 ac
604 1446 822 1486 teterrima
868 1451 1144 1500 tyrannorum
1193 1445 1490 1487 dominacione

44 1502 286 1544 distractum
332 1503 498 1558 iamque
539 1516 758 1557 exsangue
801 1507 842 1543 et
885 1502 1002 1544 ruine
1044 1503 1355 1568 propinquum,
1399 1503 1490 1545 eius

45 1564 322 1615 occupatores
370 1560 618 1602 incessendo
669 1564 866 1603 tentaret.
947 1559 1002 1601 Et
1054 1561 1254 1615 quoniam
1314 1567 1491 1602 externa

41 1619 196 1660 nostris
228 1618 310 1660 hoc
341 1618 435 1674 loco
467 1633 661 1660 connexa
701 1622 822 1670 sunt,
865 1618 1046 1685 quedam
1084 1618 1136 1660 de
1170 1633 1215 1660 re
1247 1618 1490 1674 Noruagica

43 1676 287 1718 summatim
330 1690 536 1730 cognosse
583 1676 753 1718 fastidio
806 1690 888 1717 non
935 1677 1000 1718 sit.
1074 1675 1276 1718 Siuardus
1317 1676 1488 1732 quidam

0 1741 11 1769 5
42 1748 204 1776 summe
229 1733 417 1787 audacie,
449 1739 546 1789 post
568 1734 700 1776 multa
723 1739 765 1775 et
784 1734 978 1789 preclara
1000 1733 1192 1776 facinora
1215 1734 1336 1775 bellis
1359 1734 1487 1787 edita,

43 1791 97 1834 ab
123 1791 316 1834 Haraldo
342 1791 640 1847 Hyberniensi,
674 1793 794 1834 cuius
814 1792 946 1833 hostis
971 1793 1180 1841 extiterat,
1212 1793 1489 1847 interceptus,

43 1863 138 1891 cum
168 1850 268 1891 naui
299 1851 341 1891 in
374 1851 458 1893 alto
490 1850 743 1905 mergendus
776 1850 1021 1899 ueheretur,
1057 1850 1187 1915 quasi·
1207 1850 1333 1891 funus
1367 1864 1489 1891 suum

41 1906 200 1949 inferiis
234 1921 528 1963 processurus,
572 1913 714 1963 empta
759 1907 810 1950 de
843 1907 1052 1950 industria
1094 1907 1274 1963 pocione
1309 1907 1489 1962 remiges

43 1966 248 2008 onerauit
284 1966 445 2013 Quibus
462 1966 720 2019 exhilaratis,
744 1965 1010 2021 gubernandi
1032 1969 1286 2020 potestatem
1301 1965 1488 2021 supremi

0 2032 11 2059 )
41 2020 248 2080 ὸθΙοθΗοίἰ
279 2024 372 2065 loco
395 2025 603 2079 poposcit.
646 2024 712 2066 Ea
734 2039 777 2065 re
799 2025 1040 2079 impetrata
1071 2029 1224 2064 nautas
1256 2024 1485 2090 ἰηιρθῃεηίιιε

43 2081 171 2124 edere
212 2082 432 2135 remigium
469 2080 688 2135 hortatus,
733 2096 827 2123 cum
870 2081 1287 2123 uehementissimum
1327 2081 1488 2133 nauigii

43 2153 211 2181 cursum
228 2139 599 2192 animaduerteret,
621 2140 811 2195 proiecto
829 2139 1133 2194 gubernaculo,
1152 2152 1331 2194 preceps
1353 2138 1490 2180 undas

41 2196 212 2250 insiluit,
244 2197 450 2253 priusque⁴
474 2211 520 2239 se
551 2198 703 2250 littori,
743 2212 872 2254 quam
902 2198 1116 2252 concitata
1148 2196 1252 2238 ratis
1283 2197 1488 2252 impetum

43 2255 311 2307 correxisset,
345 2255 544 2298 restituit.
605 2255 674 2297 Ita
705 2260 749 2297 et
779 2269 857 2297 suo
891 2255 1087 2296 acumine
1130 2258 1171 2295 et
1202 2254 1392 2295 hostium
1424 2268 1490 2296 so-

0 2322 10 2348 5
41 2311 185 2354 cordia
216 2317 411 2355 seruatus
436 2313 719 2379 periculoque,
752 2314 818 2355 cui
850 2312 1160 2362 destinabatur,
1187 2317 1374 2366 ereptus,
1398 2311 1490 2353 Ha-

42 2370 223 2424 raldum,
255 2370 420 2412 amandi
452 2371 592 2427 gracia
624 2375 754 2413 noctu
786 2375 924 2412 castra
956 2371 1138 2411 latenter
1171 2383 1414 2423 egressum,
1446 2370 1489 2410 in

43 2429 241 2483 amplexu
272 2429 433 2483 pellicis
473 2443 548 2485 per
590 2429 762 2470 insidias
791 2427 1027 2481 interfecit,
1072 2427 1245 2469 dantem
1282 2441 1415 2482 penas
1447 2433 1490 2469 et

43 2485 143 2539 sibi,
174 2500 303 2541 quem
347 2491 539 2541 ceperat,
572 2491 614 2529 et
642 2486 825 2541 Magno,
857 2500 982 2541 quem
1013 2498 1145 2539 regno
1178 2484 1490 2540 luminibusque

42 2543 302 2599 priuauerat.
362 2543 499 2598 Igitur
539 2548 585 2586 ut
617 2544 715 2586 belli
746 2544 916 2586 titulum
948 2541 1310 2609 apprehenderet,
1348 2542 1490 2609 ipsum

0 2614 11 2642 ›
40 2601 231 2658 protinus
253 2600 473 2660 Magnum,
505 2602 824 2647 monachalibus
856 2601 987 2659 septis
1019 2600 1294 2655 abstractum,
1317 2600 1489 2645 tametsi

1529 1323 1664 1354 elixam

1528 1364 1662 1398 (305‚12)
1698 1390 1700 1393 ,

1529 1415 1554 1439 p.
1575 1408 1661 1437 780‚18

1540 2043 1570 2068 p.
1588 2034 1639 2062 787
