1884 3126
299 235 380 277 192
874 262 927 267 -
987 234 1053 279 VI
1116 260 1164 267 ..

354 362 606 417 Dilecteque
640 361 766 404 michi
796 362 961 405 facibus
991 366 1254 419 premeretur
1284 362 1466 414 alumne,

355 420 580 461 Pilleolum
611 421 782 476 sumpsi,
815 435 868 463 ne
900 426 1001 463 noto
1033 422 1237 477 proderer
1269 434 1362 474 ore3

356 478 462 519 Cum
494 477 613 519 faber
643 479 713 520 illc
744 493 901 544 procax
932 478 1102 521 lasciuis
1133 478 1348 533 gressibus
1379 478 1520 529 intrat,

356 535 451 577 Hac
481 536 663 591 illacque
696 537 860 592 agitans
892 538 1098 578 instructo
1131 536 1284 578 femina
1313 539 1449 591 gestu,
1781 543 1884 572 ΙΝΙΗ

354 593 443 635 Nec
476 595 613 636 minus
639 595 691 636 ad
724 595 864 637 uarios
895 595 1118 636 intendens
1149 595 1310 636 lumina
1339 598 1488 646 nutus,

357 651 547 694 Castorio
580 653 644 693 cui
675 657 844 707 tegmen
878 659 967 694 erat
999 653 1189 708 chlamys
1225 652 1360 694 obsita
1392 651 1534 703 limbo,

356 710 538 751 lustrate
570 711 746 764 gemmis
777 710 959 766 crepide,
990 714 1093 765 toga
1124 710 1278 752 culcior
1308 723 1425 751 auro.

356 767 586 823 Splendida
617 774 856 810 nexuerant
887 772 1046 810 tortum
1078 767 1325 810 redimicula
1357 768 1527 821 crinem,
1797 790 1823 814 p.
1844 783 1881 807 es

354 825 410 867 Et
442 826 631 868 uarieata
662 840 816 881 uagum
850 827 1088 881 stringebat
1119 826 1226 867 uitta
1258 825 1466 881 capillum.

233 897 266 922 10
353 883 465 925 Hinc
497 883 685 926 adoleuit
716 885 827 926 iners
859 885 986 925 animi
1018 889 1158 927 tumor
1189 884 1506 939 ingeniumque,

355 941 543 983 Diuicias
574 956 707 997 genus
739 956 831 984 esse
864 947 1031 998 putans,
1063 946 1135 983 aut
1166 956 1238 983 era
1269 945 1480 997 parentes,

357 999 673 1055 Fortunamque
704 1001 839 1055 magis
871 1000 1021 1056 opibus
1055 1014 1181 1055 quam
1213 1000 1419 1054 sanguine
1449 1013 1654 1054 pensans3

355 1057 467 1098 Hinc
499 1057 626 1099 subiit
657 1057 805 1110 fastus,
838 1057 1115 1113 habitumque
1149 1057 1346 1113 superbia
1378 1058 1520 1098 traxit.

354 1114 464 1157 Nam
496 1116 621 1157 miser
653 1116 706 1157 ob
736 1117 894 1157 cultum
927 1114 1133 1171 1nagni<s>
1164 1129 1208 1157 se
1241 1115 1413 1158 credere
1445 1115 1556 1170 cepit

233 1186 264 1212 π»
355 1173 642 1228 Ingenuisque
672 1187 820 1229 parem
853 1173 1004 1226 ciniflo,
1037 1174 1107 1228 qui
1138 1173 1320 1228 pellibus
1353 1187 1476 1215 auras

354 1230 559 1282 Venatur,
592 1232 825 1286 crebroque
858 1232 938 1273 ciet
971 1233 1198 1286 spiramina
1230 1235 1393 1282 tractu3

355 1289 437 1337 Qui
470 1289 607 1344 digitis
641 1290 801 1331 cineres
836 1290 978 1343 uerrit,
1011 1291 1083 1345 qui
1115 1303 1215 1344 sepe
1246 1288 1433 1330 reductis

353 1347 468 1388 Aera
500 1347 697 1389 folliculis
730 1351 889 1403 captat,
921 1349 1125 1402 tenuique
1157 1347 1326 1389 flabello

354 1405 620 1460 Spiramenta
651 1410 765 1447 creat
796 1410 1101 1461 torpentesque
1134 1405 1292 1447 excitat
1322 1405 1452 1459 ignes.

226 1475 264 1501 ρο
352 1463 459 1505 Inde
492 1464 682 1518 puellare
713 1463 920 1517 gremium
951 1464 1070 1519 petit,
1101 1463 1418 1518 appositusque,

354 1521 503 1575 Virgo,
534 1521 678 1575 inquit,
711 1521 835 1562 michi
868 1527 990 1576 pecte
1023 1535 1198 1573 comam,
1231 1519 1493 1575 tactu[s]que
1524 1519 1684 1560 salaces

355 1578 617 1634 Comprensa
647 1579 822 1634 pulices,
858 1585 912 1630 et,
945 1593 1029 1634 quo
1063 1579 1169 1621 cutis
1202 1579 1349 1632 uritur,
1380 1578 1513 1620 aufer.

353 1637 465 1678 Hinc
498 1636 684 1679 residens
717 1650 820 1678 auro
852 1637 1054 1679 suda'ncia
1086 1636 1258 1678 brachia
1288 1635 1450 1691 pandit,

352 1694 535 1736 Puluino
567 1695 748 1737 annixus
781 1696 903 1736 tereti
935 1694 1157 1750 cubitoque
1189 1694 1368 1746 reclinis,

228 1762 264 1789 ‘2⁵
313 1771 315 1773 ·
355 1752 561 1794 Ornatum
593 1753 749 1794 iactare
780 1753 941 1804 uolens,
973 1767 1051 1794 ceu
1083 1752 1209 1794 belua
1240 1752 1397 1793 latrans

354 1810 552 1866 Explicat
585 1811 755 1852 obtorte
786 1815 1003 1852 contracta
1032 1811 1251 1851 uolumina
1282 1809 1428 1851 caude.

355 1869 436 1910 Illa
466 1869 548 1910 mei
582 1883 761 1911 noscens
794 1883 1063 1924 compescere
1096 1869 1209 1923 cepit
1241 1870 1464 1916 amantem,

357 1926 644 1982 Lasciuasque
675 1927 826 1982 fugare
857 1941 1020 1975 manus,
1050 1941 1204 1982 meque
1239 1939 1329 1967 esse
1360 1925 1565 1980 professa,

355 1984 502 2028 Parce,
534 1999 695 2040 precor,
729 1985 881 2040 digitis,
913 1984 1062 2040 inquit,
1093 1984 1395 2038 stimulumque
1427 1984 1665 2035 clioercens,

227 2052 264 2078 30
356 2042 615 2096 Contiguum
647 2043 783 2084 ualuis
819 2044 1011 2084 uetulum
1044 2042 1212 2098 placare
1245 2046 1472 2083 memento.

354 2100 399 2141 In
435 2101 594 2142 luctum
627 2100 786 2142 recidet
817 2101 948 2143 lusus.
1011 2100 1261 2142 Starcherus
1291 2099 1439 2141 adesse

354 2157 563 2211 Creditur,
598 2162 638 2200 et
669 2159 793 2209 lento,
828 2158 927 2214 quid
958 2172 1072 2213 agas,
1105 2157 1298 2213 disquirit
1328 2157 1478 2200 ocello.

354 2215 432 2257 Cui
465 2215 603 2258 faber:
636 2217 854 2257 Imbellem
886 2217 971 2258 noli
1001 2215 1232 2271 pallescere
1265 2228 1454 2268 coruum,
1795 2229 1854 2259 rus

351 2274 683 2329 Pannosumque
715 2288 881 2327 senem3
913 2288 1141 2329 numquam
1175 2272 1456 2314 ualidissimus
1489 2273 1569 2325 ille,

225 2342 262 2368 35
352 2331 488 2379 Quem
520 2329 685 2385 metuis,
717 2336 803 2373 tam
834 2332 1011 2386 uulgato
1043 2332 1246 2373 uilescere
1278 2331 1395 2372 cultu

353 2389 575 2432 Sustinuit.
638 2389 807 2431 Gaudet
837 2390 968 2431 nitido
1002 2390 1067 2430 uir
1097 2389 1218 2430 fortis
1251 2388 1420 2442 amictu,

351 2447 407 2488 Et
438 2451 602 2489 uestem
635 2461 709 2502 pro
740 2451 881 2489 mente
911 2448 1030 2503 petit.
1091 2447 1212 2489 Tunc
1242 2446 1428 2501 tegmine
1461 2445 1646 2500 dempto,

352 2504 500 2560 Eripui
532 2505 701 2557 ferrum,
733 2505 927 2559 fabrique
959 2505 1158 2560 pudenda
1188 2504 1351 2560 fugacis

352 2564 575 2617 Persecui3
607 2568 787 2618 patuere
818 2567 937 2604 nates
972 2568 1013 2605 et
1043 2563 1096 2604 ab
1129 2577 1223 2604 osse
1255 2565 1416 2603 resecte¹

224 2633 261 2661 40
348 2621 525 2663 Viscera
555 2620 785 2664 nudabant.
846 2621 983 2676 Surgo
1015 2635 1128 2675 mox,
1159 2626 1288 2676 atque
1318 2619 1460 2675 puelle
