1884 3126
3 83 23 97 ’.ι
0 0 33 69 ἐφ*

749 218 1023 260 —II—
1549 224 1603 264 43

157 348 381 404 pastoralis
424 348 562 403 operis
603 347 745 402 gracia
772 361 842 389 rus
875 349 1113 403 relegatus,
1154 363 1295 403 pecus,
1328 350 1392 390 cui
1425 354 1604 405 preerat,

158 407 378 457 amisisset,
413 406 643 462 desperata
673 406 1012 460 recuperacione,
1043 406 1180 448 reditu
1211 407 1446 461 abstinere,
1479 422 1603 463 quam

159 464 336 507 ulcionis
369 464 767 519 penamincurrere
798 468 1080 519 preoptasset.
1124 463 1180 505 Et
1210 479 1263 506 ne
1293 465 1430 508 fratris
1462 466 1602 507 condi-

159 523 320 564 cionem
352 522 527 564 silencio
559 521 796 578 preteriret,
827 522 912 564 tale
946 522 1066 564 dictis
1097 536 1251 577 poema
1281 523 1519 565 subiunxit:

109 620 125 647 5
272 608 361 651 Nos
392 609 609 662 homines,
641 622 728 649 non
758 613 945 651 monstra
975 613 1093 664 puta,
1125 623 1354 664 seruosque
1386 613 1604 651 manentes

329 668 415 709 Per
444 666 540 708 loca
570 666 806 722 pascendos
838 666 1077 721 exagitasse
1109 681 1274 722 greges,

272 725 332 767 At
364 739 459 766 cum
480 739 556 781 per
588 729 757 767 teneros
790 739 1011 777 ageremus
1044 729 1237 781 tempora
1266 724 1397 777 lusus,

332 782 460 825 Forte
490 786 654 825 remota
684 796 842 838 uagum
874 783 1000 825 cessit
1031 784 1073 824 in
1105 798 1208 825 arua
1237 797 1380 838 pecus.
1628 795 1707 828 inm

275 841 467 897 Cumque
496 841 631 897 petita
663 840 735 883 diu
766 855 863 897 spes
894 840 1061 883 deforet
1091 841 1348 895 inueniendi,

93 912 127 939 10
329 898 510 941 Incessit
540 899 702 942 miseris
734 898 973 942 sollicitudo
1005 899 1101 942 reis.

276 957 469 1013 Cumque
501 957 629 999 boum
660 972 869 1013 nusquam
900 958 1083 1012 uestigia
1115 961 1231 1001 certa
1261 961 1466 1013 paterent,

331 1015 528 1058 Obtinuit
557 1020 718 1058 mestus
750 1016 894 1058 soncia
926 1016 1055 1058 corda
1084 1031 1230 1072 pauor.

274 1073 387 1116 I‘Iinc
419 1077 494 1121 est,
529 1074 641 1130 quod
675 1075 792 1129 uirge
824 1074 979 1116 uulnus
1010 1075 1160 1130 penale
1194 1078 1389 1116 uerentos

332 1132 547 1174 Duximus
578 1133 619 1173 in
652 1133 846 1188 proprios
878 1132 996 1175 triste
1026 1132 1164 1175 redire
1194 1133 1316 1175 lares.

97 1202 129 1229 15
277 1189 557 1241 Credidimus,
589 1205 716 1246 quam
743 1190 853 1232 ferre
883 1205 1056 1232 manum
1085 1204 1323 1246 penamque
1356 1189 1511 1240 subire,

332 1248 490 1291 Tucius
522 1249 700 1292 assuetis
731 1249 987 1292 abstinuisse
1017 1249 1135 1292 focis.

276 1307 344 1349 Sic
376 1320 529 1363 penam
560 1307 730 1350 differre
761 1308 893 1360 iuuat,
923 1306 1192 1363 reditumque
1222 1307 1381 1362 perosis

333 1364 429 1407 Hac
460 1365 676 1408 dominum
706 1365 873 1407 latebra
903 1365 1048 1415 fallere
1080 1380 1181 1408 cura
1211 1370 1366 1408 manet.

276 1422 373 1465 Hac
405 1437 485 1480 ope
515 1423 702 1479 neglecti
731 1424 894 1480 pecoris
927 1424 1130 1465 uitabitur
1161 1424 1283 1475 ultor,

93 1493 131 1520 20
334 1481 520 1538 Solaque
550 1487 635 1525 stat
666 1483 821 1524 nostris
852 1483 933 1525 hec
962 1482 1064 1538 fuga
1094 1486 1186 1524 tuta
1215 1482 1309 1524 uiis.

296 1568 416 1611 Tunc
457 1569 694 1612 Suanhuita
735 1570 1091 1625 speciosissimum
1131 1570 1478 1612 lineamentorum
1519 1568 1607 1610 eius

158 1626 348 1669 habitum
407 1628 627 1670 curiosiori
685 1628 1046 1684 contemplacione
1099 1629 1323 1670 lustratum
1379 1627 1607 1682 impensius

158 1686 392 1738 ammirata,
415 1686 605 1741 Regibus
628 1690 685 1741 te,
717 1687 868 1742 inquit,
899 1701 987 1729 non
1018 1687 1153 1728 seruis
1186 1686 1344 1729 editum
1361 1685 1606 1741 preradians

159 1743 362 1785 luminum
394 1744 585 1786 uibratus
618 1745 840 1801 eloquitur.
901 1745 1057 1787 Forma
1084 1745 1325 1801 prosapiam
1354 1742 1522 1800 pandit,
1564 1749 1605 1785 ct

90 1812 127 1840 25
157 1801 199 1842 in
233 1803 453 1844 oculorum
483 1803 640 1845 micatu
671 1806 822 1845 nature
854 1807 1057 1846 uenustas
1090 1803 1239 1845 elucet.
1291 1802 1461 1844 Acritas
1491 1801 1606 1843 uisus

161 1863 279 1902 ortus
311 1861 613 1903 excellenciam
643 1860 829 1917 prefert,
860 1875 938 1904 nec
968 1861 1115 1903 humili
1147 1862 1242 1903 loco
1274 1864 1421 1902 natum
1461 1860 1605 1914 liquet,

162 1932 288 1973 quem
329 1919 561 1962 certissima
600 1919 833 1962 nobilitatis
873 1919 1004 1962 index
1045 1919 1285 1975 pulcritudo
1327 1917 1606 1960 commendat.

160 1975 360 2018 Exterior
390 1977 650 2033 pupillarum
686 1977 882 2020 alacritas
912 1978 1067 2019 interni
1096 1977 1273 2033 fulgoris
1305 1978 1475 2032 genium
1511 1989 1606 2017 con-

160 2033 317 2077 fitetur.
377 2034 529 2078 Facies
561 2035 687 2077 fidem
717 2035 862 2102 generi
892 2036 1005 2089 facit,
1038 2040 1079 2077 et
1109 2036 1151 2077 in
1182 2035 1418 2078 luculencia
1463 2035 1607 2076 uultus

92 2103 129 2131 30
159 2092 366 2134 maiorum
389 2093 595 2136 claritudo
618 2094 854 2150 respicitur.
897 2094 1049 2150 Neque
1082 2094 1190 2136 enim
1222 2099 1308 2137 tam
1341 2094 1470 2136 comis
1502 2098 1606 2135 tam-

161 2164 243 2206 que
281 2151 466 2206 ingenua
500 2152 669 2207 species
700 2152 753 2194 ab
793 2152 969 2207 ignobili
1008 2153 1148 2208 potuit
1187 2156 1360 2195 auctore
1399 2150 1606 2217 profundi.

160 2208 387 2264 Sanguinis
427 2209 557 2252 decus
597 2214 775 2266 cognato
814 2210 999 2253 frontem
1039 2211 1193 2253 decore
1233 2209 1460 2266 perfundit,
1501 2213 1542 2251 et
1566 2209 1607 2249 in

162 2266 244 2308 oris
285 2268 460 2323 speculo
501 2268 692 2310 condicio
733 2268 879 2310 natiua
919 2269 1111 2312 resultat.
1173 2268 1344 2311 Minime
1388 2281 1488 2321 ergo
1520 2272 1606 2308 tam

162 2325 339 2380 spectati
389 2326 603 2369 celaminis
654 2326 926 2369 simulacrum
974 2327 1175 2369 obscurus
1219 2327 1362 2382 opifex
1409 2325 1604 2367 absoluit.

94 2392 130 2422 35
162 2382 286 2425 Nunc
323 2383 467 2439 itaque
509 2384 730 2428 celerrima
772 2384 1060 2428 declinacione
1104 2385 1273 2427 crebros
1306 2385 1373 2426 uie
1407 2396 1606 2424 excessus

161 2444 369 2496 petentes,
391 2442 701 2498 monstrigenos
718 2443 851 2486 uitate
868 2457 1110 2498 concursus,
1127 2458 1180 2486 ne
1200 2441 1606 2498 elegantissimorum

163 2513 390 2555 corporum
419 2499 550 2556 preda
581 2500 877 2543 sordidissimis
907 2506 1075 2556 pastum
1106 2500 1342 2557 agminibus
1376 2498 1603 2554 prebeatis.

298 2557 358 2599 At
388 2557 587 2625 Regnero
630 2559 839 2602 maximus
872 2560 927 2602 ob
959 2559 1269 2602 deformitatem
1310 2557 1445 2600 cultus
1476 2556 1604 2598 rubor
1632 2571 1662 2597 p
1681 2563 1712 2590 71

162 2614 406 2672 incesserat,
438 2617 555 2660 cuius
573 2617 740 2660 unicum
763 2618 806 2660 in
827 2617 1092 2662 obscuranda
1123 2617 1342 2662 nobilitate
1373 2613 1605 2658 remedium
