1884 3126
0 1402 14 1445 ...a

83 829 117 856 10

86 1120 118 1146 15

81 1456 119 1482 20

750 162 1049 231 —1--
1545 167 1596 207 13

152 291 332 343 cuidam,
365 290 479 346 quod
503 291 592 332 eius
616 292 817 332 strennua
848 303 979 345 opera
1000 304 1100 346 sepe
1123 305 1300 333 numero
1323 306 1423 334 usus
1446 291 1598 346 fuerat,

151 350 356 391 mercedis
389 350 482 390 1000
515 349 740 403 coniugem
774 347 964 390 donauit.
1019 348 1114 397 Quo
1144 348 1390 392 bellicorum
1424 364 1598 405 operum

152 408 265 450 socio
300 407 447 459 fretus,
478 407 574 462 plus
606 406 741 461 glorie
773 420 851 448 sua
882 420 934 447 an
966 405 1089 448 Bessi
1122 408 1279 449 uirtute
1313 410 1597 463 contracserit,

149 466 358 508 incertum
389 465 571 520 reliquit.

284 523 368 565 Hic
409 537 503 564 cum
547 522 655 564 forte
688 522 906 564 Sueonum
947 523 1059 577 regis
1092 522 1281 578 Sigtrugi
1312 523 1462 575 filiam,
1497 525 1598 575 Gro,

149 583 368 637 gigantum
394 581 561 623 cuidam
584 581 840 636 desponsam
864 586 1105 636 cognosset,
1133 586 1218 622 tam
1243 581 1455 637 indignam
1479 584 1597 638 regio

149 642 358 695 sanguine
389 639 584 695 copulam
619 643 842 680 execratus
876 639 1034 680 bellum
1067 639 1313 681 Suethicum
1338 642 1597 696 auspicatur,

150 698 364 741 Herculee
398 698 566 739 uirtutis
599 697 794 753 exemplo
823 702 1111 739 monstrorum
1144 698 1304 739 nisibus
1338 698 1595 741 obstaturus.

150 757 262 798 Inita
285 756 455 810 Gothia,
490 770 584 797 curn
609 755 972 798 deturbandorum
996 756 1219 797 obuiorum
1243 756 1385 810 gracia
1418 757 1596 811 caprinis

149 815 389 870 tergoribus
412 814 587 855 amictus
618 814 850 867 incederet,
882 827 931 854 ac
953 814 1081 855 uariis
1113 814 1296 855 ferarum
1318 814 1498 869 pellibus
1522 815 1595 855 cir-

150 880 322 915 coactus
355 873 654 928 orrificumque
685 873 837 914 dextra
860 876 1079 926 gestamen
1103 872 1353 927 complexus
1377 873 1595 927 giganteas

149 931 366 973 simularet
410 931 612 982 exuuias,
655 930 659 982 Ι
697 931 832 985 ipsam
876 930 984 983 Gro,
1038 930 1253 972 siluestres
1296 930 1405 971 forte
1449 931 1594 972 latices

150 1004 243 1031 cum
265 990 411 1044 paucis
434 988 485 1029 ad
514 988 686 1030 modum
711 988 977 1043 pedissequis
1006 988 1176 1029 lauandi
1199 989 1341 1043 gracia
1369 993 1596 1044 petentem,

153 1062 260 1103 equo
287 1047 456 1088 obuiam
478 1047 639 1088 habuit.
691 1047 784 1094 Que
807 1060 1007 1101 sponsum
1019 1045 1040 1067 '⁴¹
1064 1048 1296 1088 occurrisse
1318 1053 1424 1100 rata,
1455 1047 1595 1087 simul-

151 1120 231 1161 que
264 1111 348 1147 tam
371 1105 528 1149 insoliti
552 1105 689 1147 cultus
716 1108 890 1148 horrore
912 1104 1175 1146 muliebriter
1197 1105 1357 1155 territa,
1389 1106 1597 1146 succussis

149 1164 304 1207 frenis.
345 1164 530 1204 maxima
563 1178 657 1204 cum
697 1163 834 1205 tocius
877 1163 1065 1218 corporis
1103 1163 1420 1218 trepidacione,
1461 1164 1598 1217 patrio

150 1223 335 1264 carmine
367 1221 425 1263 sic
456 1222 591 1276 cepit:

358 1326 591 1381 Conspicor
623 1325 807 1367 inuisum
839 1325 929 1378 regi
961 1325 1128 1366 uenisse
1161 1325 1390 1380 gigantem,

426 1384 481 1425 Et
510 1398 658 1439 gressu
690 1383 851 1424 medias
886 1383 1168 1424 obtenebrare
1202 1384 1313 1425 uias:

356 1443 444 1484 Aut
478 1443 611 1484 oculis
643 1442 780 1484 fallor.
815 1440 925 1482 Nam
958 1442 1142 1496 tegmine
1175 1456 1274 1496 sepe
1306 1441 1439 1482 ferino

427 1500 618 1555 Contigit
650 1499 834 1541 audaces
867 1499 1085 1541 delituisse
1117 1502 1244 1542 uiros.

588 1607 675 1639 Tum
706 1607 836 1639 Bessus
863 1605 913 1638 sic
941 1616 1062 1638 orsus:

599 1674 750 1728 Virgo,
784 1674 934 1715 caballi

601 1733 694 1781 Que
726 1733 883 1787 premis
916 1746 1068 1774 armos.

599 1791 747 1833 Verba
778 1791 963 1832 uicissim

600 1850 753 1891 Mutua
784 1849 978 1898 fundens,

601 1907 726 1957 Quod
750 1907 825 1948 tibi
848 1922 1015 1960 nomen,

592 1966 696 2015 'Qua
727 1965 872 2018 fueris,
905 1966 985 2017 dic,

601 2024 742 2066 Gente
774 2025 950 2066 creata?

696 2141 751 2174 Ad
778 2143 842 2173 1160
871 2141 963 2174 Gro:

602 2211 687 2252 Gro
705 2210 831 2252 michi
849 2223 1019 2264 nomen,

602 2269 696 2310 Rex
720 2272 842 2325 pater
865 2273 1018 2318 exstat,

604 2326 818 2382 Sanguine
837 2326 1018 2381 fulgens,

602 2385 813 2441 Fulgidus
849 2385 988 2427 armis,

601 2443 666 2484 Tu
699 2457 880 2499 quoque,
913 2443 984 2498 qui
1015 2443 1084 2495 sis,
1133 2496 1135 2498 ,

602 2502 692 2542 Aut
732 2506 850 2542 satus
891 2501 1018 2554 unde,

603 2559 794 2601 Promito
828 2559 962 2602 nobis.

1618 1056 1725 1085 *lllln
