1884 3126
745 241 794 247 —
857 218 925 261 VI
988 244 1038 251 —-
1531 227 1609 268 179

375 348 662 403 Membrisque
694 362 856 391 summe
889 348 1162 393 dissidentem
1190 351 1396 407 spiritum.

375 407 442 449 Ex
477 407 556 448 hoc
587 412 658 449 tue
690 421 897 462 compago
929 412 1052 450 nutat
1080 409 1252 463 fabrice,

378 465 484 507 Cum
517 465 654 506 forma
683 465 786 507 felix
818 470 959 520 strage
990 467 1143 509 mentis
1175 467 1393 522 claudicet,

377 523 557 579 Suisque
589 523 642 564 sit
674 529 826 565 natura
857 523 1059 579 discor<s>
1089 525 1294 581 partibus,

373 581 435 623 Te
468 581 605 623 laudis
639 595 691 623 ex
725 582 802 623 hoe
834 596 984 624 munus
1018 597 1144 626 omne
1176 582 1353 638 deseret,

376 639 468 681 Nec
499 639 678 681 foi-cium
709 640 846 682 clarus
877 640 972 682 loco
1005 641 1254 695 censeberis,

376 697 567 740 Obscura
599 698 912 754 computandus
943 699 1053 740 inter
1083 701 1268 755 agmina.

310 813 403 862 Quo
426 813 550 865 dioto,
582 814 797 870 gigantem
820 814 930 870 pede
953 829 1167 871 manuque
1187 820 1408 871 curtatum,
1435 816 1612 859 liberato

167 873 348 928 captiuo,
370 873 511 926 coegit
533 873 573 914 in
596 873 757 927 fugam.
799 872 929 914 Cuius
952 878 1258 929 consequenter
1279 875 1614 930 promontorium

101 946 137 972 10
167 936 332 986 petcnS,
365 937 556 986 egestam
589 937 711 973 antro
745 932 966 987 pecuniam
988 933 1239 987 asportauit.
1285 933 1448 981 Quibus
1472 934 1614 988 spoliis

103 1293 139 1320 15

105 1584 141 1611 ‘20

172 1003 305 1031 ouans
335 990 555 1044 ereptique
582 989 866 1032 adolescentis
885 990 925 1031 in
942 990 1190 1032 traiiciendo
1213 991 1314 1034 mari
1338 992 1614 1046 nauigacione

170 1061 285 1101 usus,
318 1047 399 1088 hoc
430 1047 560 1089 alacri
592 1062 764 1091 carmen
795 1061 903 1090 uoce
935 1048 1175 1091 subtexuit:

241 1163 458 1215 Sanguine
490 1163 675 1205 suffusos
709 1178 829 1206 enses
861 1163 1105 1219 ferrumque
1136 1179 1285 1208 cruore

240 1222 473 1263 Puniceum
506 1221 643 1277 rapidi
675 1222 941 1263 uersauimus
972 1223 1013 1263 in
1047 1236 1149 1264 nece
1179 1221 1371 1277 monstri,

241 1279 355 1321 Dum
387 1284 442 1332 te,
473 1279 717 1334 Noruagice
752 1280 881 1322 cladis
913 1280 1156 1322 moderator
1186 1279 1395 1334 Amunde,

240 1337 412 1392 Excipit
443 1339 531 1379 alta
562 1339 704 1394 quies3
744 1352 866 1394 quem
900 1352 992 1379 cum
1023 1339 1111 1381 sine
1142 1339 1298 1380 lumine
1329 1338 1480 1381 mentis

241 1395 340 1437 Nox
372 1396 520 1450 ignara
551 1402 730 1452 premat,
763 1397 897 1438 uirtus
930 1396 1090 1451 dilapsa
1120 1396 1280 1439 fefellit.

242 1454 301 1496 At
331 1468 407 1495 nos
440 1453 686 1496 defunctum
718 1454 916 1496 membris
949 1455 1184 1510 opibusque
1215 1456 1429 1510 gigantem

243 1512 539 1566 Contudimus,
571 1513 766 1568 uastique
798 1513 924 1554 chaos
956 1513 1271 1568 penetrauimus
1301 1512 1421 1555 antri.

241 1570 334 1612 Illic
368 1575 616 1624 congestum
649 1576 772 1626 raptu
803 1571 1056 1613 uiolauimus
1089 1585 1249 1613 aurum.

241 1628 298 1670 Et
328 1629 414 1670 iam
445 1630 722 1684 fluctiuagum
753 1629 882 1671 tonsis
914 1629 1146 1671 euerrimus
1179 1643 1324 1684 equor,

244 1686 577 1743 Confertamque
610 1692 745 1730 ratem
777 1687 917 1742 spoliis
948 1686 999 1728 ad
1035 1688 1151 1728 littus
1184 1691 1360 1728 ouantes

243 1745 439 1799 Remigio
472 1745 649 1788 reduces
682 1746 873 1800 agimus,
906 1745 1186 1800 percurrimus
1217 1744 1352 1786 undas

243 1804 525 1846 Permensore
557 1804 682 1846 maris
716 1803 892 1854 carab0;
925 1803 1135 1845 sulcemus
1167 1803 1326 1844 alacres

246 1861 340 1903 Hoc
371 1862 560 1918 pelagus,
593 1877 646 1904 ne
679 1876 755 1904 nos
789 1861 901 1904 hosti
931 1861 1004 1901 lux
1038 1861 1163 1903 obuia
1193 1860 1356 1917 prodat.

245 1919 360 1974 Ergo
393 1920 510 1962 leues
543 1925 720 1976 totoque
751 1934 899 1962 manus
931 1919 1153 1962 conamine
1185 1920 1263 1961 nisi

245 1978 466 2019 Rimemur
498 1993 632 2032 mare,
665 1982 803 2021 castra
833 1978 948 2033 prius
981 1978 1242 2032 classemque
1273 1978 1483 2032 petentes,

248 2035 387 2084 Quam
418 2050 588 2078 roseum
621 2036 788 2092 liquidis
819 2037 944 2077 Titan
978 2039 1105 2090 caput
1135 2041 1281 2077 exerat
1312 2033 1445 2077 undis.

246 2093 320 2146 Vt,
353 2108 450 2135 cum
481 2110 572 2138 rem
603 2109 748 2137 rumor
779 2093 1033 2148 uulgauerit,
1065 2097 1191 2148 atque
1218 2090 1456 2146 Frogertha

248 2150 428 2193 Nouerit
460 2155 632 2208 egregio
665 2158 830 2208 partam
864 2152 1083 2193 conamine
1114 2150 1304 2206 predam,

247 2209 450 2252 Blandior
479 2212 523 2253 in
554 2215 744 2253 nostrum
777 2214 952 2252 moueat
980 2208 1200 2264 precordia
1232 2212 1393 2249 uotum.

319 2327 400 2369 Die
450 2331 622 2382 postera
674 2326 873 2368 Fridleuo
926 2325 1131 2367 aduersus
1178 2321 1422 2364 Amundum
1470 2331 1621 2373 magno

182 2385 397 2440 copiarum
430 2398 637 2427 concursu
670 2389 892 2426 cruentum
922 2383 1069 2424 incidit
1106 2381 1284 2434 bellum,
1325 2378 1434 2435 quod
1468 2376 1620 2432 partim

182 2443 391 2494 terrestri,
425 2443 577 2498 partim
619 2443 828 2484 maritimo
871 2441 1098 2483 certamine
1139 2439 1378 2494 gerebatur.
1438 2434 1549 2476 Nam
1582 2438 1622 2474 et

1684 1350 1778 1383 (101)

1671 1533 1702 1557 p.
1719 1524 1768 1550 569

115 2515 151 2542 35
183 2500 246 2542 in²²e
269 2502 428 2557 campis
449 2501 559 2543 acies
581 2502 905 2556 explicabantur
933 2502 975 2540 et
1010 2499 1131 2540 classi
1153 2495 1422 2538 nihilominus
1444 2493 1623 2534 bellator
1662 2511 1774 2541 „mgb

185 2560 428 2601 incesserat.
487 2558 678 2614 Cumque
713 2573 776 2600 res
808 2557 986 2614 plurimo
1020 2555 1235 2611 sanguinis
1266 2551 1476 2608 impendio
1508 2563 1627 2616 gere-

188 2622 317 2670 retur,
340 2617 498 2658 Biorno
518 2617 700 2669 (lenium,
723 2617 922 2658 inclinata
938 2629 1108 2656 suorum
1127 2613 1228 2663 acie.
1246 2611 1429 2653 solutum
1448 2607 1627 2650 nex1bus

1426 2678 1487 2713 ιε*
