1884 3126
131 896 167 923 10

130 1186 165 1213 15

126 1477 165 1505 20

126 2057 163 2084 30

125 2348 161 2375 35

792 252 845 257 -——
907 228 946 269 V
1010 254 1060 259 —
1571 234 1644 275 161

200 355 241 396 in
274 354 464 397 Alricum
510 354 727 397 effundere
769 357 1009 408 statuisset,
1040 357 1190 400 Ericus
1230 359 1345 414 prius
1385 360 1518 402 filium
1561 361 1649 402 eius

200 413 509 465 Gunthionum,
541 413 728 455 WVermis
761 429 809 456 ac
841 414 1038 470 Solongis
1070 417 1295 471 prelatum,
1329 418 1490 460 censuit
1518 418 1650 474 impe-

201 471 390 526 tendum,
425 476 624 527 oportere
657 486 848 514 asserens
882 472 1040 515 fessum
1073 478 1328 530 tempestate
1360 482 1532 518 nautam
1554 490 1649 532 pro-

200 531 362 571 ximum
385 535 555 586 captare
579 531 710 572 littus.
752 531 955 572 Preterea.
986 531 1175 574 radicum
1206 533 1374 589 inopem
1395 548 1489 576 raro
1513 535 1648 576 uirere

199 592 409 631 truncum.
454 588 593 643 Igitur
624 589 864 644 irrupcione
897 589 1008 631 facta
1029 588 1140 645 pe‘rit
1163 591 1445 646 Gunthionus,
1476 607 1659 635 nomem.

202 661 284 702 que
310 648 399 688 eius
421 645 635 688 *tumulus
667 646 811 689 refert.
850 646 1045 691 Audiens
1078 648 1246 691 Alricus
1277 650 1645 706 interempcionem

199 704 297 756 filii,
339 706 478 746 ultum
508 705 567 747 ire
601 705 870 761 deproperat.
935 705 1216 761 Conspicatus
1257 708 1422 762 hostes,
1467 708 1649 761 Ericum,

201 763 465 806 clandestino
499 764 749 805 accersitum
781 764 1006 819 colloquio,
1037 765 1255 807 recensitis
1286 770 1453 821 patrum
1479 781 1649 808 suorum

199 821 428 873 federibus,
452 826 499 863 ut
523 821 779 863 Gestiblindi
801 822 996 864 miliciam
1021 823 1290 871 detrectaret,
1315 824 1476 865 orabat.
1524 824 1646 872 Quod

1688 647 1815 676 xlllx-

198 878 324 921 Erico
372 879 625 935 pertinacius
675 881 913 930 abnuente,
966 895 1061 922 cum
1110 881 1377 924 Gestiblindo
1425 881 1647 923 dimicandi
1687 918 1693 929 ,

197 938 416 979 licenciam
454 938 642 992 flagitat,
688 938 899 993 priuatam
930 953 1117 994 pugnam
1150 940 1316 994 publice
1358 940 1648 994 preferendam

200 996 464 1038 existimans.
543 996 683 1044 Quem
734 996 883 1038 Ericus
926 1012 929 1045 ι
973 1003 1191 1040 senectute
1244 998 1369 1039 armis
1420 997 1648 1039 inhabilem

197 1053 412 1108 referens,
456 1054 706 1109 tristemque
749 1055 839 1096 eius
873 1055 1150 1097 ualitudinem
1182 1056 1368 1098 maxima
1400 1070 1494 1097 cum
1528 1057 1648 1096 etatis

198 1114 479 1154 excusacione
511 1112 795 1168 pretendens,
830 1127 881 1155 se
915 1114 1002 1155 eius
1033 1113 1128 1156 loco
1162 1114 1316 1155 obtulit
1347 1118 1648 1169 pugnaturum,

197 1170 452 1225 probrosum
483 1170 655 1223 docens,
688 1172 721 1212 si
754 1171 941 1213 duellum
974 1177 1163 1227 prestare
1196 1172 1424 1224 refugeret,
1456 1186 1531 1226 pro
1565 1186 1646 1227 quo

201 1228 358 1270 bellum
405 1229 702 1271 commissurus
750 1230 952 1272 uenisset.
1015 1229 1127 1271 Hinc
1168 1230 1327 1285 absque
1372 1230 1648 1271 cunctacione

198 1286 442 1328 dimicatum
484 1291 562 1330 est.
625 1287 776 1329 Occiso
819 1288 986 1341 Alrico‚
1032 1288 1180 1329 Ericus
1227 1302 1354 1343 quam
1400 1288 1648 1342 grauissime

197 1344 397 1398 affectus,
439 1360 539 1400 egre
572 1346 798 1401 compertis
829 1346 1049 1398 remediis,
1087 1360 1224 1387 serum
1255 1346 1554 1387 incolumitatis
1585 1359 1647 1385 re-

197 1416 392 1457 gressum
419 1403 580 1446 habuit.
625 1406 683 1445 At
706 1403 918 1445 Frothoni
949 1405 1087 1460 ipsum
1120 1404 1367 1446 occubuisse
1398 1403 1504 1444 falso
1535 1403 1647 1444 fania

197 1462 464 1515 uulgauerat,
482 1465 751 1517 mentemque
772 1462 882 1516 regis
907 1476 1062 1516 magno
1088 1463 1140 1504 ob
1164 1463 1203 1503 id
1228 1476 1390 1504 merore
1408 1461 1645 1517 torquebat.

199 1518 337 1567 Quam
354 1520 572 1561 tristiciam
589 1519 737 1562 Ericus
760 1520 922 1562 reditus
946 1521 1009 1561 sui
1034 1521 1238 1562 beneficio
1262 1520 1447 1575 dispulit.
1481 1520 1647 1574 Quippe

197 1577 408 1632 Sueciam,
430 1578 664 1619 Wormia'm
700 1577 1001 1633 [Helsingiam]
1041 1583 1166 1634 atque
1189 1578 1346 1620 insulas
1370 1578 1478 1618 Solis
1518 1591 1647 1632 opera

197 1649 273 1676 sua
320 1635 547 1679 Frothonis
596 1637 783 1678 adiectas
829 1637 1007 1692 imperio
1059 1637 1300 1678 nunciabat.
1363 1635 1496 1683 Quem
1545 1649 1644 1675 mox

197 1693 359 1736 Frotlio
404 1695 667 1736 deuictarum
709 1695 763 1736 ab
805 1708 854 1737 eo
895 1695 1092 1749 gencium
1135 1709 1277 1749 regem
1319 1694 1557 1745 constituit,
1597 1706 1645 1733 ao

149 1767 164 1791 π
195 1757 391 1806 preterea
414 1753 683 1808 Helsingiam
716 1753 755 1795 ei
786 1768 881 1794 cum
905 1758 1085 1808 utraque
1108 1753 1286 1808 Lappizu
1318 1752 1511 1793 Finniam
1544 1765 1645 1806 quo-

198 1824 280 1865 que
311 1816 355 1852 et
386 1810 548 1853 Estiam
580 1825 721 1852 annuo
755 1811 1060 1866 stipendiorum
1093 1811 1182 1852 iure
1215 1810 1456 1851 contribuit.
1507 1808 1643 1849 Nemo

196 1873 295 1909 ante
339 1869 476 1923 ipsum
509 1869 777 1911 Sueticorum
818 1883 967 1924 regum
1007 1869 1119 1911 Erici
1158 1869 1326 1910 nomine
1368 1867 1642 1917 censebatur3

195 1927 249 1968 ab
281 1927 373 1982 ipso
406 1933 550 1969 autem
582 1929 624 1969 in
657 1932 820 1969 ceteros
852 1927 1108 1969 uocabulum
1140 1927 1274 1968 fluxit.

334 1985 499 2027 Eodem
532 1991 727 2041 tempore
758 1986 967 2040 regnabat
987 1985 1065 2027 Alf
1090 1985 1130 2026 in
1162 1983 1481 2033 Hethmarchin,
1514 1982 1642 2023 filium

194 2041 357 2084 habens
398 2044 688 2097 Asmundum,
731 2043 887 2085 Biorno
929 2057 1032 2085 uero
1078 2044 1118 2084 in
1151 2042 1255 2083 Wik
1295 2041 1536 2097 prouincia,
1578 2039 1642 2081 cui

196 2101 374 2143 Asuitus
419 2102 531 2144 filius
582 2107 683 2144 erat.
744 2102 912 2144 Accidit
959 2106 1122 2152 autem,
1161 2099 1449 2145 Asmundum,
1494 2112 1642 2154 parum

194 2172 398 2214 prospere
429 2160 653 2202 uen'acioni
685 2161 908 2212 intentum,
942 2159 1043 2201 dum
1074 2160 1182 2200 feras
1215 2163 1287 2200 aut
1318 2157 1490 2199 canibus
1521 2170 1641 2198 occu-

194 2230 297 2271 pare
330 2222 403 2259 aut
440 2218 628 2260 cassibus
650 2218 846 2273 excipere
868 2221 1079 2273 pergeret,
1111 2218 1296 2258 irruente
1328 2215 1437 2256 forte
1466 2214 1642 2267 caligine

195 2275 362 2330 longius
394 2289 418 2316 a
449 2277 636 2318 reciariis
685 2277 782 2317 auio
829 2276 958 2317 fuisse
1005 2276 1110 2317 calle
1158 2274 1390 2325 diuulsum,
1438 2276 1642 2325 uastaque

193 2337 482 2387 pererrantem
521 2334 621 2389 iuga
661 2334 852 2386 tandem,
877 2333 891 2387 Η
916 2348 1023 2388 equo
1067 2337 1108 2374 et
1147 2331 1337 2373 uestibus
1380 2329 1640 2393 destitutum,

193 2390 348 2446 fungos
376 2395 417 2433 et
439 2392 592 2434 tubera
623 2391 863 2447 peredisse;
897 2392 950 2433 ad
982 2391 1180 2432 ultimum
1211 2390 1253 2430 in
1276 2388 1500 2430 Biornonis
1531 2399 1640 2439 regis

194 2450 428 2503 penetralia
481 2449 655 2492 fortuito
709 2450 929 2491 deuenisse
980 2462 1219 2504 progressa
1299 2447 1500 2488 Preterea
1549 2444 1639 2499 ipse

194 2507 389 2562 filiusque
407 2508 532 2562 regis,
566 2509 765 2550 conuictu
795 2508 1010 2562 paulisper
1043 2504 1199 2555 habito,
1233 2505 1285 2546 ad
1309 2501 1639 2545 confirmandum

192 2564 304 2606 inter
335 2579 380 2606 se
412 2566 601 2607 amicicie
632 2566 790 2608 cultum
824 2566 1017 2607 omnibus
1051 2564 1322 2606 coniurauere
1344 2561 1468 2612 uotis,
1498 2573 1641 2614 quem-

125 2638 162 2665 40
192 2637 358 2679 cunque
403 2638 548 2666 eorum
578 2623 583 2678 Ι
609 2625 698 2666 uita
738 2624 944 2680 prolixior
987 2622 1245 2678 excepisset,
1287 2623 1450 2661 mortuo
1496 2621 1641 2660 contu-

264 2698 344 2723 Saxo
364 2698 597 2724 Grammaticus.
1459 2687 1501 2722 11

1702 998 1801 1041 ῥ.243

1714 2330 1783 2363 (91)

1697 2628 1725 2654 p.
1745 2620 1795 2645 ‘241
