1884 3126
194 888 229 916 10

193 1177 229 1204 15

189 1465 225 1492 20

191 1754 226 1781 25

185 2042 222 2069 30

183 2330 218 2357 35

266 237 347 276 360
737 225 1112 266 ·—X--

263 357 562 403 conuenticulis
615 355 754 405 auxit,
806 366 1104 407 sacrorumque
1165 350 1511 402 ueneracionem,
1571 365 1696 406 quam

263 417 490 459 maximam
529 426 693 466 semper
733 410 1007 462 exhibuerat,
1065 410 1278 463 regiarum
1320 422 1446 463 opum
1486 409 1697 464 impendio

263 472 477 529 stipendiis
509 469 816 524 multiplicauit.
866 467 1163 509 Monachalem
1185 479 1348 521 quoque
1380 466 1565 507 ordinem
1599 467 1698 508 ube-

263 533 416 573 riorem
444 528 647 582 reliquit,
686 540 737 567 ne
768 526 921 567 ferocie
966 525 1134 580 propior
1175 538 1301 579 quam
1341 524 1510 578 pietatis
1550 524 1698 566 officiis

260 588 494 635 uideretur,
538 598 689 639 equam
729 584 807 624 sibi
838 584 1054 637 utriusque
1086 582 1255 622 laudem
1293 581 1473 623 adiicere
1513 583 1696 637 cupiens.

261 646 387 687 Cuius
419 643 544 684 studii
575 641 780 682 industria
812 641 865 681 ad
898 645 1058 681 tantum
1102 640 1304 680 claritatis
1335 639 1478 680 lumen
1515 640 1698 691 accessit,

261 707 328 754 ut,
375 715 468 742 cum
514 699 837 740 fortissimorum
883 712 1032 752 regum
1078 697 1229 738 bellica
1274 697 1406 738 uirtus
1450 698 1698 752 antiquitate

263 758 505 809 exoleuerit,
538 757 625 798 eius
656 756 813 797 famam
845 756 976 809 glorie
1009 759 1158 810 questu
1191 755 1550 809 opulentissimam
1584 760 1699 797 tena-

262 817 424 858 cissima
454 814 708 869 posteritatis
741 814 904 866 agnieio
935 812 1311 867 comprehenderit.

396 872 564 913 Interea
595 870 734 912 Sueno
756 870 943 912 Estrithe
965 870 1088 923 filius,
1111 874 1334 925 expectato
1365 870 1477 926 apud
1498 870 1698 926 Angliam

261 931 455 978 Kanuto,
500 944 579 984 quo
623 930 788 984 plenius
829 929 975 970 incolis
1007 943 1152 969 ausum
1185 928 1437 970 defeccionis
1469 933 1698 982 excuteret,

261 989 459 1030 miliciam
490 987 682 1042 presidiis
713 987 885 1042 sparsit,
925 1000 977 1027 ne
1019 986 1152 1027 libera
1191 987 1550 1028 munimentorum
1582 1001 1700 1028 occu-

261 1047 437 1101 pacione
487 1049 701 1100 suspectas
742 1044 981 1099 Anglorum
1026 1045 1137 1085 uires
1188 1049 1381 1085 armaret.
1451 1043 1532 1085 Vt·
1558 1050 1718 1086 autem·

260 1102 620 1157 Nor-uagiensibus
666 1103 809 1144 mortis
856 1102 1017 1143 Kanuti
1063 1102 1238 1143 nuncius
1285 1102 1441 1155 adfuit,
1487 1103 1697 1156 continuo,

261 1161 424 1216 pudore
457 1161 621 1201 externi
653 1160 839 1215 obsequii
871 1160 1077 1200 Danicum
1111 1158 1432 1214 de<t>rectantes
1462 1161 1698 1215 imperium,

260 1219 313 1260 ad
345 1219 470 1260 Olaui
501 1218 632 1259 filium
666 1218 882 1272 Magnum,
915 1218 979 1259 cui
1012 1217 1176 1259 bonitas
1213 1232 1286 1259 sua
1330 1218 1565 1272 cognomini
1597 1223 1699 1272 erat,

260 1277 472 1329 deficiunt,
504 1277 626 1331 eique
658 1289 834 1330 regnum
858 1276 1091 1330 imponunt.
1154 1275 1318 1330 Quippe
1351 1280 1539 1330 spectata
1571 1276 1700 1331 patris

260 1335 458 1375 sanctitas
478 1334 750 1388 popularium
773 1334 811 1374 ei
832 1333 1022 1374 fauorem
1058 1334 1366 1375 conciliauerat.
1418 1333 1566 1388 Neque
1589 1334 1699 1375 enim

259 1392 424 1446 parenti
469 1392 655 1446 graciam
706 1391 959 1446 impendisse
1009 1392 1209 1444 contenti,
1261 1392 1303 1432 in
1352 1391 1486 1432 filium
1536 1394 1700 1446 quoque

257 1450 447 1491 fauorem
478 1449 770 1491 extenderant.
803 1451 818 1500 Η
850 1449 1019 1490 Interea
1050 1448 1260 1501 Kanutus,
1292 1448 1396 1490 haut
1425 1449 1559 1490 leuius
1591 1448 1697 1491 Nor-

257 1508 406 1561 uagice
439 1507 612 1562 perfidie
646 1521 771 1561 quam
802 1507 967 1561 paterni
998 1506 1075 1547 fati
1106 1521 1272 1548 rumore
1303 1507 1531 1562 perculsus,
1562 1507 1700 1548 uereri

257 1566 390 1619 cepit,
431 1579 506 1617 ne,
545 1565 578 1605 si
620 1565 891 1605 finitimorum
933 1565 1043 1605 bello
1085 1565 1343 1615 intenderet,
1395 1579 1448 1606 ex
1495 1564 1698 1606 dilacione

256 1637 397 1664 rerum
422 1622 582 1677 Anglia
612 1636 687 1676 per
709 1622 948 1663 absenciam
973 1627 1148 1675 careret,
1180 1622 1356 1677 ideoque
1379 1623 1548 1663 minoris
1579 1623 1698 1677 regni

256 1680 541 1721 defeccionem
574 1681 754 1721 tolerare
797 1694 922 1734 quam
955 1680 1099 1721 maiori
1141 1681 1363 1722 consimilis
1407 1694 1531 1721 ausus
1562 1681 1698 1721 locum

257 1737 442 1779 tribuere
475 1738 709 1779 consulcius
731 1738 864 1790 duxit,
898 1738 1045 1779 leuiori
1072 1738 1180 1779 malo
1213 1739 1346 1779 solam
1377 1738 1586 1792 grauioris
1616 1738 1697 1780 for-

257 1795 457 1837 midinem
486 1795 801 1850 preponderare
832 1795 1034 1837 iudicans.
1096 1796 1268 1850 Itaque,
1301 1796 1562 1838 dissimulata
1592 1796 1698 1837 iniu-

255 1853 413 1894 riarum
445 1853 626 1905 offensa,
658 1853 898 1895 condicione
939 1853 1199 1894 defectorem
1230 1854 1496 1908 aggreditur,
1542 1854 1697 1894 iureiu-

255 1910 386 1952 rando
418 1915 579 1966 pactus,
611 1911 713 1961 eius,
746 1911 815 1965 qui
846 1911 958 1966 prior
990 1911 1233 1964 decederet,
1276 1912 1489 1966 superstiti
1520 1925 1698 1966 regnum

256 1982 345 2010 esse
377 1982 615 2023 cessurum,
652 1983 704 2009 ne
744 1969 923 2023 priscam
964 1969 1169 2023 regnandi
1201 1968 1543 2010 consuetudinem
1585 1983 1699 2010 noua

252 2022 490 2081 regnolrum
521 2027 696 2081 particio
730 2027 947 2079 laceraret,
971 2041 1193 2081 rerumque
1217 2026 1425 2081 quondam
1456 2027 1694 2068 iunctarum

254 2083 470 2125 diuiduam
490 2084 675 2126 efficeret
696 2098 914 2125 summam.
946 2084 1068 2126 Adeo
1088 2085 1198 2125 enim
1215 2085 1395 2126 Daniam
1415 2083 1696 2138 Noruagiam-

253 2155 333 2197 que
355 2142 479 2183 unius
502 2156 596 2183 esse
619 2142 836 2196 regiminis
859 2141 1098 2192 affectabat,
1125 2146 1171 2183 ut
1192 2142 1367 2184 alteram
1391 2142 1514 2183 alteri
1534 2142 1697 2193 subiici,

254 2213 380 2255 quam
399 2204 608 2255 utranque
631 2201 860 2254 separatim
882 2214 1062 2253 regnum
1084 2213 1234 2254 gerere
1254 2204 1516 2255 preoptaret,
1543 2201 1697 2256 patrie-

254 2271 335 2313 que
357 2261 526 2300 exteros
546 2257 800 2312 imperitare,
834 2272 961 2313 quam
985 2259 1164 2312 patriam
1188 2259 1276 2298 sine
1299 2258 1454 2299 exteris
1476 2258 1694 2313 imperium

251 2329 401 2370 gerere
431 2315 587 2357 mallet.
630 2314 724 2363 Que
758 2316 952 2357 nimirum
977 2315 1166 2357 condicio
1191 2329 1240 2357 eo
1264 2315 1482 2357 stoliditati
1508 2316 1693 2371 propior,

252 2387 334 2428 quo
367 2373 537 2415 fortune
569 2373 814 2426 subieccior,
846 2374 1039 2415 alterutri
1069 2379 1143 2414 aut
1174 2373 1440 2427 splendidum
1474 2373 1695 2428 imperium

194 2430 196 2432 ’
252 2435 326 2472 aut
368 2430 578 2472 sordidam
619 2431 806 2486 paritura
846 2431 986 2473 'fuerat
1028 2431 1291 2472 seruitutem.
1354 2430 1403 2472 In
1436 2430 1542 2472 hanc
1583 2432 1695 2485 pacti

182 2615 218 2643 40

250 2487 376 2530 fidem
413 2493 589 2544 utraque
619 2502 715 2544 pars
747 2494 1011 2529 sacramento
1044 2489 1256 2529 conuenit.
1300 2488 1464 2529 Deinde
1496 2488 1693 2543 Angliam

251 2545 484 2599 profectus,
528 2561 621 2587 cum
653 2551 805 2587 cuncta
837 2546 1045 2587 suenonis
1076 2545 1284 2587 industria
1316 2560 1418 2601 pace
1450 2546 1695 2601 plenissima

251 2604 542 2659 comperisset,
583 2603 832 2648 Eduardum
872 2603 1068 2658 fratrem,
1114 2618 1243 2660 quem
1285 2603 1475 2647 eiusdem
1516 2603 1695 2656 nominis

1758 1453 1851 1488 (202)

1750 2045 1778 2069 p.

1798 2036 1850 2063 539
