1884 3126
244 901 279 927 10

247 1187 280 1213 15

244 2056 280 2085 30

244 2347 280 2374 35

245 2636 279 2661 40

313 241 395 281 598
844 260 887 265 -ω
957 230 1094 273 XIIII
1158 255 1205 261 -—

452 369 623 409 Interea
655 365 842 407 Hom-ico
875 363 981 406 duce
1013 363 1123 419 apud
1149 363 1340 405 Bauaros
1363 366 1531 416 agente,
1566 360 1751 404 uniuersi

313 428 526 470 Saxonum
559 426 726 477 satrape
754 421 929 477 gerendi
961 435 1054 477 cum
1082 421 1211 463 Danis
1243 420 1339 463 belli
1373 419 1618 475 eupiditate,
1640 419 1750 475 quod

315 484 483 526 minimo
517 480 823 522 conficiendum
856 479 1031 534 negocio
1055 479 1381 527 arbitrabantur,
1412 478 1620 532 insignem
1652 478 1751 520 uiri-

316 542 392 582 bus
425 539 654 580 exereitum
688 538 1015 593 amplificabant.
1079 537 1162 586 Qui
1194 537 1234 578 in
1267 537 1429 590 itinere,
1461 535 1653 591 profugis
1686 549 1753 578 oc-

318 596 604 649 currentibus,
652 595 883 650 accipiunt,
930 595 1076 637 Danos
1121 609 1205 636 non
1253 595 1409 636 rustica
1460 598 1533 636 aut
1575 593 1752 649 ignobili

314 659 540 705 armatura,
572 652 643 694 sed
679 667 858 708 operoso
890 667 938 694 ac
971 653 1137 694 militari
1161 653 1441 694 instrumento
1465 651 1574 694 bella
1604 666 1752 706 gerere

312 712 459 759 solere,
492 715 692 766 tantequc
715 711 753 751 in
781 710 1041 752 Christianos
1064 710 1291 752 clemencie
1325 725 1431 764 esse,
1462 714 1510 751 ut
1541 710 1753 777 fugientes

312 770 499 824 colaphis
550 783 672 823 quam
722 769 849 810 armis
900 769 1094 811 insectari
1144 768 1385 810 maluerint.
1459 767 1568 810 Nam
1619 768 1752 810 aciem

312 842 452 871 suam.
495 841 588 868 cum
631 827 682 867 ab
731 827 789 868 eis
836 827 927 882 capi
968 827 1247 882 int‹rcipique
1286 830 1453 882 posset,
1496 826 1639 882 equis,
1670 839 1753 868 non

310 885 458 939 spiritu
492 884 739 939 spoliatam3
778 888 996 926 auctorem
1038 899 1140 926 uero
1181 885 1356 927 uictorie
1400 884 1538 926 solum
1579 881 1754 928 Siallan-

313 942 504 984 densium
546 942 775 983 antistitem
823 943 1028 985 extitisse.
1099 942 1147 983 Id
1190 942 1342 984 mirum
1389 943 1566 998 satrapis
1606 943 1754 985 uisum.

315 1001 502 1048 Quorum
544 1015 652 1041 unus
693 1000 990 1053 (iuncellinus‚
1035 999 1194 1054 cui[us]
1238 1000 1387 1042 bellice
1421 1000 1586 1042 uirtutis
1629 1014 1756 1057 expe-

316 1058 473 1099 riencia
504 1058 617 1113 apud
650 1057 883 1099 Hem-icum
917 1058 1068 1100 ducem
1099 1058 1395 1100 familiaritatis
1426 1058 1610 1126 palmam
1645 1073 1757 1101 erea-

313 1121 446 1164 uerat,
481 1115 532 1156 (lc
563 1130 607 1157 re
639 1117 825 1170 presenti
857 1131 881 1157 a
914 1117 1062 1158 ceteris
1095 1117 1326 1167 consultus,
1359 1116 1567 1159 Absaloni
1597 1117 1639 1159 in
1670 1131 1756 1159 ma-

313 1174 460 1215 ritimis
485 1173 790 1215 occurrendum
814 1174 1028 1232 monebat,
1062 1174 1173 1230 quod
1202 1188 1295 1216 cum
1318 1175 1440 1216 unius
1471 1174 1606 1217 insule
1630 1189 1755 1217 manu

315 1231 512 1273 dimicare
552 1233 694 1286 magni
725 1246 808 1273 non
851 1233 915 1274 sit.
976 1232 1268 1287 Inteirogatus
1309 1233 1381 1312 ab*
1395 1232 1542 1274 iisdem
1574 1247 1754 1287 rursum,

315 1304 367 1332 an
412 1303 503 1331 cum
538 1290 628 1344 ipso
671 1304 770 1345 rege
802 1305 973 1332 manum
1005 1294 1098 1332 tuto
1132 1289 1381 1333 conseicre*
1412 1294 1598 1346 possent
1630 1305 1683 1333 ne
1713 1267 1755 1333 id
1817 1312 1825 1326 ι

316 1347 482 1402 quidem
527 1347 710 1390 Henrico
751 1348 845 1389 duci
889 1349 978 1389 sine
1018 1349 1204 1404 periculo
1247 1347 1491 1391 audendum
1523 1349 1753 1405 respondit.

317 1407 411 1453 Quo
435 1405 546 1446 dicto
571 1407 865 1447 cunctantibus
898 1407 1058 1448 eunctis
1080 1406 1329 1463 Daniceque
1354 1407 1519 1449 uirtutis
1551 1408 1753 1462 impetum

245 1479 260 1494 ·›
313 1463 651 1515 formidantibus,
677 1464 788 1505 uiam
810 1478 855 1506 se
877 1466 1050 1507 tucior-is
1073 1465 1236 1506 consilii
1259 1465 1498 1531 repperisse
1521 1465 1753 1508 subiunxit.

315 1520 423 1563 Nam
468 1535 559 1562 eum
603 1521 799 1564 uniuerso
837 1522 1055 1565 Danorum
1087 1524 1198 1565 uires
1229 1523 1439 1564 maritima
1480 1522 1755 1578 expedicione

315 1580 608 1630 confluxerint,
642 1581 677 1621 si
708 1580 877 1622 interim
910 1580 1238 1623 Slesuicensium
1270 1585 1412 1636 partes
1444 1581 1652 1623 hostiliter
1682 1595 1754 1638 pe-

314 1641 513 1690 terentur,
547 1638 639 1693 plus
671 1638 878 1693 dispendii
910 1639 1069 1689 Dauos,
1102 1653 1226 1694 quam
1258 1639 1359 1681 foris
1389 1639 1595 1693 inferant,
1639 1637 1756 1682 domi

314 1710 406 1737 esse
438 1710 649 1751 passuros.
712 1696 806 1744 Quo
849 1695 1014 1751 audito,
1057 1696 1301 1739 Bernardus
1343 1696 1681 1752 Raraburgensis
1712 1698 1753 1739 in

244 1789 259 1796 -
313 1767 405 1794 eam
438 1754 699 1808 prouinciam
732 1767 849 1795 arma
880 1768 924 1795 se
957 1755 1259 1796 translaturum
1294 1755 1490 1809 negabat,
1524 1768 1649 1811 quam
1681 1769 1755 1810 per

313 1824 459 1865 regem
494 1812 683 1852 beneficii
716 1812 806 1853 iure
839 1812 1067 1867 possideat.
1130 1813 1213 1856 Sed
1257 1826 1392 1868 neque
1425 1812 1752 1855 Slesuicensium

312 1872 482 1924 portas,
526 1870 694 1911 tametsi
726 1884 801 1910 rex
846 1871 1111 1913 extrinsecus
1143 1875 1265 1926 agat,
1309 1870 1412 1914 adeo
1444 1885 1578 1925 usque
1612 1870 1756 1912 defen-

313 1927 477 1969 soribus
519 1942 682 1980 carere,
726 1931 771 1968 ut
815 1928 942 1983 plane
989 1929 1099 1971 hosti
1144 1933 1288 1984 patere
1335 1929 1572 1972 uideantur.
1644 1927 1755 1970 Nam

315 1999 460 2027 earum
503 1985 735 2027 custodiam
780 1987 1004 2041 sexaginta
1045 1986 1267 2029 Danorum
1308 1986 1476 2028 milibus
1519 2000 1611 2028 esse
1643 2000 1754 2028 man-

312 2042 464 2084 datam.
528 2043 651 2109 Quod
694 2040 886 2098 auldicns
927 2044 1162 2098 Henricus,
1205 2045 1274 2101 qui
1307 2043 1491 2087 Saxonie
1530 2044 1754 2099 pr2imitum

312 2100 469 2142 uicario
499 2102 668 2142 nomine
711 2102 1065 2153 amministrabat
1111 2102 1266 2144 bellum
1297 2117 1321 2143 a
1352 2117 1398 2145 se
1432 2102 1561 2144 Danis
1596 2107 1753 2144 temere

311 2159 457 2214 parari
473 2163 732 2225 protestatus
757 2163 834 2214 est,
857 2161 928 2215 qui
946 2161 1060 2215 pacis
1079 2161 1300 2216 patrieque
1319 2160 1491 2202 caritate
1508 2160 1753 2215 flagrantes,

312 2216 599 2272 propulsande
622 2217 754 2271 magis
777 2232 903 2273 quam
925 2217 1182 2273 ir'rogande
1173 2218 1323 2260 lniurie
1345 2218 1501 2273 gracia,
1524 2217 1752 2260 aduersum

313 2275 663 2316 insolentissimos
707 2290 855 2317 seruos
897 2277 1221 2342 teterrimosque
1261 2276 1442 2318 latrones
1476 2275 1652 2318 Martem
1694 2275 1753 2316 in—

312 2331 482 2374 ducant.
545 2332 662 2381 Quos
705 2347 797 2374 cum
840 2334 1088 2376 innocentes
1121 2335 1329 2376 incessere
1368 2333 1486 2375 nefas
1528 2333 1752 2387 habeatur,

311 2388 535 2432 Tartareas
558 2390 679 2432 sedes
703 2392 868 2445 mereri,
901 2391 971 2447 qui
1002 2396 1088 2434 tam
1121 2393 1227 2434 iuste
1249 2391 1389 2446 gentis
1421 2405 1571 2433 cruore
1604 2404 1751 2433 manus

312 2461 409 2489 suas
462 2449 751 2490 contaminare
802 2455 1108 2504 presumerent.
1185 2448 1265 2491 His
1317 2448 1487 2490 monitis
1532 2447 1753 2490 decretum

312 2506 562 2548 remittendo
609 2507 896 2561 expedicionis
943 2507 1144 2559 obtinuit,
1192 2508 1353 2549 cunctis
1399 2510 1486 2547 tam
1532 2505 1753 2561 indignum

312 2564 464 2605 milicie
495 2577 627 2617 genus
661 2564 979 2606 detrectandum
1024 2565 1305 2607 censentibus.
1366 2564 1501 2617 Igitur
1539 2563 1752 2605 Guncelli-

312 2637 412 2674 nus,
447 2623 517 2679 qui
561 2622 706 2665 bellice
750 2623 916 2666 uirtutis
957 2623 1158 2681 operibus
1197 2622 1309 2680 apud
1345 2622 1572 2664 Hem-icum
1616 2622 1752 2666 excel-
