1884 3126
296 232 350 273 56
885 227 1152 270 —11-

295 373 381 401 rem
402 358 624 410 Roluonis,
647 357 805 399 Rutam
828 357 1009 407 nomine,
1040 355 1304 398 matrimonio
1329 353 1543 406 ducturus,
1576 353 1735 408 ingenti

296 417 491 459 conuiuio
534 416 708 471 nupcias
748 414 926 456 instruit.
987 414 1038 455 In
1070 428 1150 469 quo
1192 427 1284 454 cum
1325 411 1490 467 pugiles
1522 413 1634 453 omni
1663 426 1734 467 pe-

295 474 478 517 tulancie
509 488 667 529 genere
700 472 1009 515 debacchantes
1035 472 1075 513 in
1096 471 1304 513 Ialtonem
1338 469 1546 524 quendam
1577 469 1739 511 nodosa

295 533 450 589 passim
485 546 580 573 ossa
613 531 894 584 coniicerent,
927 529 1088 582 accidit,
1121 533 1168 570 ut
1200 529 1289 570 eius
1321 542 1555 579 consessor,
1586 527 1737 569 Biareo

249 602 264 629 5
296 591 478 643 nomine,
511 589 701 631 iacientis
723 601 862 630 errore
883 587 1178 629 uehementem
1200 587 1338 643 capite
1364 585 1491 626 ictum
1514 585 1737 640 exciperet.

297 649 380 697 Qui
412 648 557 689 dolore
589 648 747 703 pariter
780 660 828 687 ac
858 645 1041 692 ludibrio
1073 645 1319 694 lacessitus,
1363 658 1456 685 osse
1488 644 1666 685 inuicem
1697 643 1737 685 in

294 707 519 748 iacientem
551 706 749 757 remisso,
792 704 972 745 frontem
1007 705 1096 744 eius
1127 703 1168 744 in
1203 706 1385 756 occuput
1414 701 1581 743 reflexit
1610 701 1738 743 idem-

297 780 376 819 que
394 765 486 806 loco
519 764 664 806 frontis
699 761 878 815 intorsit,
910 766 1196 803 transuersum
1230 760 1409 801 hominis
1441 760 1624 801 animum
1646 760 1738 800 uul-

296 828 363 863 tus
406 822 652 877 obliquitate
692 819 948 861 mulctando.
1038 818 1102 860 Ea
1148 832 1214 859 res
1260 814 1615 873 contulmeliosam
1658 817 1739 858 ioci
1768 822 1847 855 12-87

232 891 264 917 10
295 881 565 922 insolenciam
598 878 859 933 temperauit,
892 876 1144 932 pugilesque
1175 875 1292 930 regia
1314 875 1430 916 abire
1454 875 1603 930 coegit.
1647 875 1741 924 Qua

297 938 480 980 conuiuii
512 938 663 979 iniuria
694 940 911 992 permotus
944 949 1124 990 sponsus
1155 933 1265 975 ferro
1306 947 1398 974 cum
1430 933 1638 975 Biarcone
1671 933 1740 974 de-

298 1011 467 1038 cernere
499 996 665 1047 statuit,
695 995 854 1036 uiolate
897 993 1118 1034 hilaritatis
1162 992 1370 1033 ulcionem
1413 990 1540 1032 duelli
1572 992 1741 1032 nomine

299 1055 552 1111 quesiturus.
594 1054 658 1097 In„
677 1053 795 1094 cuius
826 1051 1032 1106 ingressu,
1065 1049 1147 1091 utri
1178 1050 1291 1105 prior
1316 1049 1492 1091 feriendi
1524 1049 1644 1104 copia
1671 1049 1742 1091 de-

298 1113 491 1166 beretur,
536 1112 700 1152 diutule
747 1113 951 1152 certatum
995 1113 1069 1150 est.
1131 1107 1228 1148 Non
1275 1107 1383 1148 enim
1431 1107 1658 1162 antiquitus
1700 1108 1741 1148 in

234 1180 263 1207 ¹5
297 1170 470 1213 edendis
512 1170 719 1225 agonibus
761 1167 906 1209 crebre
946 1167 1105 1208 ictuum
1137 1165 1442 1207 uicissitudines
1474 1165 1741 1219 petebantur,

296 1228 369 1270 sed
402 1232 492 1270 erat
525 1243 619 1269 eum
649 1226 872 1268 interuallo
914 1225 1116 1278 temporis
1157 1224 1288 1265 eciam
1327 1222 1505 1264 feriendi
1548 1222 1744 1264 distincta

297 1287 524 1340 successio,
557 1286 746 1340 rarisque
766 1283 838 1326 sed
872 1282 1085 1323 atrocibus
1118 1282 1253 1336 plagis
1286 1282 1517 1322 certamina
1537 1281 1742 1335 gereban-

296 1350 378 1397 tur,
413 1350 459 1386 ut
491 1345 626 1399 gloria
658 1344 805 1397 pocius
833 1340 1150 1395 percussionum
1188 1338 1480 1394 magnitudini,
1513 1353 1635 1394 quam
1668 1354 1743 1380 nu-

296 1417 411 1444 mero
456 1402 704 1444 deferretur.
766 1399 935 1441 Prelato
980 1398 1033 1439 ob
1077 1398 1244 1452 generis
1275 1397 1525 1451 dignitatem
1556 1398 1744 1451 Agnero,

228 1471 266 1497 20
297 1464 413 1503 tanta
445 1461 487 1502 ui
519 1461 651 1502 ictum
692 1460 745 1500 ab
786 1473 833 1500 eo
878 1456 1034 1498 editum
1068 1459 1246 1509 constat,
1288 1459 1356 1507 ut,
1397 1455 1531 1509 prima
1573 1456 1743 1497 cassidis

296 1524 417 1574 parte
465 1518 689 1570 conscissa,
723 1529 964 1572 supremam
1011 1514 1159 1569 capitis
1211 1513 1434 1554 cuticulam
1486 1513 1743 1567 uulneraret,

298 1577 543 1632 ferrumque
574 1575 721 1617 mediis
752 1575 873 1630 galee
905 1572 1178 1614 interclusum
1200 1570 1476 1612 foraminibus
1499 1570 1742 1614 dimitteret.

298 1635 418 1677 Tunc
434 1635 586 1676 Biarco
608 1639 755 1675 mutuo
773 1643 1068 1688 percussurus,
1091 1644 1173 1685 quo
1197 1628 1360 1684 plenius
1381 1628 1537 1670 ferrum
1559 1629 1744 1683 libraret,

298 1693 450 1749 pedem
482 1697 632 1734 trunco
666 1691 862 1742 annixus,
893 1687 1076 1729 medium
1111 1686 1485 1742 Agne1·il}corpus
1516 1688 1742 1741 prestantis
1775 1699 1847 1734 (31)

230 1760 266 1786 2³5
299 1751 503 1793 acuminis
526 1763 727 1792 mucrone
759 1746 978 1801 transegit.
1022 1745 1129 1787 Sunt
1160 1745 1229 1800 qui
1260 1749 1463 1795 asserant,
1494 1745 1743 1787 morientem

299 1810 518 1863 Agnerum
559 1809 700 1850 soluto
733 1808 774 1848 in
806 1807 934 1848 risum
968 1817 1040 1844 ore
1071 1817 1146 1858 per
1177 1816 1384 1844 summam
1425 1802 1582 1844 doloris
1626 1803 1744 1845 dissi-

300 1867 579 1908 mulacionem
620 1866 811 1921 spiritum
852 1861 1097 1905 reddidisse.
1160 1860 1289 1903 Cuius
1333 1860 1539 1906 ulcionem
1579 1861 1744 1916 pugiles

299 1924 464 1966 auidius
506 1927 779 1978 expetentes,
818 1920 941 1963 simili
980 1932 1056 1974 per
1087 1919 1335 1960 Biarconem
1378 1917 1511 1958 exicio
1553 1919 1743 1960 mulcta-ti

300 1986 410 2025 sunt.
472 1982 682 2023 Vtebatur
728 1982 885 2036 quippe
931 1977 1158 2032 prestantis
1210 1975 1412 2017 acuminis
1460 1975 1746 2032 inusitateque

234 2050 270 2077 30
299 2040 575 2094 longitudinis
608 2039 771 2095 gladio,
810 2052 933 2094 quem
966 2034 1071 2076 Loui
1103 2033 1299 2075 uocabat.
1361 2032 1534 2074 Talibus
1569 2048 1744 2089 operum

299 2098 456 2140 meritis
503 2098 714 2139 exultanti
759 2111 913 2139 nouam
959 2092 1012 2134 de
1054 2104 1099 2132 se
1139 2091 1345 2133 siluestris
1392 2091 1481 2132 fera
1527 2092 1746 2134 uictoriam

299 2156 482 2211 prebuit.
544 2155 701 2198 Vrsum
742 2157 898 2212 quippe
943 2149 1095 2197 eximie
1127 2148 1429 2203 magnitudinis
1462 2148 1635 2192 obuium
1668 2151 1746 2193 sibi

299 2215 408 2257 inter
450 2214 623 2255 dumeta
662 2214 820 2256 factum
860 2213 998 2255 iaculo
1045 2206 1249 2260 confecit,
1297 2207 1577 2262 comitemque
1622 2224 1746 2251 suum

301 2272 523 2324 Ialtonem‚
564 2286 646 2327 quo
675 2272 835 2315 uiribus
867 2271 1000 2314 maior
1033 2264 1258 2316 euaderet,
1301 2264 1511 2320 applicato
1545 2279 1617 2307 ore
1649 2281 1744 2322 ege·

232 2340 268 2367 35
298 2334 411 2372 stum
443 2330 568 2372 belue
601 2344 790 2372 cruorem
822 2331 991 2373 haurire
1011 2323 1145 2365 iussit·
1190 2322 1407 2365 Creditum
1438 2337 1618 2379 namque
1643 2330 1745 2379 erat,

301 2389 381 2430 hoc
411 2388 603 2443 pocionis
644 2402 799 2443 genere
845 2382 1038 2443 corporei
1070 2379 1233 2423 roboris
1264 2380 1522 2422 incrementa
1552 2383 1743 2436 prestari.

301 2446 381 2488 His
412 2447 648 2489 facinorum
689 2447 915 2489 uirtutibus
954 2438 1204 2486 clarissimas
1249 2440 1500 2493 optimatum
1531 2439 1743 2482 familiari-

300 2508 409 2546 tates
441 2504 648 2560 adeptus,
677 2506 681 2554 Ι
709 2505 841 2546 eciam
872 2503 959 2558 regi
989 2510 1192 2557 percarus
1233 2497 1389 2545 euasit;
1434 2511 1622 2540 sororem
1655 2498 1744 2541 eius
1772 2518 1800 2543 p.
1821 2511 1853 2536 ss

301 2562 455 2603 Rutarn
476 2575 665 2612 ¹uxorem
700 2562 869 2615 adeiuit,
900 2561 1088 2615 uictique
1118 2568 1317 2609 Sponsam
1341 2555 1519 2596 uictorie
1540 2557 1746 2611 premium

234 2630 271 2659 40
301 2620 463 2665 habuit.
523 2621 589 2666 Ab
624 2620 760 2665 Atislo
793 2619 976 2663 lacessiti
1005 2612 1215 2660 Roluonis
1249 2612 1458 2657 ulcionem
1491 2615 1615 2656 armis
1648 2628 1745 2659 exe-
