1884 3126
64 912 99 939 10

65 1203 100 1230 1;›

62 1494 99 1520 :30

65 2075 102 2102 50

67 2365 105 2392 35

69 2655 104 2683 40

688 265 736 270 —-
799 242 895 285 IIII
960 268 1009 274 -
1494 250 1572 290 107

131 372 387 414 fortitudinis
421 372 664 427 exemplum
696 372 846 414 euasit.
899 371 1028 414 Cuius
1058 379 1180 429 pater
1212 375 1445 418 socordiam
1479 390 1575 417 con-

129 430 371 486 templatus,
403 430 531 472 filiam
555 430 593 471 ei
615 429 945 472 Slesuioensium
966 432 1144 487 prefecti
1168 433 1349 474 Frowini
1371 434 1412 476 in
1434 435 1575 475 matri-

129 489 313 530 monium
360 488 582 542 adsciscit,
627 487 897 530 illustrissimi
938 490 1017 530 uiri
1058 490 1265 532 affinitate
1309 492 1575 533 utilissimum

128 547 301 602 gerendi
333 547 452 602 regni
484 546 717 588 subsidium
765 551 1002 601 recepturo.
1028 548 1042 599 Η
1066 548 1179 590 Huic
1210 555 1329 591 erant
1361 551 1432 591 filii
1465 550 1574 592 Keto

131 611 172 647 et
191 604 335 661 Wigo,
353 604 691 661 splendidissime
712 605 864 647 indolis
884 605 1073 660 iuuenes,
1093 621 1272 662 quorum
1288 607 1576 650 Wermundus

131 678 213 704 non
245 664 394 716 minus,
427 678 552 719 quam
580 662 764 704 Frowini
798 664 997 705 uirtutem
1030 664 1183 707 futuris
1215 666 1287 707 filii
1319 666 1576 720 profectibus

130 722 376 777 deputabat.

267 779 331 821 Ea
362 782 615 835 tempestate
648 779 855 834 regnabat
895 779 1004 834 apud
1040 780 1231 822 Suetiam
1262 781 1474 834 Athislus,
1514 783 1577 823 uir

130 838 244 880 fama
285 837 512 893 studioque
556 837 831 892 conspicuus;
875 839 946 893 qui
988 852 1081 879 eum
1121 839 1319 882 finitimos
1349 840 1434 880 late
1466 840 1576 881 bello

131 897 373 952 pressisset,
417 911 470 937 ne
506 901 677 951 partum
708 896 934 937 uirtutibus
966 896 1177 951 fulgorem
1209 898 1300 939 ocio
1335 898 1578 952 desidisque

130 954 487 1011 corrumpendum
518 954 789 1010 relinqueret,
826 955 1044 1010 complura
1076 969 1285 996 nouarum
1316 971 1455 998 rerum
1489 956 1578 997 offi-

131 1013 194 1055 cia
224 1013 372 1054 sedulo
404 1012 761 1067 frequentacionis
795 1013 933 1056 studio
967 1013 1218 1054 celebranda
1250 1014 1422 1055 curauit.
1464 1014 1579 1055 Inter

132 1087 213 1128 que
246 1072 378 1113 eciam
409 1071 564 1125 insigni
595 1075 810 1112 armatura
842 1072 1094 1125 succinctus,
1128 1071 1383 1113 cotidianam
1404 1072 1580 1114 solitarii

131 1131 317 1172 incessus
359 1128 708 1171 consuetudinem
749 1129 940 1184 prebuit,
985 1134 1076 1170 tum
1115 1129 1230 1185 quod
1260 1130 1301 1171 in
1333 1144 1378 1172 re
1411 1130 1580 1171 militari

132 1188 235 1230 nihil
265 1188 412 1230 erebro
446 1201 662 1229 armorum
696 1202 774 1228 usu
804 1189 1068 1242 prestaneius
1093 1192 1245 1238 nosset,
1277 1193 1367 1229 tum
1389 1194 1435 1243 ut
1456 1189 1581 1229 huius

133 1247 370 1302 agitaeione
402 1245 531 1287 studii
563 1246 766 1287 claritatis
797 1246 1061 1288 incrementa
1092 1246 1372 1289 contraheret.
1415 1247 1464 1287 In
1498 1260 1579 1300 quo

133 1319 219 1347 non
262 1305 398 1346 minus
441 1304 518 1346 sibi
560 1304 734 1355 fiducia,
781 1318 907 1359 quam
947 1304 1084 1346 laudis
1131 1305 1282 1359 cupido
1324 1304 1579 1345 uendicauit.

133 1363 316 1405 Tantam
350 1362 505 1419 quippe
536 1362 691 1404 nullius
722 1362 781 1404 rei
814 1362 1067 1404 uiolenciam
1099 1362 1383 1415 existimabat,
1416 1369 1463 1403 ut
1494 1362 1581 1403 eius

135 1421 305 1464 obiectu
347 1421 498 1462 mentis
531 1435 606 1462 sue
638 1420 766 1462 robur
809 1419 1094 1475 quassandum
1133 1421 1311 1462 timeret.
1374 1420 1454 1468 Qui
1487 1435 1580 1462 eum

130 1479 316 1522 traiectis
347 1479 398 1527 in,
423 1479 605 1520 Daniam
651 1479 776 1520 armis
809 1479 1053 1530 Frowinum
1085 1479 1197 1532 apud
1228 1479 1460 1520 Slesuicum
1493 1479 1580 1519 acie

132 1542 422 1593 prouocasset,
454 1537 701 1592 magnisque
731 1537 913 1578 inuicem
945 1536 1118 1578 cedibus
1150 1537 1269 1592 copie
1292 1536 1580 1587 funderentur,

132 1595 284 1638 accidit
314 1596 429 1652 ipsos
461 1595 674 1651 agminum
705 1598 709 1642 1
737 1595 865 1637 duces
896 1595 956 1637 ita
986 1595 1095 1636 inter
1116 1608 1161 1636 se
1183 1595 1294 1637 ferro
1319 1608 1580 1642 concurrere,

132 1660 179 1696 ut
201 1668 288 1696 rem
311 1653 441 1696 duelli
463 1667 581 1695 more
602 1658 964 1710 prosequerentur
997 1657 1038 1694 et
1069 1657 1209 1708 preter
1240 1653 1450 1708 publicam
1484 1652 1580 1693 belli

132 1717 288 1755 sortem
327 1711 482 1768 priuati
521 1711 740 1754 conflictus
782 1711 923 1767 specie
964 1710 1242 1753 decertarent.
1307 1710 1428 1752 Hunc
1472 1711 1580 1751 enini

64 1785 96 1810 ⁶:
133 1771 443 1826 congressionis
477 1774 674 1812 euentum
707 1784 784 1825 par
816 1769 1036 1812 amborum
1064 1769 1293 1824 expetebat
1314 1768 1503 1821 affectus,
1535 1774 1581 1809 ut

133 1830 336 1871 uirtutem
367 1842 452 1870 non
484 1829 677 1884 parcium
709 1841 801 1882 ope,
837 1828 909 1869 sed
942 1827 1115 1883 propria
1142 1827 1291 1868 uirium
1316 1827 1582 1881 experieneia

135 1890 404 1929 testarentur.
448 1886 541 1934 Quo
568 1887 721 1939 euenit,
745 1890 805 1939 ut,
829 1885 1189 1928 crebrescentibus
1212 1885 1410 1939 utrinque
1433 1884 1582 1938 plagis,

136 1945 327 1988 Athislus
349 1944 475 1986 armis
497 1944 701 2000 superior,
733 1949 949 1999 prostrato
973 1943 1190 1993 Frowino,
1223 1943 1386 1999 priuate
1408 1942 1582 1983 uictorie

134 2002 347 2059 publicam
393 2004 610 2058 iungeret,
656 2002 898 2059 passimque
945 2002 1111 2043 diuulsa
1151 2001 1371 2042 Danorum
1413 1999 1581 2053 agmina

135 2062 393 2117 profligaret.
454 2061 561 2102 Inde
595 2060 785 2102 Suetiam
829 2075 1051 2113 reuersus,
1084 2059 1271 2100 Frowini
1311 2072 1456 2100 necem
1498 2071 1581 2098 non

134 2119 270 2161 solum
293 2118 503 2174 uirtutum²
519 2133 693 2161 suarum
714 2118 970 2173 imaginibus
1000 2118 1237 2173 adscripsit,
1269 2131 1416 2158 uerum
1449 2116 1582 2157 eciam

134 2177 390 2233 impensiore
414 2177 646 2220 uerborum
675 2177 880 2219 iactancia
910 2175 1108 2232 prosequi
1142 2175 1371 2227 consueuit,
1404 2173 1582 2227 gloriam

134 2236 233 2277 facti
264 2235 381 2278 uocis
413 2235 653 2291 petulancia
676 2235 914 2277 demolitus.
950 2234 1194 2290 Aliquando
1217 2234 1329 2275 enim
1351 2231 1581 2287 speciosius

135 2294 315 2335 uirtutes
348 2293 507 2335 silencii
538 2293 797 2336 uerecundia
827 2297 1041 2349 teguntur,
1075 2306 1199 2347 quam
1231 2290 1435 2334 sermonis
1462 2294 1582 2344 petu-

135 2351 271 2394 lancia
301 2351 582 2408 publicantur.

274 2409 463 2451 Frowini
478 2409 587 2451 filios
606 2408 896 2451 Wermundus
914 2413 1089 2465 paterne
1113 2406 1326 2463 dignitatis
1349 2403 1578 2447 honoribus

138 2467 301 2522 euehit,
345 2468 519 2510 extincti
551 2481 627 2523 pro
660 2468 796 2523 patria
826 2468 947 2509 amiei
985 2467 1142 2510 liberos
1189 2465 1297 2506 iusto
1330 2463 1381 2504 ad
1412 2461 1578 2504 modum

136 2526 338 2568 beneficio
370 2531 630 2581 prosecutus.
674 2525 770 2574 Que
801 2540 868 2567 res
892 2524 1059 2566 Athislo
1090 2522 1301 2566 referendi
1333 2522 1373 2562 in
1396 2520 1579 2561 Daniam

136 2583 236 2625 belli
265 2584 471 2626 monitum
510 2583 691 2639 prebuit.
753 2583 895 2626 Rediit
933 2584 1076 2639 itaque
1109 2579 1333 2636 superioris
1364 2588 1504 2634 pugne
1535 2577 1581 2617 fi-

136 2641 258 2684 ducia
302 2642 555 2697 concitatus,
601 2656 685 2705 non
732 2641 859 2684 modo
906 2645 1055 2683 tenues
1105 2643 1393 2695 angustasque
1425 2634 1582 2691 copias,

1647 561 1715 593 (560)

1638 1611 1664 1635 p.
1691 1604 1735 1628 163
