1884 3126
239 874 273 901 10

236 1160 270 1186 15

232 1447 269 1473 20

232 1736 269 1763 25

232 2025 271 2053 30

232 2317 267 2345 35

235 2604 269 2630 40

313 226 394 267 600
844 239 898 245 -
956 212 1095 255 XIIII
1154 237 1207 244 -

312 352 428 393 latim
460 343 745 388 intermeande
778 340 942 397 paludis
965 338 1284 394 oom³²pe11dium
1316 339 1558 381 moliuntur.
1605 338 1741 381 Huius
1765 345 1884 375 chx

312 410 452 462 itaque
483 404 561 444 loci
603 400 969 456 oppugnacionem
999 410 1098 448 rex,
1144 397 1340 454 hortante
1373 397 1558 438 menium
1588 397 1742 450 inopia,

312 475 544 519 aggressus,
569 457 782 499 Absalone
814 470 906 497 cum
930 455 1088 496 maiore
1123 454 1335 509 equitatus
1365 458 1486 510 parte
1519 453 1742 509 predatum

311 522 457 571 misso,
498 528 745 571 quecunque
787 512 1065 555 exedificandi
1107 512 1247 567 pontis
1279 513 1555 554 instrumento
1590 526 1741 568 oppor-

310 585 408 619 tuna
439 572 744 623 animaduertit,
778 585 941 612 summo
973 571 1150 624 negocio
1186 570 1409 611 contrahit.
1472 569 1581 611 Huis
1605 570 1742 625 operis

311 636 551 675 contextum
584 633 776 671 uerentes
808 627 1032 683 oppidani,
1077 628 1299 669 contractis
1330 627 1515 683 undique
1553 627 1742 681 sudibus,

308 692 489 744 ligneam
518 689 522 740 Ι
551 687 695 728 turrim
717 687 955 738 instituunt,
989 686 1106 726 cuius
1128 685 1309 740 presidio
1342 685 1508 727 hostem
1540 690 1739 741 tanquam

307 762 401 789 arce
433 750 652 797 uetarent3
698 746 873 799 eiusque
914 744 1247 798 propugnaculis
1288 742 1383 784 freti
1422 747 1614 796 nostros,
1645 757 1743 799 pro-

308 803 516 846 mouendo
550 802 666 857 operi
698 815 822 856 quam
855 800 1119 856 protegendo
1152 800 1317 856 corpori
1349 801 1626 851 intenciores,
1666 802 1741 842 im-

305 862 437 903 missis
484 860 621 901 subito
671 858 983 911 funditoribus,
1035 858 1245 900 incessere
1294 861 1509 914 ceperunt.
1586 858 1745 900 Contra

304 919 427 971 Dani,
461 918 623 972 sagittis
655 916 880 958 decernere
914 915 1077 968 adorsi,
1112 917 1203 970 quia
1240 917 1408 972 propius
1440 916 1640 958 accedere
1673 932 1743 959 ne-

304 977 499 1032 quibant,
543 989 631 1016 rem
666 975 827 1016 eminus
860 978 1041 1016 tentant.
1104 973 1193 1015 Nec
1226 975 1364 1016 minus
1396 974 1611 1016 Otimarus
1641 976 1743 1016 noui

303 1034 441 1089 pontis
464 1047 685 1088 progressu
709 1032 893 1085 territus,
916 1036 1112 1086 stagnum
1144 1037 1235 1073 rate
1269 1037 1566 1087 transgressus,
1598 1046 1742 1088 regem

304 1091 497 1146 petebat,
545 1104 593 1131 ac
638 1095 763 1144 prout
809 1094 1051 1131 nostrorum
1103 1103 1277 1145 operam
1327 1095 1399 1132 aut
1444 1103 1618 1145 segnem
1669 1094 1744 1132 aut

302 1153 500 1203 uegetam
543 1147 864 1199 animaduertit,
902 1147 960 1188 ita
1001 1161 1112 1188 nunc
1143 1147 1336 1202 parcius,
1368 1162 1482 1190 nunc
1511 1148 1743 1203 impensius

304 1207 416 1260 pacis
450 1206 783 1261 supplicaciones
815 1205 982 1260 agebat,
1016 1219 1263 1260 semperque
1296 1221 1372 1261 pro
1409 1206 1742 1261 oppugnacionis

302 1264 450 1305 habitu
483 1263 713 1305 dedicionis
747 1264 877 1305 uerba
910 1263 1184 1318 concipiebat.
1245 1263 1363 1306 Tunc
1397 1278 1498 1306 uero
1530 1264 1744 1306 remissior

303 1322 438 1377 operis
486 1322 689 1363 execucio
737 1322 828 1362 fuit.
890 1321 1090 1362 Sciebant
1138 1321 1245 1362 enim
1293 1321 1465 1373 milites,
1509 1322 1543 1363 si
1587 1322 1743 1364 bellum

302 1380 495 1421 reuocari
526 1379 722 1430 deberet,
762 1383 937 1433 pontem
967 1393 992 1420 a
1024 1393 1070 1421 se
1109 1379 1271 1421 conseri
1303 1393 1387 1420 non
1420 1385 1630 1435 oportere.
1692 1380 1742 1420 In

303 1451 425 1492 quem
458 1442 575 1477 tanta
605 1437 686 1478 iam
712 1440 970 1477 armatorum
1002 1437 1129 1479 moles
1163 1441 1442 1491 concesserat,
1476 1442 1594 1479 utne
1622 1438 1741 1479 locus

302 1495 472 1550 quidem
504 1492 890 1549 suppe<di>tandis,
935 1508 1017 1549 que
1059 1499 1268 1536 structure
1312 1495 1553 1538 necessaria
1590 1496 1743 1538 forent.

302 1556 562 1608 suppeteret.
609 1551 731 1593 Adeo
765 1552 957 1594 uincendi
981 1552 1106 1593 auida
1128 1553 1352 1594 multitudo
1377 1552 1577 1609 operandi
1611 1567 1742 1608 angu-

302 1613 403 1652 stias
436 1610 513 1651 sibi
546 1611 637 1664 ipsa
659 1610 857 1652 conciuit.
901 1610 983 1651 Sed
1006 1624 1082 1651 nec
1106 1611 1226 1652 aliter
1258 1611 1386 1653 allate
1409 1611 1572 1666 sepium
1596 1612 1743 1662 moles,

304 1682 431 1723 quam
464 1682 589 1723 super
626 1668 808 1708 militum
839 1669 1020 1709 uertices
1055 1667 1286 1709 eorundem
1331 1669 1523 1710 manibus
1556 1669 1742 1722 ductate,

302 1725 479 1781 proferri
511 1729 719 1781 poterant.
762 1724 851 1766 Nec
873 1726 1030 1767 inutilis
1063 1740 1112 1767 ea
1133 1727 1360 1768 necessitas
1385 1727 1476 1777 fuit,
1500 1740 1594 1768 cum
1615 1741 1743 1781 sepes

302 1784 343 1824 in
377 1783 507 1824 altum
541 1783 690 1825 librate
722 1797 806 1824 non
839 1784 974 1824 minus
1007 1784 1254 1838 corporibus
1297 1784 1532 1826 muniendis
1563 1785 1741 1840 profice-

302 1845 409 1892 rent,
442 1855 564 1896 quam
597 1841 715 1897 aquis
749 1841 984 1890 sternendis
1016 1841 1278 1896 prodessent.
1341 1841 1502 1884 Eodem
1545 1842 1740 1897 exemplo

302 1899 549 1940 uulneribus
572 1898 701 1940 saucii
724 1899 1029 1941 referebantur.
1071 1899 1178 1940 Tum
1202 1914 1304 1942 uero
1330 1901 1462 1941 rarior
1495 1901 1742 1955 tenuiorque

303 1957 438 2010 pontis
491 1962 716 1998 contextus
763 1957 913 2009 fiebat,
958 1957 1158 1999 militibus
1204 1958 1298 2012 plus
1341 1958 1430 1999 eius
1472 1958 1741 2000 incrementis

302 2028 426 2068 quam
458 2014 642 2056 firmitati
685 2014 966 2056 studentibus.
1026 2015 1083 2056 Et
1122 2016 1204 2056 iam
1247 2029 1355 2069 pene
1387 2015 1567 2057 eundem
1606 2016 1740 2057 insule

304 2073 612 2124 commiserant,
637 2087 729 2113 cum
753 2073 912 2124 hostes,
935 2072 1086 2127 partim
1118 2078 1222 2125 arte,
1255 2074 1406 2129 partim
1437 2073 1596 2115 uiribus
1628 2074 1741 2127 freti,

302 2143 416 2171 nouo
448 2130 664 2184 pugnandi
694 2144 848 2185 genere
882 2130 1038 2172 bellum
1078 2134 1351 2185 exaggerant.
1412 2130 1625 2186 Siquidem
1667 2131 1739 2172 ha-

304 2192 436 2229 statas
461 2186 590 2229 falces
623 2203 644 2229 c
678 2189 782 2229 turri
824 2188 1004 2230 directas
1036 2187 1090 2229 ad
1131 2189 1311 2230 militum
1351 2193 1592 2230 nostrorum
1622 2192 1742 2230 scuta

304 2245 556 2298 tendebant,
605 2259 739 2300 eaque
771 2246 1024 2301 pertinacius
1055 2247 1320 2301 apprehensa
1362 2247 1637 2302 preliantibus
1669 2246 1739 2288 de-

299 2302 538 2346 trahebant.
601 2303 853 2345 Obnitentes
885 2303 1098 2345 interdum
1138 2303 1397 2346 uiolenciore
1443 2308 1581 2345 tractu
1612 2308 1742 2359 ponte

304 2375 501 2402 excussos
534 2360 792 2415 profundum
825 2366 970 2416 petere
1004 2361 1226 2415 cogebant.
1288 2361 1366 2403 Oui
1388 2361 1497 2403 malo
1531 2362 1574 2403 ni
1604 2366 1741 2403 matu-

302 2418 385 2460 rius
420 2431 643 2459 occursum
683 2418 857 2471 fuisset,
891 2419 1109 2460 Danorum
1149 2419 1365 2468 iuuentus,
1392 2433 1524 2475 prope
1568 2419 1739 2461 modum

301 2475 431 2518 scutis
463 2489 600 2518 uacua
631 2476 913 2517 occubuisset.
975 2475 1084 2517 Nam
1119 2491 1173 2518 ex
1203 2477 1354 2519 nostris
1387 2477 1579 2532 quidam,
1611 2477 1739 2532 lignei

303 2534 396 2575 unci
427 2534 692 2575 amminiculo
733 2533 884 2576 iniecta
910 2533 987 2576 sibi
1019 2533 1127 2576 falce
1159 2535 1345 2589 potitus,
1389 2534 1539 2577 eadem
1579 2541 1741 2576 ceteras

301 2591 546 2648 occupando
571 2592 732 2634 hostem
754 2590 939 2635 subsidio
961 2592 1182 2648 spoliabat.
1227 2592 1403 2649 Iamque
1425 2592 1512 2634 dies
1536 2592 1739 2634 occiduus

696 2686 717 2734 ΚΧ

716 2737 724 2753 x
