1884 3126
238 208 320 253 258
794 230 847 238 —-
907 205 1019 251 VIII
1078 231 1132 240 —-

238 335 550 377 exercitacione
573 335 803 378 coluerant.
853 335 890 377 Ε
922 335 1090 377 Lethris
1112 340 1255 378 autem
1287 335 1484 391 prodiere
1507 336 1682 383 Hortar,

237 393 518 450 Borrhyque3
549 397 742 449 preterea
773 393 898 448 Belgi
929 407 1023 435 cum
1056 393 1265 448 Begatho.
1334 393 1498 442 Quibus
1529 395 1681 437 adiecti

239 457 338 493 sunt
369 452 470 493 Bari
502 466 550 493 ac
582 451 689 494 Toli.
750 452 808 492 At
851 451 921 492 Sle
966 451 1122 507 oppido
1170 466 1265 493 cum
1305 451 1485 494 Hacone
1529 467 1682 508 genam

236 510 365 551 scisso
415 509 494 550 sub
535 509 682 551 Hetha
722 509 960 564 Wisnaque
1006 509 1184 551 ducibus
1230 509 1398 551 Tummi
1448 511 1683 553 uelificator

185 583 202 609 5
236 570 491 609 excesserat.
527 567 715 615 Quarum
739 567 932 608 muliebri
955 568 1117 622 corpori
1139 570 1289 609 natura
1310 567 1474 609 uirilem
1495 569 1682 610 animum

237 626 442 680 erogauit.
492 625 769 680 VVebiorgam
801 638 983 680 quoque,
1017 625 1165 667 eodem
1197 626 1346 680 spiritu
1377 626 1596 681 preditam,
1618 626 1681 668 Bo

236 683 379 723 Brami
426 682 537 724 filius
580 688 622 724 et
662 683 764 724 Brat
807 683 928 724 Iutus
975 682 1257 738 belligerandi
1298 683 1495 738 cupidine
1538 698 1680 739 prose-

235 746 435 796 quuntur.
480 741 559 782 I-Iis
582 741 925 796 agglomerantur
949 740 1051 782 Orm
1073 741 1294 796 Anglicus,
1325 740 1450 784 Vbbo
1473 742 1679 795 Fresicus,

235 801 329 854 Ary
361 798 493 840 altero
528 812 672 840 cassus
713 798 884 849 lumine,
915 798 993 839 Alf
1022 803 1063 840 et
1093 798 1237 841 Goter.
1300 799 1407 841 Post
1449 813 1555 855 quos
1595 800 1679 841 Dal

166 871 202 898 10
235 856 506 912 corpulentus
538 860 580 897 et
611 857 707 898 Duc
739 856 954 898 Sclauicus
986 860 1272 898 recensentur.
1331 857 1528 899 Wisnam
1561 871 1678 912 uero,

234 911 450 970 imbu'tam
475 914 617 969 rigore
648 915 847 956 feminam
869 914 1016 969 reique
1049 914 1238 955 militaris
1273 915 1461 970 apprime
1490 917 1681 970 peritam,
1734 924 1763 949 P·
1783 917 1833 945 37⁹

236 972 390 1014 Sclaua
422 973 657 1028 stipauerat
688 987 850 1014 manus.
925 972 1053 1013 Cuius
1084 972 1273 1027 precipui
1305 973 1425 1013 Barri
1468 987 1515 1014 ac
1547 973 1683 1016 Gnizli

235 1031 440 1072 satellites
488 1035 789 1084 agnoscuntur.
865 1029 1007 1072 Ceteri
1049 1044 1151 1071 uero
1200 1044 1255 1071 ex
1299 1030 1446 1072 eadem
1494 1032 1680 1087 cohorte,

235 1102 387 1143 corpus
426 1088 628 1144 clypeolis
668 1089 791 1139 tecti,
836 1087 1051 1143 prelongis
1093 1087 1262 1129 ensibus
1302 1089 1490 1144 aeriique
1533 1090 1680 1132 coloris

166 1161 201 1187 15
232 1147 436 1202 parmulis
483 1147 734 1199 utebantur,
780 1160 883 1201 quas
930 1145 1032 1188 belli
1079 1150 1272 1201 tempore
1319 1149 1392 1187 aut
1431 1148 1472 1187 in
1513 1151 1680 1203 tergum

234 1204 491 1259 repellentes
533 1208 607 1245 aut
656 1203 1052 1257 impedimentorum
1095 1203 1253 1258 gerulis
1297 1203 1461 1258 dantes,
1505 1205 1678 1248 abiectis

234 1266 458 1318 pectorum
503 1262 770 1303 munimentis
828 1261 1118 1317 expositisque
1176 1261 1229 1302 ad
1280 1261 1502 1303 discrimen
1553 1277 1678 1305 omne

236 1320 507 1374 corporibus,
548 1319 743 1361 districtis
776 1319 955 1360 Martem
989 1319 1261 1360 mucronibus
1297 1319 1580 1363 intenderunt.
1641 1320 1677 1362 E

236 1377 386 1433 quibus
419 1377 573 1418 Tolcar
610 1382 738 1432 atque
761 1376 775 1430 Η
797 1376 897 1417 Ymi
940 1376 1129 1432 precipui
1170 1377 1374 1420 claruere.
1435 1378 1540 1420 Post
1572 1393 1678 1434 quos
1734 1378 1819 1412 (¹44)

166 1449 203 1476 20
233 1435 344 1476 Toki
376 1435 582 1477 Inlinensi
613 1435 833 1490 prouincia
874 1438 990 1476 ortus
1023 1448 1120 1475 cum
1152 1435 1316 1489 Otrito,
1359 1435 1424 1476 cui
1467 1450 1678 1490 agnomen

236 1493 410 1535 quenis
442 1498 545 1546 erat,
577 1493 753 1534 illustris
780 1493 1036 1547 agnoscitur.
1083 1493 1141 1533 At
1164 1492 1323 1546 Hetha,
1354 1495 1678 1549 promptissimis

236 1551 392 1607 stipata
440 1552 691 1603 comitibus,
743 1555 948 1592 armatam
999 1549 1110 1591 bello
1171 1551 1405 1592 centuriam
1459 1552 1676 1595 afferebat.

238 1608 368 1651 Cuius
396 1609 518 1664 primi
539 1609 657 1650 fuere
682 1607 851 1649 Grimar
882 1622 931 1649 ac
953 1608 1139 1661 Grenzli3
1162 1613 1260 1663 post
1280 1608 1359 1649 hos
1381 1608 1467 1650 Ger
1488 1609 1677 1663 Liuicus,

236 1666 379 1708 Hama
411 1681 576 1722 quoque
620 1670 661 1708 et
692 1666 892 1720 Hunger,
924 1665 1119 1717 Humbli,
1151 1666 1374 1721 Biarique,
1414 1680 1564 1721 regum
1595 1668 1678 1710 for-

168 1739 204 1766 25
236 1725 410 1777 tissimi,
442 1729 744 1766 memorantur.
810 1723 889 1769 Hi,
921 1738 1099 1780 persepe
1129 1724 1284 1766 duellis
1323 1723 1501 1765 feliciter
1533 1727 1678 1780 gestis,

238 1782 422 1837 insignes
454 1784 539 1824 late
571 1782 768 1824 uictorias
801 1781 985 1824 edidere.
1046 1782 1198 1837 Itaque
1228 1786 1460 1824 memorate
1492 1783 1678 1837 uirgines

238 1854 322 1882 non
355 1840 476 1883 modo
509 1841 698 1891 comiter⁷
739 1840 813 1882 sed
846 1841 978 1881 eciam
1011 1839 1261 1894 pugnaciter
1292 1839 1417 1891 culte,
1456 1844 1677 1884 terrestres

238 1899 280 1939 in
327 1899 459 1939 aciem
503 1899 644 1953 copias
686 1897 927 1940 ductauere.
1003 1897 1139 1952 Igitur
1181 1898 1448 1939 centuriatim
1490 1897 1678 1940 Danicus

238 1957 447 1998 confluxit
480 1957 703 1998 exercitus.
778 1955 949 2011 Septem
991 1968 1116 2009 reges
1146 1955 1237 2009 pari
1267 1955 1450 2009 ingenio,
1491 1957 1561 1997 sed
1597 1957 1678 1998 dis-

169 2028 206 2056 30
236 2014 327 2070 pari
359 2017 460 2055 uoto
492 2014 560 2055 alii
584 2013 785 2062 Haraldo,
816 2027 914 2067 pars
935 2012 1118 2067 Ringoni
1150 2012 1333 2067 presidio
1357 2013 1543 2056 fuerunt.
1576 2015 1679 2057 Pre-

238 2077 355 2114 terea
386 2072 428 2112 in
457 2076 627 2127 partem
658 2071 837 2112 Haraldi
868 2069 1187 2112 *concesserant
1217 2070 1343 2112 Homi
1389 2076 1431 2113 et
1464 2071 1884 2114 Hosathulnxxvun'

240 2129 359 2183 [him]
400 2129 690 2184 Hastinusque
732 2132 772 2169 et
803 2129 969 2184 Hythin
1000 2128 1187 2182 gracilis,
1220 2128 1367 2169 Dahar
1406 2143 1574 2184 quoque
1614 2143 1679 2172 co·
1732 2142 1831 2173 waso

239 2192 469 2242 gnomento
502 2187 707 2237 Grenski3
752 2186 824 2227 sed
858 2190 900 2227 et
932 2186 1145 2227 Haraldus
1177 2186 1314 2227 Olauo
1345 2187 1512 2241 genitus
1544 2192 1677 2242 patre.

240 2245 306 2287 Ex
339 2245 492 2287 Halica
523 2259 624 2286 uero
657 2244 876 2299 prouincia
897 2243 990 2285 Har
1021 2248 1147 2299 atque
1169 2243 1391 2285 Herlewar
1423 2258 1517 2285 cum
1538 2244 1679 2286 Hoth-

171 2317 207 2345 35
239 2302 429 2356 broddo,
475 2304 542 2344 cui
582 2302 743 2344 Effreni
786 2315 1021 2356 cognomen
1054 2305 1176 2353 erat,
1224 2301 1397 2342 Danicis
1445 2303 1679 2345 militauere

242 2361 401 2403 castris.
462 2362 521 2403 At
550 2374 604 2402 ex
635 2360 765 2401 Imica
795 2359 970 2414 regione
1005 2358 1235 2413 Humnehy
1279 2363 1320 2400 et
1351 2359 1566 2401 Haraldus
1603 2361 1678 2402 ad-

242 2419 431 2460 ueniunt.
486 2418 648 2467 Quibus
680 2418 946 2472 applicantur
977 2430 1002 2457 a
1032 2416 1319 2471 septentrione
1349 2417 1525 2472 profecti
1548 2418 1678 2472 Haki,

242 2476 528 2532 Bemonisque
563 2476 637 2517 filii
669 2474 941 2530 Sygmundus
982 2479 1024 2515 et
1056 2473 1221 2516 Serker.
1282 2473 1451 2516 Horum
1494 2476 1678 2517 omnium

243 2534 480 2575 clientelam
511 2548 587 2576 rex
617 2533 779 2575 liberali
811 2532 1095 2573 familiaritate
1130 2532 1328 2575 coluerat.
1390 2532 1499 2574 Nam
1535 2533 1678 2588 primis

173 2604 210 2632 40
240 2591 355 2648 apud
375 2593 515 2648 ipsum
544 2591 777 2635 honoribus
799 2589 942 2645 habiti,
975 2590 1109 2632 cultos
1140 2603 1242 2631 auro
1265 2589 1428 2645 gladios
1452 2591 1678 2647 opimaque
