<?xml version="1.0" encoding="UTF-8"?>
<!DOCTYPE html PUBLIC "-//W3C//DTD XHTML 1.0 Transitional//EN"
    "http://www.w3.org/TR/xhtml1/DTD/xhtml1-transitional.dtd">
<html xmlns="http://www.w3.org/1999/xhtml" xml:lang="en" lang="en">
 <head>
  <title>
</title>
<meta http-equiv="Content-Type" content="text/html;charset=utf-8" />
  <meta name='ocr-system' content='tesseract 3.04.00' />
  <meta name='ocr-capabilities' content='ocr_page ocr_carea ocr_par ocr_line ocrx_word'/>
</head>
<body>
  <div class='ocr_page' id='page_1' title='image "./saxonisgrammatic00saxouoft_0289.png"; bbox 0 0 1884 3126; ppageno 0'>
   <div class='ocr_carea' id='block_1_1' title="bbox 66 909 101 937">
    <p class='ocr_par' dir='ltr' id='par_1_1' title="bbox 66 909 101 937">
     <span class='ocr_line' id='line_1_1' title="bbox 66 909 101 937; baseline 0 0"><span class='ocrx_word' id='word_1_1' title='bbox 66 909 101 937; x_wconf 90' lang='lat'><strong>10</strong></span> 
     </span>
    </p>
   </div>
   <div class='ocr_carea' id='block_1_2' title="bbox 67 1199 102 1226">
    <p class='ocr_par' dir='ltr' id='par_1_2' title="bbox 67 1199 102 1226">
     <span class='ocr_line' id='line_1_2' title="bbox 67 1199 102 1226; baseline 0 0"><span class='ocrx_word' id='word_1_2' title='bbox 67 1199 102 1226; x_wconf 82' lang='lat'><strong>15</strong></span> 
     </span>
    </p>
   </div>
   <div class='ocr_carea' id='block_1_3' title="bbox 707 245 1570 293">
    <p class='ocr_par' dir='ltr' id='par_1_3' title="bbox 707 245 1570 293">
     <span class='ocr_line' id='line_1_3' title="bbox 707 245 1570 293; baseline 0.006 -5"><span class='ocrx_word' id='word_1_3' title='bbox 707 270 762 277; x_wconf 93' lang='lat'>—</span> <span class='ocrx_word' id='word_1_4' title='bbox 822 245 887 288; x_wconf 82' lang='lat' dir='ltr'><strong>VI</strong></span> <span class='ocrx_word' id='word_1_5' title='bbox 946 275 1001 281; x_wconf 88' lang='lat'>-</span> <span class='ocrx_word' id='word_1_6' title='bbox 1491 251 1570 293; x_wconf 78' lang='lat'><strong>195</strong></span> 
     </span>
    </p>
   </div>
   <div class='ocr_carea' id='block_1_4' title="bbox 131 371 1576 1300">
    <p class='ocr_par' dir='ltr' id='par_1_4' title="bbox 131 371 1576 1300">
     <span class='ocr_line' id='line_1_4' title="bbox 135 371 1573 428; baseline 0.005 -15"><span class='ocrx_word' id='word_1_7' title='bbox 135 385 227 414; x_wconf 89' lang='lat' dir='ltr'><strong>esse</strong></span> <span class='ocrx_word' id='word_1_8' title='bbox 273 374 315 413; x_wconf 90' lang='lat' dir='ltr'><strong>et</strong></span> <span class='ocrx_word' id='word_1_9' title='bbox 346 371 487 414; x_wconf 76' lang='lat' dir='ltr'><strong>tristes</strong></span> <span class='ocrx_word' id='word_1_10' title='bbox 529 371 764 428; x_wconf 76' lang='lat' dir='ltr'><strong>plerunque</strong></span> <span class='ocrx_word' id='word_1_11' title='bbox 805 387 925 416; x_wconf 90' lang='lat' dir='ltr'><strong>casus</strong></span> <span class='ocrx_word' id='word_1_12' title='bbox 956 374 1068 416; x_wconf 89' lang='lat' dir='ltr'><strong>felici</strong></span> <span class='ocrx_word' id='word_1_13' title='bbox 1098 376 1335 419; x_wconf 88' lang='lat' dir='ltr'><strong>interuentu</strong></span> <span class='ocrx_word' id='word_1_14' title='bbox 1366 378 1573 419; x_wconf 81' lang='lat' dir='ltr'>redimere</span> 
     </span>
     <span class='ocr_line' id='line_1_5' title="bbox 133 429 1573 490; baseline 0.003 -18"><span class='ocrx_word' id='word_1_15' title='bbox 133 429 281 472; x_wconf 78' lang='lat' dir='ltr'><strong>soleat.</strong></span> <span class='ocrx_word' id='word_1_16' title='bbox 324 429 503 484; x_wconf 82' lang='lat' dir='ltr'><strong>Gratum</strong></span> <span class='ocrx_word' id='word_1_17' title='bbox 535 430 722 486; x_wconf 84' lang='lat' dir='ltr'><strong>Hclgoni</strong></span> <span class='ocrx_word' id='word_1_18' title='bbox 753 432 971 474; x_wconf 87' lang='lat' dir='ltr'><strong>consilium</strong></span> <span class='ocrx_word' id='word_1_19' title='bbox 1002 432 1094 475; x_wconf 88' lang='lat' dir='ltr'><strong>fuit.</strong></span> <span class='ocrx_word' id='word_1_20' title='bbox 1146 435 1227 483; x_wconf 75' lang='lat' dir='ltr'><strong>Qui</strong></span> <span class='ocrx_word' id='word_1_21' title='bbox 1257 450 1363 480; x_wconf 74' lang='lat' dir='ltr'><strong>cum,</strong></span> <span class='ocrx_word' id='word_1_22' title='bbox 1396 436 1573 490; x_wconf 87' lang='lat' dir='ltr'><strong>paruulo</strong></span> 
     </span>
     <span class='ocr_line' id='line_1_6' title="bbox 133 488 1572 549; baseline 0.004 -20"><span class='ocrx_word' id='word_1_23' title='bbox 133 488 336 529; x_wconf 87' lang='lat' dir='ltr'><strong>comitatu</strong></span> <span class='ocrx_word' id='word_1_24' title='bbox 359 494 544 543; x_wconf 88' lang='lat' dir='ltr'><strong>sumpto,</strong></span> <span class='ocrx_word' id='word_1_25' title='bbox 577 488 766 530; x_wconf 83' lang='lat' dir='ltr'><strong>Suetiam</strong></span> <span class='ocrx_word' id='word_1_26' title='bbox 795 489 1025 547; x_wconf 77' lang='lat' dir='ltr'><strong>ingressus,</strong></span> <span class='ocrx_word' id='word_1_27' title='bbox 1056 491 1110 532; x_wconf 88' lang='lat' dir='ltr'><strong>ad</strong></span> <span class='ocrx_word' id='word_1_28' title='bbox 1133 492 1432 535; x_wconf 80' lang='lat' dir='ltr'>nobilissimam</span> <span class='ocrx_word' id='word_1_29' title='bbox 1454 495 1543 536; x_wconf 87' lang='lat' dir='ltr'><strong>cius</strong></span> <span class='ocrx_word' id='word_1_30' title='bbox 1568 493 1572 549; x_wconf 60' lang='grc' dir='ltr'><strong>,Ι</strong></span> 
     </span>
     <span class='ocr_line' id='line_1_7' title="bbox 131 545 1574 607; baseline 0.004 -20"><span class='ocrx_word' id='word_1_31' title='bbox 131 545 279 587; x_wconf 90' lang='lat' dir='ltr'><strong>urbem</strong></span> <span class='ocrx_word' id='word_1_32' title='bbox 312 545 514 602; x_wconf 84' lang='lat' dir='ltr'><strong>Vpsalam</strong></span> <span class='ocrx_word' id='word_1_33' title='bbox 556 548 846 602; x_wconf 78' lang='lat' dir='ltr'><strong>peruenisset.</strong></span> <span class='ocrx_word' id='word_1_34' title='bbox 891 548 1084 603; x_wconf 78' lang='lat' dir='ltr'><strong>ingressu</strong></span> <span class='ocrx_word' id='word_1_35' title='bbox 1118 550 1329 592; x_wconf 81' lang='lat' dir='ltr'>abstinens</span> <span class='ocrx_word' id='word_1_36' title='bbox 1360 552 1574 607; x_wconf 83' lang='lat' dir='ltr'><strong>premittit,</strong></span> 
     </span>
     <span class='ocr_line' id='line_1_8' title="bbox 133 603 1574 662; baseline 0.003 -17"><span class='ocrx_word' id='word_1_37' title='bbox 133 604 204 659; x_wconf 92' lang='lat' dir='ltr'><strong>qui</strong></span> <span class='ocrx_word' id='word_1_38' title='bbox 221 603 540 646; x_wconf 79' lang='lat' dir='ltr'><strong>Starcatherum</strong></span> <span class='ocrx_word' id='word_1_39' title='bbox 558 604 832 647; x_wconf 82' lang='lat' dir='ltr'><strong>salutacionis</strong></span> <span class='ocrx_word' id='word_1_40' title='bbox 856 605 994 648; x_wconf 89' lang='lat' dir='ltr'><strong>officio</strong></span> <span class='ocrx_word' id='word_1_41' title='bbox 1018 612 1305 662; x_wconf 88' lang='lat' dir='ltr'><strong>pretentatum</strong></span> <span class='ocrx_word' id='word_1_42' title='bbox 1327 611 1377 650; x_wconf 85' lang='lat' dir='ltr'><strong>ad</strong></span> <span class='ocrx_word' id='word_1_43' title='bbox 1397 609 1574 651; x_wconf 78' lang='lat' dir='ltr'><strong>Frotho-</strong></span> 
     </span>
     <span class='ocr_line' id='line_1_9' title="bbox 134 662 1574 723; baseline 0.004 -20"><span class='ocrx_word' id='word_1_44' title='bbox 134 663 199 703; x_wconf 89' lang='lat' dir='ltr'><strong>nis</strong></span> <span class='ocrx_word' id='word_1_45' title='bbox 230 662 313 705; x_wconf 85' lang='lat' dir='ltr'><strong>filie</strong></span> <span class='ocrx_word' id='word_1_46' title='bbox 346 663 522 719; x_wconf 81' lang='lat' dir='ltr'><strong>nupcias</strong></span> <span class='ocrx_word' id='word_1_47' title='bbox 553 663 767 707; x_wconf 85' lang='lat' dir='ltr'><strong>inuitaret.</strong></span> <span class='ocrx_word' id='word_1_48' title='bbox 812 664 906 712; x_wconf 81' lang='lat' dir='ltr'><strong>Qua</strong></span> <span class='ocrx_word' id='word_1_49' title='bbox 938 666 1135 707; x_wconf 86' lang='lat' dir='ltr'><strong>comitate</strong></span> <span class='ocrx_word' id='word_1_50' title='bbox 1157 666 1450 708; x_wconf 81' lang='lat' dir='ltr'><strong>Starcatherus</strong></span> <span class='ocrx_word' id='word_1_51' title='bbox 1482 682 1574 723; x_wconf 77' lang='lat' dir='ltr'><strong>pcr-</strong></span> 
     </span>
     <span class='ocr_line' id='line_1_10' title="bbox 133 720 1574 778; baseline 0.003 -17"><span class='ocrx_word' id='word_1_52' title='bbox 133 720 230 762; x_wconf 88' lang='lat' dir='ltr'><strong>inde</strong></span> <span class='ocrx_word' id='word_1_53' title='bbox 272 735 321 762; x_wconf 89' lang='lat' dir='ltr'><strong>ac</strong></span> <span class='ocrx_word' id='word_1_54' title='bbox 351 722 502 763; x_wconf 86' lang='lat' dir='ltr'><strong>iniuria</strong></span> <span class='ocrx_word' id='word_1_55' title='bbox 543 722 785 774; x_wconf 86' lang='lat' dir='ltr'><strong>lacessitus,</strong></span> <span class='ocrx_word' id='word_1_56' title='bbox 826 724 964 764; x_wconf 89' lang='lat' dir='ltr'><strong>acrius</strong></span> <span class='ocrx_word' id='word_1_57' title='bbox 996 723 1230 778; x_wconf 84' lang='lat' dir='ltr'><strong>inspectum</strong></span> <span class='ocrx_word' id='word_1_58' title='bbox 1261 725 1455 767; x_wconf 85' lang='lat' dir='ltr'><strong>iuuenem</strong></span> <span class='ocrx_word' id='word_1_59' title='bbox 1488 732 1574 767; x_wconf 84' lang='lat' dir='ltr'><strong>tam</strong></span> 
     </span>
     <span class='ocr_line' id='line_1_11' title="bbox 133 779 1574 837; baseline 0.004 -18"><span class='ocrx_word' id='word_1_60' title='bbox 133 779 277 834; x_wconf 89' lang='lat' dir='ltr'><strong>inepte</strong></span> <span class='ocrx_word' id='word_1_61' title='bbox 319 779 549 835; x_wconf 82' lang='lat' dir='ltr'><strong>legacionis</strong></span> <span class='ocrx_word' id='word_1_62' title='bbox 589 794 720 835; x_wconf 82' lang='lat' dir='ltr'><strong>penas</strong></span> <span class='ocrx_word' id='word_1_63' title='bbox 753 780 948 822; x_wconf 87' lang='lat' dir='ltr'><strong>daturum</strong></span> <span class='ocrx_word' id='word_1_64' title='bbox 982 782 1221 837; x_wconf 87' lang='lat' dir='ltr'><strong>respondit,</strong></span> <span class='ocrx_word' id='word_1_65' title='bbox 1266 783 1345 825; x_wconf 88' lang='lat' dir='ltr'><strong>nisi</strong></span> <span class='ocrx_word' id='word_1_66' title='bbox 1377 784 1574 825; x_wconf 78' lang='lat' dir='ltr'><strong>carissimi</strong></span> 
     </span>
     <span class='ocr_line' id='line_1_12' title="bbox 134 836 1574 896; baseline 0.004 -18"><span class='ocrx_word' id='word_1_67' title='bbox 134 837 199 879; x_wconf 91' lang='lat' dir='ltr'><strong>sui</strong></span> <span class='ocrx_word' id='word_1_68' title='bbox 217 836 444 879; x_wconf 84' lang='lat' dir='ltr'><strong>Frothonis</strong></span> <span class='ocrx_word' id='word_1_69' title='bbox 477 839 740 880; x_wconf 86' lang='lat' dir='ltr'><strong>mencionem</strong></span> <span class='ocrx_word' id='word_1_70' title='bbox 770 838 977 894; x_wconf 80' lang='lat' dir='ltr'><strong>mandatis</strong></span> <span class='ocrx_word' id='word_1_71' title='bbox 1009 840 1210 882; x_wconf 80' lang='lat' dir='ltr'><strong>insertam</strong></span> <span class='ocrx_word' id='word_1_72' title='bbox 1240 840 1430 893; x_wconf 86' lang='lat' dir='ltr'><strong>haberet,</strong></span> <span class='ocrx_word' id='word_1_73' title='bbox 1462 842 1574 896; x_wconf 92' lang='lat' dir='ltr'><strong>quod</strong></span> 
     </span>
     <span class='ocr_line' id='line_1_13' title="bbox 133 896 1572 953; baseline 0.002 -16"><span class='ocrx_word' id='word_1_74' title='bbox 133 910 177 937; x_wconf 88' lang='lat' dir='ltr'><strong>se</strong></span> <span class='ocrx_word' id='word_1_75' title='bbox 210 909 352 938; x_wconf 89' lang='lat' dir='ltr'><strong>scurre</strong></span> <span class='ocrx_word' id='word_1_76' title='bbox 395 896 466 938; x_wconf 89' lang='lat' dir='ltr'><strong>uel</strong></span> <span class='ocrx_word' id='word_1_77' title='bbox 507 897 680 952; x_wconf 83' lang='lat' dir='ltr'><strong>parasiti</strong></span> <span class='ocrx_word' id='word_1_78' title='bbox 722 911 839 939; x_wconf 89' lang='lat' dir='ltr'><strong>more</strong></span> <span class='ocrx_word' id='word_1_79' title='bbox 876 898 1073 939; x_wconf 85' lang='lat' dir='ltr'><strong>laucioris</strong></span> <span class='ocrx_word' id='word_1_80' title='bbox 1114 898 1310 940; x_wconf 81' lang='lat' dir='ltr'><strong>alimonie</strong></span> <span class='ocrx_word' id='word_1_81' title='bbox 1351 899 1489 953; x_wconf 83' lang='lat' dir='ltr'><strong>gracia</strong></span> <span class='ocrx_word' id='word_1_82' title='bbox 1522 900 1572 940; x_wconf 82' lang='lat' dir='ltr'><strong>acl</strong></span> 
     </span>
     <span class='ocr_line' id='line_1_14' title="bbox 135 952 1574 999; baseline 0.003 -5"><span class='ocrx_word' id='word_1_83' title='bbox 135 952 272 995; x_wconf 86' lang='lat' dir='ltr'><strong>aliene</strong></span> <span class='ocrx_word' id='word_1_84' title='bbox 327 954 462 996; x_wconf 90' lang='lat' dir='ltr'><strong>culine</strong></span> <span class='ocrx_word' id='word_1_85' title='bbox 514 954 703 998; x_wconf 87' lang='lat' dir='ltr'><strong>nidorem</strong></span> <span class='ocrx_word' id='word_1_86' title='bbox 767 955 987 997; x_wconf 80' lang='lat' dir='ltr'><strong>decurrere</strong></span> <span class='ocrx_word' id='word_1_87' title='bbox 1043 955 1208 997; x_wconf 92' lang='lat' dir='ltr'><strong>solitum</strong></span> <span class='ocrx_word' id='word_1_88' title='bbox 1260 958 1574 999; x_wconf 79' lang='lat' dir='ltr'><strong>existimauerit.</strong></span> 
     </span>
     <span class='ocr_line' id='line_1_15' title="bbox 137 1010 1575 1070; baseline 0.003 -18"><span class='ocrx_word' id='word_1_89' title='bbox 137 1010 263 1059; x_wconf 86' lang='lat' dir='ltr'><strong>Quod</strong></span> <span class='ocrx_word' id='word_1_90' title='bbox 293 1016 519 1067; x_wconf 87' lang='lat' dir='ltr'><strong>postquam</strong></span> <span class='ocrx_word' id='word_1_91' title='bbox 551 1013 693 1068; x_wconf 83' lang='lat' dir='ltr'><strong>Helgo</strong></span> <span class='ocrx_word' id='word_1_92' title='bbox 738 1029 790 1055; x_wconf 76' lang='lat' dir='ltr'><strong>cx</strong></span> <span class='ocrx_word' id='word_1_93' title='bbox 834 1014 1014 1055; x_wconf 85' lang='lat' dir='ltr'><strong>satellite</strong></span> <span class='ocrx_word' id='word_1_94' title='bbox 1057 1015 1278 1069; x_wconf 80' lang='lat' dir='ltr'><strong>cognouit,</strong></span> <span class='ocrx_word' id='word_1_95' title='bbox 1318 1015 1475 1070; x_wconf 83' lang='lat' dir='ltr'><strong>reg-iam</strong></span> <span class='ocrx_word' id='word_1_96' title='bbox 1516 1016 1575 1056; x_wconf 92' lang='lat' dir='ltr'><strong>in-</strong></span> 
     </span>
     <span class='ocr_line' id='line_1_16' title="bbox 135 1069 1575 1123; baseline 0.002 -12"><span class='ocrx_word' id='word_1_97' title='bbox 135 1083 322 1123; x_wconf 86' lang='lat' dir='ltr'><strong>gressus,</strong></span> <span class='ocrx_word' id='word_1_98' title='bbox 354 1069 585 1112; x_wconf 78' lang='lat' dir='ltr'><strong>Frotlionis</strong></span> <span class='ocrx_word' id='word_1_99' title='bbox 618 1071 701 1113; x_wconf 82' lang='lat' dir='ltr'><strong>filie</strong></span> <span class='ocrx_word' id='word_1_100' title='bbox 734 1071 855 1113; x_wconf 90' lang='lat' dir='ltr'><strong>titulo</strong></span> <span class='ocrx_word' id='word_1_101' title='bbox 888 1071 1197 1113; x_wconf 87' lang='lat' dir='ltr'><strong>consalutatum</strong></span> <span class='ocrx_word' id='word_1_102' title='bbox 1220 1087 1360 1115; x_wconf 82' lang='lat' dir='ltr'><strong>sonem</strong></span> <span class='ocrx_word' id='word_1_103' title='bbox 1384 1073 1575 1115; x_wconf 88' lang='lat' dir='ltr'><strong>condicte</strong></span> 
     </span>
     <span class='ocr_line' id='line_1_17' title="bbox 137 1129 1575 1185; baseline 0.003 -17"><span class='ocrx_word' id='word_1_104' title='bbox 137 1142 189 1169; x_wconf 80' lang='lat' dir='ltr'><strong>ex</strong></span> <span class='ocrx_word' id='word_1_105' title='bbox 230 1129 543 1183; x_wconf 88' lang='lat' dir='ltr'><strong>prouocacione</strong></span> <span class='ocrx_word' id='word_1_106' title='bbox 581 1143 725 1185; x_wconf 84' lang='lat' dir='ltr'><strong>pugne</strong></span> <span class='ocrx_word' id='word_1_107' title='bbox 757 1130 918 1171; x_wconf 87' lang='lat' dir='ltr'><strong>socium</strong></span> <span class='ocrx_word' id='word_1_108' title='bbox 951 1129 1168 1184; x_wconf 86' lang='lat' dir='ltr'><strong>deposcit,</strong></span> <span class='ocrx_word' id='word_1_109' title='bbox 1212 1131 1276 1171; x_wconf 88' lang='lat' dir='ltr'><strong>eui</strong></span> <span class='ocrx_word' id='word_1_110' title='bbox 1319 1131 1372 1171; x_wconf 94' lang='lat' dir='ltr'><strong>ob</strong></span> <span class='ocrx_word' id='word_1_111' title='bbox 1413 1131 1493 1171; x_wconf 91' lang='lat' dir='ltr'><strong>hoe</strong></span> <span class='ocrx_word' id='word_1_112' title='bbox 1531 1146 1575 1172; x_wconf 89' lang='lat' dir='ltr'><strong>se</strong></span> 
     </span>
     <span class='ocr_line' id='line_1_18' title="bbox 133 1185 1575 1243; baseline 0.002 -17"><span class='ocrx_word' id='word_1_113' title='bbox 133 1185 268 1227; x_wconf 90' lang='lat' dir='ltr'><strong>minus</strong></span> <span class='ocrx_word' id='word_1_114' title='bbox 290 1187 482 1230; x_wconf 86' lang='lat' dir='ltr'><strong>sufficere</strong></span> <span class='ocrx_word' id='word_1_115' title='bbox 507 1187 624 1238; x_wconf 80' lang='lat' dir='ltr'><strong>dixit,</strong></span> <span class='ocrx_word' id='word_1_116' title='bbox 647 1187 755 1243; x_wconf 88' lang='lat' dir='ltr'><strong>quod</strong></span> <span class='ocrx_word' id='word_1_117' title='bbox 781 1187 1026 1229; x_wconf 75' lang='lat' dir='ltr'><strong>conflictura</strong></span> <span class='ocrx_word' id='word_1_118' title='bbox 1048 1190 1192 1229; x_wconf 83' lang='lat' dir='ltr'><strong>secum</strong></span> <span class='ocrx_word' id='word_1_119' title='bbox 1215 1189 1575 1242; x_wconf 86' lang='lat' dir='ltr'><strong>partisnumerum</strong></span> 
     </span>
     <span class='ocr_line' id='line_1_19' title="bbox 135 1244 1576 1300; baseline 0.002 -16"><span class='ocrx_word' id='word_1_120' title='bbox 135 1244 415 1286; x_wconf 78' lang='lat' dir='ltr'><strong>condiccionis</strong></span> <span class='ocrx_word' id='word_1_121' title='bbox 439 1245 590 1286; x_wconf 87' lang='lat' dir='ltr'><strong>modus</strong></span> <span class='ocrx_word' id='word_1_122' title='bbox 611 1245 817 1287; x_wconf 84' lang='lat' dir='ltr'><strong>incertum</strong></span> <span class='ocrx_word' id='word_1_123' title='bbox 841 1246 1066 1300; x_wconf 84' lang='lat' dir='ltr'><strong>reliquerit.</strong></span> <span class='ocrx_word' id='word_1_124' title='bbox 1111 1246 1245 1294; x_wconf 85' lang='lat' dir='ltr'><strong>Quem</strong></span> <span class='ocrx_word' id='word_1_125' title='bbox 1270 1246 1576 1298; x_wconf 80' lang='lat' dir='ltr'><strong>Starcatlierus,</strong></span> 
     </span>
    </p>
   </div>
   <div class='ocr_carea' id='block_1_5' title="bbox 135 1303 1575 1359">
    <p class='ocr_par' dir='ltr' id='par_1_5' title="bbox 135 1303 1575 1359">
     <span class='ocr_line' id='line_1_20' title="bbox 135 1303 1575 1359; baseline 0.001 -16"><span class='ocrx_word' id='word_1_126' title='bbox 135 1303 228 1344; x_wconf 92' lang='lat' dir='ltr'><strong>loco</strong></span> <span class='ocrx_word' id='word_1_127' title='bbox 260 1304 499 1345; x_wconf 85' lang='lat' dir='ltr'><strong>certaminis</strong></span> <span class='ocrx_word' id='word_1_128' title='bbox 530 1317 578 1345; x_wconf 88' lang='lat' dir='ltr'><strong>ac</strong></span> <span class='ocrx_word' id='word_1_129' title='bbox 610 1307 802 1359; x_wconf 84' lang='lat' dir='ltr'><strong>tempore</strong></span> <span class='ocrx_word' id='word_1_130' title='bbox 834 1305 1029 1358; x_wconf 78' lang='lat' dir='ltr'><strong>cognito,</strong></span> <span class='ocrx_word' id='word_1_131' title='bbox 1060 1318 1147 1345; x_wconf 86' lang='lat' dir='ltr'><strong>non</strong></span> <span class='ocrx_word' id='word_1_132' title='bbox 1178 1304 1312 1346; x_wconf 90' lang='lat' dir='ltr'><strong>solum</strong></span> <span class='ocrx_word' id='word_1_133' title='bbox 1346 1305 1575 1358; x_wconf 82' lang='lat' dir='ltr'><strong>supplicem</strong></span> 
     </span>
    </p>
   </div>
   <div class='ocr_carea' id='block_1_6' title="bbox 97 1361 1575 1417">
    <p class='ocr_par' dir='ltr' id='par_1_6' title="bbox 97 1361 1575 1417">
     <span class='ocr_line' id='line_1_21' title="bbox 97 1361 1575 1417; baseline 0.001 -16"><span class='ocrx_word' id='word_1_134' title='bbox 97 1385 102 1390; x_wconf 93' lang='lat'>·</span> <span class='ocrx_word' id='word_1_135' title='bbox 135 1361 308 1415; x_wconf 86' lang='lat' dir='ltr'><strong>recepit,</strong></span> <span class='ocrx_word' id='word_1_136' title='bbox 339 1375 487 1403; x_wconf 88' lang='lat' dir='ltr'><strong>uerum</strong></span> <span class='ocrx_word' id='word_1_137' title='bbox 515 1363 649 1403; x_wconf 88' lang='lat' dir='ltr'><strong>eciam</strong></span> <span class='ocrx_word' id='word_1_138' title='bbox 681 1362 825 1403; x_wconf 85' lang='lat' dir='ltr'><strong>auxilii</strong></span> <span class='ocrx_word' id='word_1_139' title='bbox 859 1362 1134 1417; x_wconf 84' lang='lat' dir='ltr'><strong>promissione</strong></span> <span class='ocrx_word' id='word_1_140' title='bbox 1167 1363 1374 1403; x_wconf 84' lang='lat' dir='ltr'><strong>firmatum</strong></span> <span class='ocrx_word' id='word_1_141' title='bbox 1398 1362 1575 1403; x_wconf 83' lang='lat' dir='ltr'><strong>Daniam</strong></span> 
     </span>
    </p>
   </div>
   <div class='ocr_carea' id='block_1_7' title="bbox 66 1490 104 1517">
    <p class='ocr_par' dir='ltr' id='par_1_7' title="bbox 66 1490 104 1517">
     <span class='ocr_line' id='line_1_22' title="bbox 66 1490 104 1517; baseline -0.026 0"><span class='ocrx_word' id='word_1_142' title='bbox 66 1490 104 1517; x_wconf 83' lang='lat'><strong>20</strong></span> 
     </span>
    </p>
   </div>
   <div class='ocr_carea' id='block_1_8' title="bbox 67 2070 104 2096">
    <p class='ocr_par' dir='ltr' id='par_1_8' title="bbox 67 2070 104 2096">
     <span class='ocr_line' id='line_1_23' title="bbox 67 2070 104 2096; baseline -0.027 0"><span class='ocrx_word' id='word_1_143' title='bbox 67 2070 104 2096; x_wconf 76' lang='lat'><strong>30</strong></span> 
     </span>
    </p>
   </div>
   <div class='ocr_carea' id='block_1_9' title="bbox 69 2361 105 2387">
    <p class='ocr_par' dir='ltr' id='par_1_9' title="bbox 69 2361 105 2387">
     <span class='ocr_line' id='line_1_24' title="bbox 69 2361 105 2387; baseline 0 0"><span class='ocrx_word' id='word_1_144' title='bbox 69 2361 105 2387; x_wconf 69' lang='lat'><strong>35</strong></span> 
     </span>
    </p>
   </div>
   <div class='ocr_carea' id='block_1_10' title="bbox 70 2651 107 2678">
    <p class='ocr_par' dir='ltr' id='par_1_10' title="bbox 70 2651 107 2678">
     <span class='ocr_line' id='line_1_25' title="bbox 70 2651 107 2678; baseline -0.027 0"><span class='ocrx_word' id='word_1_145' title='bbox 70 2651 107 2678; x_wconf 83' lang='lat'><strong>40</strong></span> 
     </span>
    </p>
   </div>
   <div class='ocr_carea' id='block_1_11' title="bbox 136 1419 1577 1765">
    <p class='ocr_par' dir='ltr' id='par_1_11' title="bbox 136 1419 1577 1765">
     <span class='ocr_line' id='line_1_26' title="bbox 136 1419 1576 1475; baseline 0 -15"><span class='ocrx_word' id='word_1_146' title='bbox 136 1432 230 1460; x_wconf 91' lang='lat' dir='ltr'><strong>cum</strong></span> <span class='ocrx_word' id='word_1_147' title='bbox 263 1419 482 1461; x_wconf 91' lang='lat' dir='ltr'><strong>comitibus</strong></span> <span class='ocrx_word' id='word_1_148' title='bbox 514 1423 710 1475; x_wconf 89' lang='lat' dir='ltr'><strong>repetere</strong></span> <span class='ocrx_word' id='word_1_149' title='bbox 740 1419 884 1472; x_wconf 78' lang='lat' dir='ltr'><strong>iussit,</strong></span> <span class='ocrx_word' id='word_1_150' title='bbox 925 1419 1164 1473; x_wconf 88' lang='lat' dir='ltr'><strong>affirmans,</strong></span> <span class='ocrx_word' id='word_1_151' title='bbox 1209 1434 1253 1461; x_wconf 88' lang='lat' dir='ltr'><strong>se</strong></span> <span class='ocrx_word' id='word_1_152' title='bbox 1299 1420 1385 1462; x_wconf 81' lang='lat' dir='ltr'><strong>eius</strong></span> <span class='ocrx_word' id='word_1_153' title='bbox 1418 1420 1576 1461; x_wconf 84' lang='lat' dir='ltr'><strong>aditum</strong></span> 
     </span>
     <span class='ocr_line' id='line_1_27' title="bbox 137 1476 1576 1533; baseline 0.001 -16"><span class='ocrx_word' id='word_1_154' title='bbox 137 1476 302 1518; x_wconf 88' lang='lat' dir='ltr'><strong>occulto</strong></span> <span class='ocrx_word' id='word_1_155' title='bbox 353 1478 471 1519; x_wconf 86' lang='lat' dir='ltr'><strong>callis</strong></span> <span class='ocrx_word' id='word_1_156' title='bbox 523 1478 773 1533; x_wconf 86' lang='lat' dir='ltr'><strong>compendio</strong></span> <span class='ocrx_word' id='word_1_157' title='bbox 824 1478 1098 1533; x_wconf 88' lang='lat' dir='ltr'><strong>quesiturum.</strong></span> <span class='ocrx_word' id='word_1_158' title='bbox 1174 1478 1267 1526; x_wconf 85' lang='lat' dir='ltr'><strong>Quo</strong></span> <span class='ocrx_word' id='word_1_159' title='bbox 1320 1478 1576 1530; x_wconf 81' lang='lat' dir='ltr'><strong>discedente,</strong></span> 
     </span>
     <span class='ocr_line' id='line_1_28' title="bbox 136 1535 1576 1591; baseline -0.001 -15"><span class='ocrx_word' id='word_1_160' title='bbox 136 1535 367 1577; x_wconf 89' lang='lat' dir='ltr'><strong>interiectis</strong></span> <span class='ocrx_word' id='word_1_161' title='bbox 400 1536 905 1591; x_wconf 80' lang='lat' dir='ltr'><strong>diebusprofeccionem</strong></span> <span class='ocrx_word' id='word_1_162' title='bbox 947 1550 1088 1589; x_wconf 90' lang='lat' dir='ltr'><strong>orsus,</strong></span> <span class='ocrx_word' id='word_1_163' title='bbox 1131 1536 1163 1576; x_wconf 82' lang='lat' dir='ltr'><strong>si</strong></span> <span class='ocrx_word' id='word_1_164' title='bbox 1207 1535 1318 1577; x_wconf 88' lang='lat' dir='ltr'><strong>fame</strong></span> <span class='ocrx_word' id='word_1_165' title='bbox 1358 1535 1474 1577; x_wconf 88' lang='lat' dir='ltr'><strong>credi</strong></span> <span class='ocrx_word' id='word_1_166' title='bbox 1514 1536 1576 1576; x_wconf 84' lang='lat' dir='ltr'><strong>fas</strong></span> 
     </span>
     <span class='ocr_line' id='line_1_29' title="bbox 137 1593 1576 1649; baseline -0.001 -15"><span class='ocrx_word' id='word_1_167' title='bbox 137 1596 213 1646; x_wconf 80' lang='lat' dir='ltr'><strong>est,</strong></span> <span class='ocrx_word' id='word_1_168' title='bbox 246 1593 475 1636; x_wconf 88' lang='lat' dir='ltr'><strong>uelocitate</strong></span> <span class='ocrx_word' id='word_1_169' title='bbox 506 1608 674 1649; x_wconf 87' lang='lat' dir='ltr'><strong>gressus</strong></span> <span class='ocrx_word' id='word_1_170' title='bbox 713 1598 877 1636; x_wconf 87' lang='lat' dir='ltr'><strong>tantum</strong></span> <span class='ocrx_word' id='word_1_171' title='bbox 907 1594 1099 1635; x_wconf 89' lang='lat' dir='ltr'><strong>locorum</strong></span> <span class='ocrx_word' id='word_1_172' title='bbox 1130 1593 1228 1635; x_wconf 89' lang='lat' dir='ltr'><strong>diali</strong></span> <span class='ocrx_word' id='word_1_173' title='bbox 1259 1594 1407 1635; x_wconf 86' lang='lat' dir='ltr'><strong>itinere</strong></span> <span class='ocrx_word' id='word_1_174' title='bbox 1440 1607 1576 1634; x_wconf 79' lang='lat' dir='ltr'><strong>emen-</strong></span> 
     </span>
     <span class='ocr_line' id='line_1_30' title="bbox 137 1651 1577 1708; baseline -0.001 -16"><span class='ocrx_word' id='word_1_175' title='bbox 137 1666 207 1694; x_wconf 89' lang='lat' dir='ltr'><strong>sus</strong></span> <span class='ocrx_word' id='word_1_176' title='bbox 238 1651 454 1707; x_wconf 81' lang='lat' dir='ltr'><strong>proditur,</strong></span> <span class='ocrx_word' id='word_1_177' title='bbox 495 1655 699 1708; x_wconf 83' lang='lat' dir='ltr'><strong>quantum</strong></span> <span class='ocrx_word' id='word_1_178' title='bbox 742 1652 1020 1708; x_wconf 86' lang='lat' dir='ltr'><strong>precedentes</strong></span> <span class='ocrx_word' id='word_1_179' title='bbox 1052 1651 1200 1693; x_wconf 89' lang='lat' dir='ltr'><strong>diebus</strong></span> <span class='ocrx_word' id='word_1_180' title='bbox 1232 1651 1454 1693; x_wconf 85' lang='lat' dir='ltr'><strong>duodecim</strong></span> <span class='ocrx_word' id='word_1_181' title='bbox 1484 1665 1577 1707; x_wconf 88' lang='lat' dir='ltr'><strong>per-</strong></span> 
     </span>
     <span class='ocr_line' id='line_1_31' title="bbox 137 1709 1577 1765; baseline -0.001 -14"><span class='ocrx_word' id='word_1_182' title='bbox 137 1722 306 1765; x_wconf 86' lang='lat' dir='ltr'><strong>agrasse</strong></span> <span class='ocrx_word' id='word_1_183' title='bbox 337 1710 546 1762; x_wconf 87' lang='lat' dir='ltr'><strong>dicuntur,</strong></span> <span class='ocrx_word' id='word_1_184' title='bbox 578 1711 636 1751; x_wconf 87' lang='lat' dir='ltr'><strong>ita</strong></span> <span class='ocrx_word' id='word_1_185' title='bbox 658 1709 746 1765; x_wconf 73' lang='lat' dir='ltr'><strong>(ut)</strong></span> <span class='ocrx_word' id='word_1_186' title='bbox 769 1711 934 1765; x_wconf 91' lang='lat' dir='ltr'><strong>utrique</strong></span> <span class='ocrx_word' id='word_1_187' title='bbox 965 1710 1142 1752; x_wconf 89' lang='lat' dir='ltr'><strong>fortuito</strong></span> <span class='ocrx_word' id='word_1_188' title='bbox 1174 1709 1448 1763; x_wconf 80' lang='lat' dir='ltr'><strong>uestigiorum</strong></span> <span class='ocrx_word' id='word_1_189' title='bbox 1481 1723 1577 1750; x_wconf 88' lang='lat' dir='ltr'><strong>con-</strong></span> 
     </span>
    </p>
   </div>
   <div class='ocr_carea' id='block_1_12' title="bbox 87 1767 1577 1824">
    <p class='ocr_par' dir='ltr' id='par_1_12' title="bbox 87 1767 1577 1824">
     <span class='ocr_line' id='line_1_32' title="bbox 87 1767 1577 1824; baseline 0 -17"><span class='ocrx_word' id='word_1_190' title='bbox 87 1780 100 1806; x_wconf 69' lang='lat' dir='ltr'><strong>r</strong></span> <span class='ocrx_word' id='word_1_191' title='bbox 137 1781 260 1809; x_wconf 90' lang='lat' dir='ltr'><strong>cursu</strong></span> <span class='ocrx_word' id='word_1_192' title='bbox 303 1782 386 1811; x_wconf 82' lang='lat' dir='ltr'><strong>uno</strong></span> <span class='ocrx_word' id='word_1_193' title='bbox 429 1768 667 1824; x_wconf 87' lang='lat' dir='ltr'><strong>eodemque</strong></span> <span class='ocrx_word' id='word_1_194' title='bbox 708 1774 899 1824; x_wconf 88' lang='lat' dir='ltr'><strong>tempore</strong></span> <span class='ocrx_word' id='word_1_195' title='bbox 943 1768 1172 1810; x_wconf 87' lang='lat' dir='ltr'><strong>destinatos</strong></span> <span class='ocrx_word' id='word_1_196' title='bbox 1213 1767 1364 1822; x_wconf 85' lang='lat' dir='ltr'><strong>Ingelli</strong></span> <span class='ocrx_word' id='word_1_197' title='bbox 1405 1770 1577 1822; x_wconf 82' lang='lat' dir='ltr'><strong>penates</strong></span> 
     </span>
    </p>
   </div>
   <div class='ocr_carea' id='block_1_13' title="bbox 135 1826 1578 2736">
    <p class='ocr_par' dir='ltr' id='par_1_13' title="bbox 135 1826 1578 2736">
     <span class='ocr_line' id='line_1_33' title="bbox 136 1826 1576 1880; baseline 0 -14"><span class='ocrx_word' id='word_1_198' title='bbox 136 1826 401 1880; x_wconf 82' lang='lat' dir='ltr'><strong>attingerent.</strong></span> <span class='ocrx_word' id='word_1_199' title='bbox 464 1826 547 1869; x_wconf 86' lang='lat' dir='ltr'><strong>Vbi</strong></span> <span class='ocrx_word' id='word_1_200' title='bbox 608 1841 704 1868; x_wconf 87' lang='lat' dir='ltr'><strong>oum</strong></span> <span class='ocrx_word' id='word_1_201' title='bbox 760 1827 1055 1869; x_wconf 82' lang='lat' dir='ltr'><strong>Starcatherus</strong></span> <span class='ocrx_word' id='word_1_202' title='bbox 1118 1826 1403 1867; x_wconf 87' lang='lat' dir='ltr'><strong>ministrorum</strong></span> <span class='ocrx_word' id='word_1_203' title='bbox 1461 1838 1576 1866; x_wconf 90' lang='lat' dir='ltr'><strong>more</strong></span> 
     </span>
     <span class='ocr_line' id='line_1_34' title="bbox 136 1883 1577 1940; baseline -0.002 -15"><span class='ocrx_word' id='word_1_204' title='bbox 136 1898 300 1926; x_wconf 85' lang='lat' dir='ltr'><strong>mensas</strong></span> <span class='ocrx_word' id='word_1_205' title='bbox 318 1883 568 1939; x_wconf 88' lang='lat' dir='ltr'><strong>conuiui[i]s</strong></span> <span class='ocrx_word' id='word_1_206' title='bbox 588 1884 747 1927; x_wconf 87' lang='lat' dir='ltr'><strong>obsitas</strong></span> <span class='ocrx_word' id='word_1_207' title='bbox 766 1885 999 1940; x_wconf 85' lang='lat' dir='ltr'><strong>preteriret,</strong></span> <span class='ocrx_word' id='word_1_208' title='bbox 1022 1883 1320 1939; x_wconf 87' lang='lat' dir='ltr'><strong>prememorati</strong></span> <span class='ocrx_word' id='word_1_209' title='bbox 1336 1883 1428 1925; x_wconf 86' lang='lat' dir='ltr'><strong>.1X.</strong></span> <span class='ocrx_word' id='word_1_210' title='bbox 1444 1883 1577 1938; x_wconf 83' lang='lat' dir='ltr'><strong>plenis</strong></span> 
     </span>
     <span class='ocr_line' id='line_1_35' title="bbox 136 1941 1576 1998; baseline -0.001 -16"><span class='ocrx_word' id='word_1_211' title='bbox 136 1941 415 1986; x_wconf 84' lang='lat' dir='ltr'><strong>deformitatis</strong></span> <span class='ocrx_word' id='word_1_212' title='bbox 447 1943 637 1998; x_wconf 86' lang='lat' dir='ltr'><strong>gestibus</strong></span> <span class='ocrx_word' id='word_1_213' title='bbox 670 1947 816 1985; x_wconf 90' lang='lat' dir='ltr'><strong>toruos</strong></span> <span class='ocrx_word' id='word_1_214' title='bbox 852 1957 922 1985; x_wconf 91' lang='lat' dir='ltr'><strong>ore</strong></span> <span class='ocrx_word' id='word_1_215' title='bbox 954 1942 1144 1984; x_wconf 87' lang='lat' dir='ltr'><strong>fremitus</strong></span> <span class='ocrx_word' id='word_1_216' title='bbox 1191 1942 1336 1983; x_wconf 87' lang='lat' dir='ltr'><strong>dantes</strong></span> <span class='ocrx_word' id='word_1_217' title='bbox 1377 1955 1424 1982; x_wconf 88' lang='lat' dir='ltr'><strong>ac</strong></span> <span class='ocrx_word' id='word_1_218' title='bbox 1466 1955 1576 1982; x_wconf 89' lang='lat' dir='ltr'><strong>more</strong></span> 
     </span>
     <span class='ocr_line' id='line_1_36' title="bbox 137 1999 1577 2057; baseline -0.002 -16"><span class='ocrx_word' id='word_1_219' title='bbox 137 2000 302 2041; x_wconf 89' lang='lat' dir='ltr'><strong>scenico</strong></span> <span class='ocrx_word' id='word_1_220' title='bbox 350 2001 650 2054; x_wconf 87' lang='lat' dir='ltr'><strong>decursantes,</strong></span> <span class='ocrx_word' id='word_1_221' title='bbox 692 2002 736 2043; x_wconf 86' lang='lat' dir='ltr'><strong>in</strong></span> <span class='ocrx_word' id='word_1_222' title='bbox 778 2014 964 2057; x_wconf 88' lang='lat' dir='ltr'><strong>pugnam</strong></span> <span class='ocrx_word' id='word_1_223' title='bbox 1006 2014 1050 2042; x_wconf 90' lang='lat' dir='ltr'><strong>se</strong></span> <span class='ocrx_word' id='word_1_224' title='bbox 1091 2004 1236 2040; x_wconf 89' lang='lat' dir='ltr'><strong>mutua</strong></span> <span class='ocrx_word' id='word_1_225' title='bbox 1280 1999 1577 2040; x_wconf 83' lang='lat' dir='ltr'><strong>adhortacione</strong></span> 
     </span>
     <span class='ocr_line' id='line_1_37' title="bbox 137 2057 1576 2116; baseline -0.002 -18"><span class='ocrx_word' id='word_1_226' title='bbox 137 2058 374 2102; x_wconf 81' lang='lat' dir='ltr'><strong>firmabant.</strong></span> <span class='ocrx_word' id='word_1_227' title='bbox 417 2059 525 2101; x_wconf 84' lang='lat' dir='ltr'><strong>Sunt</strong></span> <span class='ocrx_word' id='word_1_228' title='bbox 547 2060 617 2116; x_wconf 92' lang='lat' dir='ltr'><strong>qui</strong></span> <span class='ocrx_word' id='word_1_229' title='bbox 641 2074 715 2101; x_wconf 93' lang='lat' dir='ltr'><strong>eos</strong></span> <span class='ocrx_word' id='word_1_230' title='bbox 738 2059 927 2102; x_wconf 89' lang='lat' dir='ltr'><strong>uenienti</strong></span> <span class='ocrx_word' id='word_1_231' title='bbox 950 2059 1110 2100; x_wconf 88' lang='lat' dir='ltr'><strong>athlete</strong></span> <span class='ocrx_word' id='word_1_232' title='bbox 1139 2057 1395 2099; x_wconf 88' lang='lat' dir='ltr'><strong>seuieneium</strong></span> <span class='ocrx_word' id='word_1_233' title='bbox 1429 2070 1576 2097; x_wconf 87' lang='lat' dir='ltr'><strong>canum</strong></span> 
     </span>
     <span class='ocr_line' id='line_1_38' title="bbox 136 2115 1577 2173; baseline -0.001 -17"><span class='ocrx_word' id='word_1_234' title='bbox 136 2117 333 2171; x_wconf 89' lang='lat' dir='ltr'><strong>exemplo</strong></span> <span class='ocrx_word' id='word_1_235' title='bbox 377 2117 610 2168; x_wconf 72' lang='lat' dir='ltr'><strong>oblatrasse</strong></span> <span class='ocrx_word' id='word_1_236' title='bbox 652 2117 916 2173; x_wconf 84' lang='lat' dir='ltr'><strong>perhibeant.</strong></span> <span class='ocrx_word' id='word_1_237' title='bbox 981 2115 1143 2164; x_wconf 84' lang='lat' dir='ltr'><strong>Quibus</strong></span> <span class='ocrx_word' id='word_1_238' title='bbox 1182 2115 1475 2157; x_wconf 82' lang='lat' dir='ltr'><strong>Starcatherus</strong></span> <span class='ocrx_word' id='word_1_239' title='bbox 1518 2115 1577 2154; x_wconf 88' lang='lat' dir='ltr'><strong>in-</strong></span> 
     </span>
     <span class='ocr_line' id='line_1_39' title="bbox 136 2171 1574 2230; baseline -0.003 -16"><span class='ocrx_word' id='word_1_240' title='bbox 136 2174 331 2230; x_wconf 81' lang='lat' dir='ltr'><strong>crepatis,</strong></span> <span class='ocrx_word' id='word_1_241' title='bbox 363 2175 479 2230; x_wconf 89' lang='lat' dir='ltr'><strong>quod</strong></span> <span class='ocrx_word' id='word_1_242' title='bbox 511 2175 748 2217; x_wconf 86' lang='lat' dir='ltr'><strong>adulterino</strong></span> <span class='ocrx_word' id='word_1_243' title='bbox 784 2175 866 2217; x_wconf 91' lang='lat' dir='ltr'><strong>oris</strong></span> <span class='ocrx_word' id='word_1_244' title='bbox 894 2174 1041 2216; x_wconf 88' lang='lat' dir='ltr'><strong>habitu</strong></span> <span class='ocrx_word' id='word_1_245' title='bbox 1064 2173 1278 2214; x_wconf 84' lang='lat' dir='ltr'><strong>ridiculam</strong></span> <span class='ocrx_word' id='word_1_246' title='bbox 1302 2172 1377 2213; x_wconf 91' lang='lat' dir='ltr'><strong>sibi</strong></span> <span class='ocrx_word' id='word_1_247' title='bbox 1400 2171 1574 2213; x_wconf 83' lang='lat' dir='ltr'><strong>formam</strong></span> 
     </span>
     <span class='ocr_line' id='line_1_40' title="bbox 137 2228 1574 2289; baseline 0 -18"><span class='ocrx_word' id='word_1_248' title='bbox 137 2230 507 2285; x_wconf 77' lang='lat' dir='ltr'><strong>con&lt;s&gt;ciscerent,</strong></span> <span class='ocrx_word' id='word_1_249' title='bbox 551 2234 794 2289; x_wconf 84' lang='lat' dir='ltr'><strong>patulisque</strong></span> <span class='ocrx_word' id='word_1_250' title='bbox 840 2233 1067 2274; x_wconf 86' lang='lat' dir='ltr'><strong>buccarum</strong></span> <span class='ocrx_word' id='word_1_251' title='bbox 1107 2231 1277 2271; x_wconf 84' lang='lat' dir='ltr'><strong>rictibus</strong></span> <span class='ocrx_word' id='word_1_252' title='bbox 1308 2228 1574 2285; x_wconf 64' lang='lat' dir='ltr'><strong>lalsciuirent,</strong></span> 
     </span>
     <span class='ocr_line' id='line_1_41' title="bbox 135 2287 1576 2352; baseline -0.003 -22"><span class='ocrx_word' id='word_1_253' title='bbox 135 2289 275 2331; x_wconf 83' lang='lat' dir='ltr'><strong>taliter</strong></span> <span class='ocrx_word' id='word_1_254' title='bbox 317 2290 655 2333; x_wconf 84' lang='lat' dir='ltr'><strong>effeminatorum</strong></span> <span class='ocrx_word' id='word_1_255' title='bbox 696 2291 943 2333; x_wconf 83' lang='lat' dir='ltr'><strong>dissolutam</strong></span> <span class='ocrx_word' id='word_1_256' title='bbox 985 2289 1209 2331; x_wconf 88' lang='lat' dir='ltr'><strong>molliciem</strong></span> <span class='ocrx_word' id='word_1_257' title='bbox 1252 2287 1576 2352; x_wconf 73' lang='lat' dir='ltr'><strong>intemperancie</strong></span> 
     </span>
     <span class='ocr_line' id='line_1_42' title="bbox 136 2345 1574 2405; baseline -0.003 -17"><span class='ocrx_word' id='word_1_258' title='bbox 136 2361 212 2388; x_wconf 89' lang='lat' dir='ltr'><strong>sue</strong></span> <span class='ocrx_word' id='word_1_259' title='bbox 244 2347 392 2390; x_wconf 83' lang='lat' dir='ltr'><strong>luxum</strong></span> <span class='ocrx_word' id='word_1_260' title='bbox 425 2349 636 2391; x_wconf 90' lang='lat' dir='ltr'><strong>deducere</strong></span> <span class='ocrx_word' id='word_1_261' title='bbox 679 2349 938 2405; x_wconf 88' lang='lat' dir='ltr'><strong>predicabat.</strong></span> <span class='ocrx_word' id='word_1_262' title='bbox 1000 2348 1291 2401; x_wconf 87' lang='lat' dir='ltr'><strong>Interrogatus</strong></span> <span class='ocrx_word' id='word_1_263' title='bbox 1331 2345 1478 2399; x_wconf 72' lang='lat' dir='ltr'><strong>igitur.</strong></span> <span class='ocrx_word' id='word_1_264' title='bbox 1522 2358 1574 2385; x_wconf 86' lang='lat' dir='ltr'><strong>an</strong></span> 
     </span>
     <span class='ocr_line' id='line_1_43' title="bbox 138 2404 1576 2464; baseline -0.003 -18"><span class='ocrx_word' id='word_1_265' title='bbox 138 2405 177 2446; x_wconf 87' lang='lat' dir='ltr'><strong>ei</strong></span> <span class='ocrx_word' id='word_1_266' title='bbox 209 2404 433 2447; x_wconf 89' lang='lat' dir='ltr'><strong>dimicandi</strong></span> <span class='ocrx_word' id='word_1_267' title='bbox 463 2408 599 2449; x_wconf 89' lang='lat' dir='ltr'><strong>uirtus</strong></span> <span class='ocrx_word' id='word_1_268' title='bbox 629 2412 889 2464; x_wconf 88' lang='lat' dir='ltr'><strong>suppeteret,</strong></span> <span class='ocrx_word' id='word_1_269' title='bbox 922 2421 1003 2448; x_wconf 93' lang='lat' dir='ltr'><strong>non</strong></span> <span class='ocrx_word' id='word_1_270' title='bbox 1036 2419 1166 2446; x_wconf 90' lang='lat' dir='ltr'><strong>unum</strong></span> <span class='ocrx_word' id='word_1_271' title='bbox 1198 2408 1386 2456; x_wconf 88' lang='lat' dir='ltr'><strong>tantum,</strong></span> <span class='ocrx_word' id='word_1_272' title='bbox 1430 2415 1576 2443; x_wconf 85' lang='lat' dir='ltr'><strong>uerum</strong></span> 
     </span>
     <span class='ocr_line' id='line_1_44' title="bbox 137 2461 1577 2522; baseline -0.003 -18"><span class='ocrx_word' id='word_1_273' title='bbox 137 2463 347 2518; x_wconf 89' lang='lat' dir='ltr'><strong>quotlibet</strong></span> <span class='ocrx_word' id='word_1_274' title='bbox 368 2464 574 2507; x_wconf 87' lang='lat' dir='ltr'><strong>admissos</strong></span> <span class='ocrx_word' id='word_1_275' title='bbox 605 2465 843 2522; x_wconf 81' lang='lat' dir='ltr'><strong>excipiendi</strong></span> <span class='ocrx_word' id='word_1_276' title='bbox 875 2464 1126 2506; x_wconf 87' lang='lat' dir='ltr'><strong>certissimas</strong></span> <span class='ocrx_word' id='word_1_277' title='bbox 1158 2461 1236 2502; x_wconf 90' lang='lat' dir='ltr'><strong>sibi</strong></span> <span class='ocrx_word' id='word_1_278' title='bbox 1267 2461 1376 2501; x_wconf 89' lang='lat' dir='ltr'><strong>uires</strong></span> <span class='ocrx_word' id='word_1_279' title='bbox 1409 2464 1577 2500; x_wconf 82' lang='lat' dir='ltr'><strong>exstare</strong></span> 
     </span>
     <span class='ocr_line' id='line_1_45' title="bbox 137 2517 1576 2577; baseline -0.003 -16"><span class='ocrx_word' id='word_1_280' title='bbox 137 2521 368 2577; x_wconf 88' lang='lat' dir='ltr'><strong>respondit.</strong></span> <span class='ocrx_word' id='word_1_281' title='bbox 430 2522 558 2572; x_wconf 85' lang='lat' dir='ltr'><strong>Quod</strong></span> <span class='ocrx_word' id='word_1_282' title='bbox 599 2523 820 2565; x_wconf 88' lang='lat' dir='ltr'><strong>audientes</strong></span> <span class='ocrx_word' id='word_1_283' title='bbox 861 2535 1042 2573; x_wconf 85' lang='lat' dir='ltr'><strong>nouem,</strong></span> <span class='ocrx_word' id='word_1_284' title='bbox 1085 2519 1425 2561; x_wconf 82' lang='lat' dir='ltr'><strong>animaduertunt</strong></span> <span class='ocrx_word' id='word_1_285' title='bbox 1466 2517 1576 2557; x_wconf 85' lang='lat' dir='ltr'><strong>hunc</strong></span> 
     </span>
     <span class='ocr_line' id='line_1_46' title="bbox 139 2577 1577 2636; baseline -0.004 -16"><span class='ocrx_word' id='word_1_286' title='bbox 139 2593 252 2632; x_wconf 87' lang='lat' dir='ltr'><strong>esse,</strong></span> <span class='ocrx_word' id='word_1_287' title='bbox 296 2595 420 2636; x_wconf 89' lang='lat' dir='ltr'><strong>quem</strong></span> <span class='ocrx_word' id='word_1_288' title='bbox 453 2582 494 2622; x_wconf 87' lang='lat' dir='ltr'><strong>in</strong></span> <span class='ocrx_word' id='word_1_289' title='bbox 527 2581 763 2623; x_wconf 85' lang='lat' dir='ltr'><strong>subsidium</strong></span> <span class='ocrx_word' id='word_1_290' title='bbox 797 2580 1006 2634; x_wconf 85' lang='lat' dir='ltr'><strong>Helgonis</strong></span> <span class='ocrx_word' id='word_1_291' title='bbox 1038 2593 1060 2619; x_wconf 86' lang='lat' dir='ltr'><strong>e</strong></span> <span class='ocrx_word' id='word_1_292' title='bbox 1088 2577 1318 2632; x_wconf 84' lang='lat' dir='ltr'><strong>longinquo</strong></span> <span class='ocrx_word' id='word_1_293' title='bbox 1352 2579 1577 2616; x_wconf 86' lang='lat' dir='ltr'><strong>uenturum</strong></span> 
     </span>
     <span class='ocr_line' id='line_1_47' title="bbox 137 2632 1578 2694; baseline -0.006 -14"><span class='ocrx_word' id='word_1_294' title='bbox 137 2643 400 2694; x_wconf 83' lang='lat' dir='ltr'><strong>acceperant.</strong></span> <span class='ocrx_word' id='word_1_295' title='bbox 462 2638 597 2691; x_wconf 88' lang='lat' dir='ltr'><strong>Idem,</strong></span> <span class='ocrx_word' id='word_1_296' title='bbox 629 2644 676 2680; x_wconf 90' lang='lat' dir='ltr'><strong>ut</strong></span> <span class='ocrx_word' id='word_1_297' title='bbox 708 2652 863 2694; x_wconf 88' lang='lat' dir='ltr'><strong>sponse</strong></span> <span class='ocrx_word' id='word_1_298' title='bbox 894 2638 1126 2679; x_wconf 82' lang='lat' dir='ltr'><strong>thalamum</strong></span> <span class='ocrx_word' id='word_1_299' title='bbox 1159 2633 1458 2675; x_wconf 81' lang='lat' dir='ltr'><strong>attencioribus</strong></span> <span class='ocrx_word' id='word_1_300' title='bbox 1489 2632 1578 2672; x_wconf 85' lang='lat' dir='ltr'><strong>ual-</strong></span> 
     </span>
     <span class='ocr_line' id='line_1_48' title="bbox 287 2702 1419 2736; baseline -0.002 2"><span class='ocrx_word' id='word_1_301' title='bbox 287 2703 291 2707; x_wconf 69' lang='grc'>’</span> <span class='ocrx_word' id='word_1_302' title='bbox 1356 2702 1419 2736; x_wconf 63' lang='lat' dir='ltr'><strong>13⁹·e</strong></span> 
     </span>
    </p>
   </div>
   <div class='ocr_carea' id='block_1_14' title="bbox 1630 2237 1727 2270">
    <p class='ocr_par' dir='ltr' id='par_1_14' title="bbox 1630 2237 1727 2270">
     <span class='ocr_line' id='line_1_49' title="bbox 1630 2237 1727 2270; baseline 0.01 -9"><span class='ocrx_word' id='word_1_303' title='bbox 1630 2245 1656 2270; x_wconf 81' lang='lat' dir='ltr'><strong>p.</strong></span> <span class='ocrx_word' id='word_1_304' title='bbox 1677 2237 1727 2262; x_wconf 70' lang='lat'><strong>293</strong></span> 
     </span>
    </p>
   </div>
  </div>
 </body>
</html>
