1884 3126
83 1230 137 1263 Aa
151 1229 211 1263 11¹·

84 1369 216 1442 PRob

1447 274 1530 305 XIX

766 313 782 325 Ο

213 392 311 426 dorff
346 392 637 437 Archiepiscopo
679 391 888 426 Nidrosien.
930 393 967 425 et
1006 391 1220 436 apostolicae
1261 391 1359 425 sedis
1402 392 1527 436 legato

214 439 447 484 dignissimo:
484 449 626 473 necnon
657 439 777 483 Regio
811 438 1053 482 Cancellario,
1086 438 1166 472 viro
1199 438 1426 472 nobilissimo
1452 449 1530 472 ma-

214 486 331 530 gistro
348 486 477 520 Auone
501 485 589 520 bille
606 485 857 519 Ecclesiarum
873 483 1035 519 Lunden.
1053 486 1090 518 et
1107 484 1306 529 Vibergen.
1324 484 1527 529 preposito.

217 532 401 566 Mandatis
434 532 561 576 itaque
595 532 707 576 regiis
751 531 1006 575 sapientieque
1044 536 1105 572 tue
1142 531 1269 571 Presul
1305 531 1532 576 dignissime

217 579 536 612 adhortationibus
570 577 796 622 grauissimis
823 578 1081 621 obtemperans
1117 576 1271 611 Saxonis
1301 559 1532 621 imprimendi

217 636 345 658 munus
378 624 537 659 commisi
572 624 877 658 excellentissimo
912 624 990 657 viro
1025 624 1203 667 Magistro
1242 624 1378 658 Iodoco
1415 624 1531 657 Badio

215 671 392 705 Ascensio
417 671 606 705 literarum
633 671 809 704 bonarum
837 670 935 714 apud
962 670 1169 704 Parrhisios
1194 670 1404 713 interpreti,
1432 670 1532 702 chal-

217 718 478 762 cographoque
497 717 728 760 peritissimo.
747 718 808 761 qui
828 717 935 761 quale
954 727 1051 751 nunc
1065 716 1168 751 vides
1194 727 1285 760 opus
1305 720 1365 749 tuo
1393 715 1530 749 nomini

218 764 427 798 felicissimo
462 763 701 807 prescriptum
739 763 877 796 emisit:
913 763 1054 806 Regum
1093 765 1248 797 omnium
1287 763 1469 804 catalogo.
1497 764 1533 795 et

218 810 329 844 totius
356 810 507 851 historie
531 811 652 844 indice
680 810 843 844 litei-ario
869 810 1101 843 illustratum.
1151 809 1229 850 Qua
1256 812 1403 853 propter
1429 807 1533 842 effeci

217 859 256 889 vt
291 857 353 900 qui
385 857 430 890 ab
465 857 544 890 vnis
576 860 611 890 et
636 857 680 889 iis
714 855 839 900 paucis
866 856 981 889 Danis
1007 856 1185 890 hactenus
1211 857 1285 899 legi
1313 855 1450 899 potuit:
1486 854 1533 888 ad

217 902 344 944 Italos,
363 903 560 946 Hispanos,
579 902 720 945 Gallos,
738 902 963 936 Germanos:
991 913 1113 936 omnes
1133 902 1292 946 denique
1311 902 1533 936 christianos

218 949 327 982 facile
354 950 468 992 possit
486 950 654 992 perferri.
694 949 800 982 Habe
826 949 951 993 itaque
970 948 1154 982 molimina
1171 960 1252 982 mea
1277 948 1535 982 commendata

218 1005 261 1029 ac
284 995 378 1028 Vale
403 996 522 1037 Danie
548 997 655 1029 decus
681 994 964 1039 praesidiumque
990 1006 1105 1029 meum
1129 995 1184 1028 Ex
1204 995 1533 1029 Parrhisianorum.

219 1041 409 1076 academia
435 1042 648 1076 clarissima.
673 1041 799 1076 XIIII.
824 1041 956 1076 martii.
984 1042 1082 1076 1514.

227 1228 385 1263 Iodocus
419 1228 557 1262 Badius
593 1228 812 1270 Ascensius‚
846 1227 983 1270 Lagoni
1020 1229 1132 1262 Wrne
1167 1228 1280 1271 longe
1313 1227 1534 1262 Reuerendo

221 1281 256 1309 et
290 1286 368 1310 cum
402 1277 527 1318 primis
561 1274 670 1309 docto
705 1275 934 1319 sapientique
977 1274 1192 1308 Roskildefi.
1239 1275 1399 1308 eeclesiae
1442 1275 1535 1308 anti-

220 1322 307 1355 stiti.
333 1322 368 1355 S.

221 1373 307 1406 abili
334 1372 592 1416 plausibilique
619 1372 832 1406 coniectura
868 1371 992 1412 ducor,
1026 1372 1223 1415 praesulum
1256 1371 1473 1409 clarissime,
1499 1353 1537 1404 vt

221 1419 347 1463 optimi
372 1419 514 1452 maximi
542 1419 599 1452 dei
626 1419 743 1452 nostri
769 1418 1017 1462 prouidentia,
1045 1428 1254 1462 arcanoque
1272 1417 1432 1451 fatorum
1461 1418 1538 1451 cal-

222 1467 302 1499 culo
329 1465 528 1508 contigisse
554 1476 657 1498 rear:
695 1465 868 1509 inclytam
897 1465 1119 1498 Danicorum
1147 1475 1274 1508 regum
1300 1464 1490 1497 historiam
1517 1475 1538 1496 a

221 1511 366 1546 Saxone
392 1511 640 1545 Grammatico
666 1511 852 1550 Sia1ando,
880 1511 958 1545 viro
981 1510 1234 1553 disertissimo,
1260 1511 1393 1544 abhinc
1421 1521 1538 1543 annos

223 1569 334 1602 supra
360 1554 542 1591 trecentos
568 1553 833 1601 conscriptam:
866 1558 911 1591 iis
948 1558 1175 1600 potissimum
1205 1557 1332 1591 diebus
1357 1557 1394 1589 in
1421 1557 1537 1590 lucem

224 1605 497 1648 chalcographa
524 1609 602 1637 arte
626 1603 816 1656 prodiisse,
847 1604 978 1648 quibus
1005 1604 1245 1637 inuictissimo
1273 1603 1411 1646 animo,
1447 1613 1536 1646 prae-

223 1651 333 1684 claris
359 1660 424 1694 pro
451 1653 559 1684 aetate
587 1651 712 1694 gestis,
737 1655 772 1684 et
797 1660 861 1694 spe
896 1650 1028 1683 eximia
1055 1649 1303 1683 Christiernus
1338 1650 1539 1683 certissima

224 1697 411 1730 Danorum
447 1698 547 1740 regis
573 1697 715 1740 proles,
750 1697 893 1730 Danica
925 1696 1067 1730 iamiam
1095 1700 1262 1730 recturus
1295 1700 1350 1730 est
1381 1699 1538 1748 sceptra,

224 1746 513 1787 accepturusque
546 1753 741 1785 regnorum
777 1742 955 1786 insignia:
990 1743 1118 1787 Tuque
1154 1744 1282 1785 heros,
1316 1744 1355 1774 vt
1387 1742 1539 1786 antiqua

226 1790 436 1823 Hurnorum
463 1790 654 1823 nobilitate
682 1789 775 1822 nulli
801 1788 1004 1832 secundus,
1030 1789 1081 1822 ita
1106 1789 1267 1823 facunda
1293 1789 1476 1832 sapientia
1503 1794 1539 1821 et

225 1846 439 1879 magnarum
465 1847 582 1870 rerum
608 1835 803 1879 prudentia
821 1836 917 1879 apud
934 1835 1058 1869 Dauos
1084 1836 1203 1869 facile
1223 1836 1369 1879 primus,
1389 1834 1538 1868 Roskil-

226 1882 303 1915 defi.
329 1881 484 1923 ecclesie
503 1883 749 1926 episcopalem
768 1883 972 1925 susceperis
991 1882 1308 1925 gubernationem.
1351 1881 1535 1925 Siquidem

225 1929 276 1962 vti
302 1929 366 1962 sub
387 1927 618 1962 Waldemaro
647 1939 730 1971 rege
756 1928 995 1962 inuictissimo
1022 1928 1171 1962 iubente
1195 1928 1386 1962 Absalone
1412 1926 1538 1960 itidem

226 1974 440 2008 Roskilden.
476 1975 649 2018 episcopo
684 1974 986 2018 prudentissimo,
1020 1977 1056 2008 et
1091 1974 1182 2008 duce
1219 1985 1261 2008 ac
1295 1975 1475 2007 bellatore
1501 1974 1537 2007 in

227 2020 425 2055 Christiani
460 2021 614 2054 nominis
648 2021 774 2054 hostes
808 2021 1108 2063 incomparabili,
1145 2021 1230 2055 olim
1257 2020 1359 2054 edita
1385 2023 1457 2061 est,
1490 2020 1540 2053 ita

227 2067 293 2100 sub
336 2066 558 2101 Christierno
592 2067 837 2101 illustrissimo
872 2067 994 2110 Rege,
1039 2066 1313 2101 waldemarum
1343 2066 1464 2120 illum,
1505 2070 1540 2100 et

227 2113 334 2147 factis
380 2118 416 2147 et
450 2114 580 2147 animis
617 2118 805 2157 aequante,
844 2115 906 2147 tuo
945 2112 1103 2146 eiusdem
1145 2114 1341 2148 dioeceseos
1377 2112 1540 2156 episcopi

227 2159 446 2193 meritissimi
485 2158 706 2193 faustissimo
739 2159 901 2204 auspicio
935 2170 1031 2193 nunc
1069 2161 1209 2193 demum
1249 2158 1428 2194 emittitur
1466 2169 1539 2192 non

227 2206 306 2239 sine
333 2206 494 2239 melioris
521 2206 765 2250 doctiorisque
790 2206 826 2239 in
847 2206 965 2239 Dania
990 2207 1112 2240 saeculi
1139 2207 1331 2250 praesagio.
1358 2203 1541 2246 Quemad-

229 2251 372 2285 modum
401 2252 495 2284 cnim
522 2253 589 2286 sub
616 2251 811 2287 CHRISTI
836 2252 980 2285 Domini
1006 2252 1123 2285 nostri
1157 2252 1299 2286 cunctis
1326 2251 1540 2285 mortalibus

230 2298 454 2332 adorandum
478 2299 658 2340 natalem,
691 2298 902 2332 claruerunt
932 2298 1058 2332 Romae
1084 2309 1224 2333 summa
1258 2298 1380 2332 latinae
1406 2298 1541 2340 linguae

227 2345 376 2378 lumina.
403 2345 449 2378 M.
475 2343 613 2378 Cicero.
641 2345 688 2378 M.
712 2345 843 2378 Varro.
879 2344 908 2384 Q
946 2345 1166 2379 Hortensius
1201 2350 1238 2378 et
1264 2344 1429 2378 sexcenti
1454 2343 1540 2377 alii:

231 2394 265 2424 et
291 2390 428 2433 inclyta
453 2401 533 2423 cum
559 2391 661 2434 pacis
679 2395 753 2424 tum
773 2391 857 2424 belli
877 2391 1045 2425 culmina.
1073 2390 1136 2425 Cn.
1155 2391 1349 2434 Pompeius
1368 2389 1539 2432 Magnus.

230 2436 268 2471 0.
301 2436 417 2470 Ι1111118
449 2436 582 2470 Caesar.
615 2436 791 2471 Octauius
817 2438 1001 2477 Auoustus
1027 2436 1156 2479 Cesar:
1192 2437 1326 2481 aliique
1362 2439 1541 2479 praeterea

231 2483 354 2516 multi:
386 2482 428 2516 In
457 2483 576 2516 Dania
600 2493 687 2516 vero
713 2483 834 2527 (quam
863 2482 1046 2517 diuersam
1082 2494 1102 2516 a
1127 2483 1243 2517 Dacia
1268 2485 1376 2526 puto)
1404 2481 1540 2514 Frotho

232 2529 374 2582 tertius,
400 2529 489 2562 belli
514 2529 709 2573 pacisque:
735 2529 892 2563 Iustitiae
910 2532 946 2563 et
960 2529 1129 2563 militaris
1148 2529 1349 2572 disciplinae
1367 2526 1543 2571 splendor

233 2575 469 2618 conspicuus.
505 2576 562 2608 Ita
596 2586 691 2609 nunc
726 2574 941 2609 christierni
972 2576 1068 2619 regis
1100 2576 1158 2609 vel
1191 2575 1336 2609 nomine
1372 2573 1541 2607 amabilis

233 2621 412 2664 singulari
446 2621 648 2663 felicitate,
683 2626 818 2665 tuoque
852 2622 985 2665 praesul
1010 2632 1187 2665 generose
1222 2621 1334 2654 ductu
1363 2624 1397 2654 et
1421 2618 1542 2662 auspi-

233 2671 317 2703 cata
352 2667 567 2701 dexteritate
593 2677 708 2712 prope
741 2667 834 2701 diem
872 2668 952 2702 fore
987 2667 1210 2722 confidimus,
1236 2669 1276 2700 vt
1312 2665 1433 2700 Dania
1469 2675 1542 2699 non

1350 2721 1404 2766 11*
