1884 3126
222 912 258 938 10

218 1200 253 1226 15

214 1487 252 1513 20

212 1775 248 1801 25

212 2063 248 2089 30

210 2351 246 2378 35

210 2638 247 2665 40

299 253 380 293 352
879 246 1147 288 —X—

296 381 533 434 gesserant,
574 374 788 418 obscurius
831 374 946 429 pacis
987 374 1142 416 decora
1185 372 1477 425 intuebantur,
1519 372 1625 415 adeo
1672 379 1732 426 ut,

297 437 366 491 qui
406 435 506 476 foris
547 433 732 487 insignes
774 435 1015 484 exstarent,
1059 431 1172 473 domi
1217 430 1730 485 ignobiles-uiderentur,

295 495 452 548 uixque
486 490 631 533 eadem
665 494 706 530 et
736 489 918 530 honesta
960 496 1001 530 et
1041 490 1171 530 acria·
1195 488 1366 542 ingenia
1397 489 1730 543 reperiebantur.

297 551 429 605 Igitur
461 548 695 602 complures
728 546 779 587 ad
812 547 896 586 uim
932 550 972 587 et
1003 547 1137 587 rixam
1158 560 1290 601 usque
1318 545 1360 586 in
1382 546 1479 587 aula
1510 546 1731 600 perniciosi

295 621 383 648 esse
424 608 749 647 consueuerant.
822 603 939 650 Quos
981 618 1076 645 cum
1117 617 1193 644 rex
1238 604 1437 654 nacione,
1468 603 1637 658 linguis,
1669 605 1729 644 in-

292 664 427 719 geniis
473 676 596 718 quam
639 662 821 703 maxime
853 661 1103 702 dissidentes
1135 660 1518 712 animaduerteret,
1554 662 1730 717 (quippe

293 722 418 762 uariis
460 735 508 762 ac
559 719 768 775 perplexis
816 719 993 760 inuicem
1040 719 1259 773 affectibus
1306 719 1589 773 urgebantur3
1632 734 1730 761 nam

291 778 530 834 petulancia
561 777 678 829 alios,
710 776 813 817 alios
844 776 1013 828 inuidia,
1045 777 1249 831 quosdam
1272 777 1405 818 eciam
1427 777 1486 818 ira
1507 777 1729 831 uexabat,)

291 851 373 891 quo
399 837 406 888 Ι
436 836 570 877 minus
603 834 805 875 sediciose
839 848 882 875 se
911 839 1122 888 gererent,
1155 835 1474 876 saluberrimum
1508 835 1729 876 castrensis

290 894 507 948 discipline
529 897 734 942 tenorem,
755 906 838 946 qua
861 896 979 932 tante
1001 893 1220 933 uarietatis
1242 892 1492 934 discordiam
1515 898 1729 947 rumperet

290 951 558 1006 debitamque
608 949 729 990 militi
780 949 1065 990 maturitatem
1117 954 1397 1000 monstraret,
1454 950 1728 992 exactissimis

290 1009 420 1050 edidit
450 1007 664 1049 institutis.
726 1007 877 1061 Itaque
910 1007 1315 1062 circunspectissima
1348 1007 1535 1049 eiusdem
1572 1008 1729 1049 delibe-

288 1066 416 1119 raciO,
441 1066 598 1121 Oponis
621 1064 857 1115 Sialandici,
887 1070 1051 1106 ceteros
1073 1066 1304 1119 prudencia
1325 1070 1452 1120 atque
1475 1066 1729 1107 auctoritate

289 1125 534 1178 prestantis,
566 1123 735 1163 monitis
775 1136 1001 1177 persuasa,
1043 1137 1095 1164 ne
1142 1128 1317 1165 externa
1348 1123 1458 1164 forte
1490 1123 1727 1165 domestico

286 1182 455 1222 crimine
498 1181 788 1233 turbarentur,
835 1180 999 1221 socialis
1043 1180 1125 1222 odii
1169 1185 1467 1236 tempestatem
1513 1182 1725 1236 repressit,

285 1239 485 1293 legesque
516 1237 783 1279 seuerissime
816 1238 1004 1279 cauendo
1045 1239 1298 1280 sediciosum
1342 1239 1491 1280 milicie
1535 1239 1725 1293 spiritum

285 1297 417 1338 ueluti
462 1295 645 1337 fraterna
685 1296 866 1350 quadam
901 1297 1074 1338 caritate
1107 1297 1334 1338 choercuit.
1394 1296 1537 1352 Atque
1576 1300 1623 1338 ut
1653 1310 1724 1337 au-

285 1354 402 1395 dacie
435 1354 675 1395 comitatem
707 1354 918 1401 adiiceret,
948 1354 1172 1395 fortissimo
1207 1355 1327 1395 militi
1369 1355 1725 1410 speciosissimum

284 1413 409 1452 moris
442 1411 631 1453 habitum
663 1411 952 1464 ingenerauit,
996 1412 1232 1453 clientelam
1273 1426 1393 1453 suam
1425 1411 1644 1453 effrenium
1676 1427 1726 1453 ac

283 1470 559 1524 litigiosorum
594 1469 789 1510 conuictu
821 1474 1023 1524 tanquam
1056 1470 1346 1511 erubescenda
1390 1470 1529 1524 aliqua
1561 1471 1726 1511 sentina

284 1527 558 1569 uacuefacere
592 1527 779 1581 cupiens.
842 1526 900 1566 Vt
933 1541 1032 1579 ergo
1064 1528 1348 1583 improborum
1382 1528 1668 1582 frequenciam
1700 1543 1724 1568 a

283 1585 396 1626 curie
427 1585 564 1626 ualuis
597 1584 834 1639 repelleret,
866 1586 1027 1638 statuit,
1060 1591 1106 1626 ut
1139 1587 1180 1626 in
1213 1585 1473 1640 capessendo
1514 1585 1723 1627 discubitu

283 1643 440 1694 ordine,
470 1656 553 1697 quo
576 1643 752 1697 quisque
776 1643 963 1684 militaris
985 1644 1172 1684 muneris
1195 1643 1526 1684 aduocacionem
1552 1644 1724 1685 sortitus

280 1699 454 1751 fue*rat,
486 1705 689 1747 uteretur,
724 1700 901 1753 locoque
933 1701 1226 1753 antecelleret,
1267 1701 1338 1756 qui
1370 1701 1484 1755 prior
1516 1701 1718 1756 obsequio

279 1758 401 1800 foret.
478 1758 602 1800 Adeo
649 1758 800 1799 milicie
846 1763 1105 1800 uetustatem
1148 1759 1310 1800 honore
1357 1773 1500 1799 mense
1546 1759 1721 1814 rependi

281 1830 356 1871 par
387 1816 580 1869 duxerat,
614 1830 665 1857 ne
687 1816 934 1871 promiscuis
958 1816 1131 1857 sedendi
1154 1817 1256 1858 locis
1280 1816 1455 1858 confusa
1478 1816 1721 1858 meritorum

281 1875 408 1916 series
439 1873 667 1915 uideretur.
730 1874 838 1915 Eum
869 1888 986 1927 uero,
1019 1875 1100 1928 qui,
1134 1889 1235 1916 cena
1267 1875 1393 1925 inita,
1425 1875 1567 1929 aliqua
1606 1888 1721 1916 mora

280 1932 578 1987 interpellante
609 1931 768 1972 tardior
800 1933 1125 1986 superuenisset,
1160 1933 1268 1973 inter
1292 1932 1557 1973 considentes
1584 1932 1720 1987 excipi

282 1990 516 2045 oportebat.
580 1989 663 2037 Qui
702 1991 735 2030 si
779 1995 863 2030 tam
905 1994 1020 2031 arcto
1063 2005 1107 2032 se
1153 2004 1354 2032 consessu
1384 1990 1642 2043 iunxissent,
1676 1994 1721 2030 ut

279 2049 332 2090 ob
363 2048 531 2088 nimiam
565 2061 710 2088 eorum
744 2048 1047 2102 frequenciam,
1089 2050 1159 2103 qui
1191 2053 1518 2103 superuenerat,
1560 2062 1719 2089 sessum

279 2106 409 2161 recipi
441 2107 656 2160 nequiret,
698 2105 766 2159 qui
799 2106 889 2146 eius
920 2107 1013 2147 loco
1045 2105 1280 2158 insederat,
1314 2119 1546 2160 exsurgens
1578 2106 1719 2160 proxi-

279 2177 395 2204 mum
434 2163 694 2218 occupabat,
737 2178 785 2204 eo
819 2178 952 2218 usquc
991 2164 1172 2205 inuicem
1206 2179 1251 2204 se
1291 2163 1542 2218 assurgendi
1581 2163 1720 2204 officio

279 2221 591 2271 uenerantibus,
616 2220 762 2273 donec,
786 2222 927 2263 laxato
949 2222 1085 2263 tocius
1118 2222 1396 2263 consessionis
1431 2221 1590 2269 ordine,
1618 2221 1718 2275 legi-

278 2279 427 2320 timum
485 2279 730 2333 recipiendo
782 2280 970 2334 spacium
1026 2280 1260 2334 patuisset,
1311 2292 1567 2333 mensaque,
1606 2281 1610 2327 Ι
1650 2279 1719 2333 qui

278 2341 518 2393 postremus
536 2336 761 2385 residebat,
779 2337 1040 2379 abscederet.
1064 2336 1199 2392 Siquis
1220 2350 1322 2377 uero
1345 2337 1484 2379 alieno
1508 2336 1717 2377 discubitu

280 2395 342 2436 uti
373 2408 451 2450 per
481 2394 753 2436 insolenciam
785 2399 1112 2448 perseuerasset,
1145 2395 1213 2450 qui
1248 2408 1296 2435 eo
1330 2394 1534 2448 spoliatus
1567 2394 1716 2447 fuerat,

278 2453 471 2507 proxime
503 2452 892 2494 circunsedentibus
924 2453 1075 2493 iniurie
1106 2453 1320 2507 querelam
1353 2451 1514 2504 detulit,
1541 2451 1717 2492 hisdem-

279 2524 360 2564 que
390 2510 568 2552 testibus
590 2511 632 2551 in
655 2510 897 2551 concionem
921 2510 1152 2566 productis,
1176 2509 1379 2551 aduersus
1401 2524 1520 2551 reum
1545 2510 1714 2550 accione

279 2568 519 2620 contendit,
563 2567 806 2622 effecitque,
847 2572 917 2621 ut,
958 2569 1028 2623 qui
1061 2567 1210 2609 cedere
1242 2567 1380 2608 iussus
1411 2568 1715 2608 contumaciter

276 2626 605 2680 supersedisset,
649 2626 953 2668 contumeliose
1005 2624 1224 2681 stipendiis
1270 2631 1554 2667 amoneretur.
1632 2624 1715 2668 Ter

1785 860 1810 884 p.
1831 852 1883 878 526

1795 1714 1815 1741 C
1822 1714 1846 1740 V
1851 1714 1865 1733 b

1774 2297 1800 2321 p.
1821 2289 1870 2315 527
