<?xml version="1.0" encoding="UTF-8"?>
<!DOCTYPE html PUBLIC "-//W3C//DTD XHTML 1.0 Transitional//EN"
    "http://www.w3.org/TR/xhtml1/DTD/xhtml1-transitional.dtd">
<html xmlns="http://www.w3.org/1999/xhtml" xml:lang="en" lang="en">
 <head>
  <title>
</title>
<meta http-equiv="Content-Type" content="text/html;charset=utf-8" />
  <meta name='ocr-system' content='tesseract 3.04.00' />
  <meta name='ocr-capabilities' content='ocr_page ocr_carea ocr_par ocr_line ocrx_word'/>
</head>
<body>
  <div class='ocr_page' id='page_1' title='image "./saxonisgrammatic00saxouoft_0556.png"; bbox 0 0 1884 3126; ppageno 0'>
   <div class='ocr_carea' id='block_1_1' title="bbox 356 201 1248 250">
    <p class='ocr_par' dir='ltr' id='par_1_1' title="bbox 356 201 1248 250">
     <span class='ocr_line' id='line_1_1' title="bbox 356 201 1248 250; baseline -0.01 0"><span class='ocrx_word' id='word_1_1' title='bbox 356 210 436 250; x_wconf 78' lang='lat'>462</span> <span class='ocrx_word' id='word_1_2' title='bbox 887 227 936 234; x_wconf 88' lang='lat'>--</span> <span class='ocrx_word' id='word_1_3' title='bbox 997 201 1136 244; x_wconf 84' lang='lat' dir='ltr'>XIIII</span> <span class='ocrx_word' id='word_1_4' title='bbox 1198 226 1248 232; x_wconf 91' lang='lat'>——</span> 
     </span>
    </p>
   </div>
   <div class='ocr_carea' id='block_1_2' title="bbox 269 326 1884 2633">
    <p class='ocr_par' dir='ltr' id='par_1_2' title="bbox 269 326 1884 2633">
     <span class='ocr_line' id='line_1_2' title="bbox 354 326 1785 385; baseline -0.005 -10"><span class='ocrx_word' id='word_1_5' title='bbox 354 338 489 376; x_wconf 82' lang='lat' dir='ltr'>castra</span> <span class='ocrx_word' id='word_1_6' title='bbox 520 331 748 384; x_wconf 82' lang='lat' dir='ltr'>constituit,</span> <span class='ocrx_word' id='word_1_7' title='bbox 784 330 937 385; x_wconf 88' lang='lat' dir='ltr'>operiri</span> <span class='ocrx_word' id='word_1_8' title='bbox 966 330 1128 381; x_wconf 90' lang='lat' dir='ltr'>uolens,</span> <span class='ocrx_word' id='word_1_9' title='bbox 1160 328 1299 384; x_wconf 86' lang='lat' dir='ltr'>quoad</span> <span class='ocrx_word' id='word_1_10' title='bbox 1332 328 1519 379; x_wconf 81' lang='lat' dir='ltr'>emulus,</span> <span class='ocrx_word' id='word_1_11' title='bbox 1565 326 1785 382; x_wconf 89' lang='lat' dir='ltr'>protelatis</span> 
     </span>
     <span class='ocr_line' id='line_1_3' title="bbox 353 385 1785 442; baseline -0.004 -11"><span class='ocrx_word' id='word_1_12' title='bbox 353 391 510 442; x_wconf 89' lang='lat' dir='ltr'>diebus,</span> <span class='ocrx_word' id='word_1_13' title='bbox 543 390 836 430; x_wconf 82' lang='lat' dir='ltr'>alimentorum</span> <span class='ocrx_word' id='word_1_14' title='bbox 879 391 1068 441; x_wconf 82' lang='lat' dir='ltr'>egestate</span> <span class='ocrx_word' id='word_1_15' title='bbox 1107 390 1287 428; x_wconf 87' lang='lat' dir='ltr'>uexatus</span> <span class='ocrx_word' id='word_1_16' title='bbox 1329 390 1402 426; x_wconf 87' lang='lat' dir='ltr'>aut</span> <span class='ocrx_word' id='word_1_17' title='bbox 1433 385 1611 439; x_wconf 76' lang='lat' dir='ltr'>turpiter</span> <span class='ocrx_word' id='word_1_18' title='bbox 1641 385 1785 440; x_wconf 86' lang='lat' dir='ltr'>fugam</span> 
     </span>
     <span class='ocr_line' id='line_1_4' title="bbox 351 442 1786 498; baseline -0.003 -10"><span class='ocrx_word' id='word_1_19' title='bbox 351 451 423 488; x_wconf 89' lang='lat' dir='ltr'>aut</span> <span class='ocrx_word' id='word_1_20' title='bbox 469 451 625 486; x_wconf 86' lang='lat' dir='ltr'>temere</span> <span class='ocrx_word' id='word_1_21' title='bbox 670 445 825 486; x_wconf 90' lang='lat' dir='ltr'>bellum</span> <span class='ocrx_word' id='word_1_22' title='bbox 874 446 1089 498; x_wconf 77' lang='lat' dir='ltr'>arriperet.</span> <span class='ocrx_word' id='word_1_23' title='bbox 1148 443 1212 485; x_wconf 83' lang='lat' dir='ltr'>Ea</span> <span class='ocrx_word' id='word_1_24' title='bbox 1253 442 1414 484; x_wconf 87' lang='lat' dir='ltr'>Kanuti</span> <span class='ocrx_word' id='word_1_25' title='bbox 1459 457 1556 497; x_wconf 91' lang='lat' dir='ltr'>spes</span> <span class='ocrx_word' id='word_1_26' title='bbox 1601 442 1786 485; x_wconf 87' lang='grc'>8116116111</span> 
     </span>
     <span class='ocr_line' id='line_1_5' title="bbox 352 500 1786 556; baseline -0.001 -12"><span class='ocrx_word' id='word_1_27' title='bbox 352 503 524 545; x_wconf 88' lang='lat' dir='ltr'>uictorie</span> <span class='ocrx_word' id='word_1_28' title='bbox 555 503 645 544; x_wconf 91' lang='lat' dir='ltr'>fuit.</span> <span class='ocrx_word' id='word_1_29' title='bbox 707 503 871 544; x_wconf 88' lang='lat' dir='ltr'>Eodem</span> <span class='ocrx_word' id='word_1_30' title='bbox 903 506 1092 556; x_wconf 85' lang='lat' dir='ltr'>tempore</span> <span class='ocrx_word' id='word_1_31' title='bbox 1123 501 1266 542; x_wconf 87' lang='lat' dir='ltr'>Bruno</span> <span class='ocrx_word' id='word_1_32' title='bbox 1301 500 1494 555; x_wconf 83' lang='lat' dir='ltr'>quidam,</span> <span class='ocrx_word' id='word_1_33' title='bbox 1526 500 1596 555; x_wconf 92' lang='lat' dir='ltr'>qui</span> <span class='ocrx_word' id='word_1_34' title='bbox 1627 505 1668 541; x_wconf 92' lang='lat' dir='ltr'>et</span> <span class='ocrx_word' id='word_1_35' title='bbox 1700 500 1786 542; x_wconf 73' lang='lat' dir='ltr'>Ka-</span> 
     </span>
     <span class='ocr_line' id='line_1_6' title="bbox 301 557 1785 614; baseline -0.002 -12"><span class='ocrx_word' id='word_1_36' title='bbox 301 576 316 602; x_wconf 87' lang='lat'>5</span> <span class='ocrx_word' id='word_1_37' title='bbox 348 566 495 601; x_wconf 90' lang='lat' dir='ltr'>nutum</span> <span class='ocrx_word' id='word_1_38' title='bbox 537 559 625 614; x_wconf 89' lang='lat' dir='ltr'>ipse</span> <span class='ocrx_word' id='word_1_39' title='bbox 659 573 681 600; x_wconf 90' lang='lat' dir='ltr'>e</span> <span class='ocrx_word' id='word_1_40' title='bbox 713 559 897 601; x_wconf 84' lang='lat' dir='ltr'>Saxonia</span> <span class='ocrx_word' id='word_1_41' title='bbox 939 564 1108 600; x_wconf 89' lang='lat' dir='ltr'>secutus</span> <span class='ocrx_word' id='word_1_42' title='bbox 1153 558 1311 610; x_wconf 89' lang='lat' dir='ltr'>fuerat,</span> <span class='ocrx_word' id='word_1_43' title='bbox 1352 558 1444 599; x_wconf 87' lang='lat' dir='ltr'>siue</span> <span class='ocrx_word' id='word_1_44' title='bbox 1475 557 1684 600; x_wconf 85' lang='lat' dir='ltr'>Suenonis</span> <span class='ocrx_word' id='word_1_45' title='bbox 1724 558 1785 599; x_wconf 90' lang='lat' dir='ltr'>in-</span> 
     </span>
     <span class='ocr_line' id='line_1_7' title="bbox 350 615 1786 681; baseline -0.001 -23"><span class='ocrx_word' id='word_1_46' title='bbox 350 618 504 658; x_wconf 88' lang='lat' dir='ltr'>stinctu</span> <span class='ocrx_word' id='word_1_47' title='bbox 536 620 771 672; x_wconf 88' lang='lat' dir='ltr'>corruptus,</span> <span class='ocrx_word' id='word_1_48' title='bbox 804 631 897 658; x_wconf 90' lang='lat' dir='ltr'>cum</span> <span class='ocrx_word' id='word_1_49' title='bbox 932 631 1013 681; x_wconf 81' lang='lat' dir='ltr'>quo</span> <span class='ocrx_word' id='word_1_50' title='bbox 1039 619 1209 658; x_wconf 88' lang='lat' dir='ltr'>uetusta</span> <span class='ocrx_word' id='word_1_51' title='bbox 1240 616 1319 657; x_wconf 85' lang='lat' dir='ltr'>sibi</span> <span class='ocrx_word' id='word_1_52' title='bbox 1350 615 1530 656; x_wconf 90' lang='lat' dir='ltr'>societas</span> <span class='ocrx_word' id='word_1_53' title='bbox 1563 621 1665 668; x_wconf 90' lang='lat' dir='ltr'>erat,</span> <span class='ocrx_word' id='word_1_54' title='bbox 1696 617 1786 657; x_wconf 88' lang='lat' dir='ltr'>siue</span> 
     </span>
     <span class='ocr_line' id='line_1_8' title="bbox 349 673 1784 728; baseline 0 -14"><span class='ocrx_word' id='word_1_55' title='bbox 349 674 476 714; x_wconf 84' lang='lat' dir='ltr'>delati</span> <span class='ocrx_word' id='word_1_56' title='bbox 507 673 607 714; x_wconf 90' lang='lat' dir='ltr'>belli</span> <span class='ocrx_word' id='word_1_57' title='bbox 639 674 751 716; x_wconf 91' lang='lat' dir='ltr'>tedio</span> <span class='ocrx_word' id='word_1_58' title='bbox 776 675 973 726; x_wconf 88' lang='lat' dir='ltr'>saciatus,</span> <span class='ocrx_word' id='word_1_59' title='bbox 997 674 1223 728; x_wconf 87' lang='lat' dir='ltr'>impetrata</span> <span class='ocrx_word' id='word_1_60' title='bbox 1243 677 1456 727; x_wconf 88' lang='lat' dir='ltr'>utcunque</span> <span class='ocrx_word' id='word_1_61' title='bbox 1478 673 1665 721; x_wconf 80' lang='lat' dir='ltr'>licencia</span> <span class='ocrx_word' id='word_1_62' title='bbox 1690 687 1784 714; x_wconf 91' lang='lat' dir='ltr'>cum</span> 
     </span>
     <span class='ocr_line' id='line_1_9' title="bbox 347 723 1786 786; baseline 0.001 -16.018"><span class='ocrx_word' id='word_1_63' title='bbox 347 732 507 785; x_wconf 90' lang='lat' dir='ltr'>aliquot</span> <span class='ocrx_word' id='word_1_64' title='bbox 537 731 690 786; x_wconf 85' lang='lat' dir='ltr'>Ripam</span> <span class='ocrx_word' id='word_1_65' title='bbox 722 732 905 773; x_wconf 89' lang='lat' dir='ltr'>secessit.</span> <span class='ocrx_word' id='word_1_66' title='bbox 970 730 1110 772; x_wconf 88' lang='grc'>8116116</span> <span class='ocrx_word' id='word_1_67' title='bbox 1143 745 1259 784; x_wconf 87' lang='lat' dir='ltr'>uero,</span> <span class='ocrx_word' id='word_1_68' title='bbox 1292 745 1386 771; x_wconf 90' lang='lat' dir='ltr'>cum</span> <span class='ocrx_word' id='word_1_69' title='bbox 1419 743 1504 770; x_wconf 89' lang='lat' dir='ltr'>rem</span> <span class='ocrx_word' id='word_1_70' title='bbox 1537 723 1786 772; x_wconf 84' lang='lat' dir='ltr'>familiarem</span> 
     </span>
     <span class='ocr_line' id='line_1_10' title="bbox 347 788 1789 843; baseline 0 -15"><span class='ocrx_word' id='word_1_71' title='bbox 347 789 510 842; x_wconf 84' lang='lat' dir='ltr'>magnis</span> <span class='ocrx_word' id='word_1_72' title='bbox 550 789 591 829; x_wconf 90' lang='lat' dir='ltr'>in</span> <span class='ocrx_word' id='word_1_73' title='bbox 632 790 737 830; x_wconf 81' lang='lat' dir='ltr'>urbe</span> <span class='ocrx_word' id='word_1_74' title='bbox 784 789 1019 843; x_wconf 87' lang='lat' dir='ltr'>sumptibus</span> <span class='ocrx_word' id='word_1_75' title='bbox 1066 788 1359 840; x_wconf 77' lang='lat' dir='ltr'>exhausisset,</span> <span class='ocrx_word' id='word_1_76' title='bbox 1406 802 1545 843; x_wconf 88' lang='lat' dir='ltr'>neque</span> <span class='ocrx_word' id='word_1_77' title='bbox 1593 788 1789 830; x_wconf 88' lang='lat' dir='ltr'>trahendi</span> 
     </span>
     <span class='ocr_line' id='line_1_11' title="bbox 278 845 1787 901; baseline -0.001 -13"><span class='ocrx_word' id='word_1_78' title='bbox 278 862 313 888; x_wconf 90' lang='lat'>10</span> <span class='ocrx_word' id='word_1_79' title='bbox 345 846 508 887; x_wconf 84' lang='lat' dir='ltr'>diucius</span> <span class='ocrx_word' id='word_1_80' title='bbox 552 846 647 886; x_wconf 92' lang='lat' dir='ltr'>belli</span> <span class='ocrx_word' id='word_1_81' title='bbox 693 847 908 887; x_wconf 80' lang='lat' dir='ltr'>materiam</span> <span class='ocrx_word' id='word_1_82' title='bbox 951 846 1299 900; x_wconf 86' lang='lat' dir='ltr'>circunspiceret,</span> <span class='ocrx_word' id='word_1_83' title='bbox 1344 845 1586 886; x_wconf 88' lang='lat' dir='ltr'>audendum</span> <span class='ocrx_word' id='word_1_84' title='bbox 1631 846 1787 901; x_wconf 88' lang='lat' dir='ltr'>aliquid</span> 
     </span>
     <span class='ocr_line' id='line_1_12' title="bbox 346 903 1787 958; baseline 0.001 -14"><span class='ocrx_word' id='word_1_85' title='bbox 346 918 439 944; x_wconf 85' lang='lat' dir='ltr'>cum</span> <span class='ocrx_word' id='word_1_86' title='bbox 481 904 669 958; x_wconf 85' lang='lat' dir='ltr'>periculo</span> <span class='ocrx_word' id='word_1_87' title='bbox 711 908 853 957; x_wconf 88' lang='lat' dir='ltr'>ratus,</span> <span class='ocrx_word' id='word_1_88' title='bbox 897 908 1027 945; x_wconf 90' lang='lat' dir='ltr'>noctu</span> <span class='ocrx_word' id='word_1_89' title='bbox 1066 905 1228 958; x_wconf 87' lang='lat' dir='ltr'>magnis</span> <span class='ocrx_word' id='word_1_90' title='bbox 1270 903 1489 945; x_wconf 82' lang='lat' dir='ltr'>itineribus</span> <span class='ocrx_word' id='word_1_91' title='bbox 1534 904 1687 945; x_wconf 87' lang='lat' dir='ltr'>tacitus</span> <span class='ocrx_word' id='word_1_92' title='bbox 1735 903 1787 945; x_wconf 91' lang='lat' dir='ltr'>ad</span> 
     </span>
     <span class='ocr_line' id='line_1_13' title="bbox 346 961 1787 1016; baseline 0.001 -15"><span class='ocrx_word' id='word_1_93' title='bbox 346 961 529 1002; x_wconf 88' lang='lat' dir='ltr'>hostium</span> <span class='ocrx_word' id='word_1_94' title='bbox 574 965 708 1002; x_wconf 86' lang='lat' dir='ltr'>castra</span> <span class='ocrx_word' id='word_1_95' title='bbox 749 961 986 1013; x_wconf 76' lang='lat' dir='ltr'>contendit,</span> <span class='ocrx_word' id='word_1_96' title='bbox 1029 975 1186 1016; x_wconf 90' lang='lat' dir='ltr'>eosque</span> <span class='ocrx_word' id='word_1_97' title='bbox 1231 975 1356 1002; x_wconf 88' lang='lat' dir='ltr'>mane</span> <span class='ocrx_word' id='word_1_98' title='bbox 1404 961 1546 1002; x_wconf 91' lang='lat' dir='ltr'>diuina</span> <span class='ocrx_word' id='word_1_99' title='bbox 1594 966 1787 1003; x_wconf 85' lang='lat' dir='ltr'>curantes</span> 
     </span>
     <span class='ocr_line' id='line_1_14' title="bbox 344 1017 1788 1074; baseline 0.001 -15"><span class='ocrx_word' id='word_1_100' title='bbox 344 1017 603 1073; x_wconf 86' lang='lat' dir='ltr'>improuidos</span> <span class='ocrx_word' id='word_1_101' title='bbox 634 1018 840 1073; x_wconf 83' lang='lat' dir='ltr'>irrumpit.</span> <span class='ocrx_word' id='word_1_102' title='bbox 890 1019 1052 1066; x_wconf 78' lang='lat' dir='ltr'>Quibus</span> <span class='ocrx_word' id='word_1_103' title='bbox 1085 1019 1310 1074; x_wconf 90' lang='lat' dir='ltr'>repentino</span> <span class='ocrx_word' id='word_1_104' title='bbox 1343 1023 1457 1060; x_wconf 88' lang='lat' dir='ltr'>metu</span> <span class='ocrx_word' id='word_1_105' title='bbox 1490 1019 1707 1074; x_wconf 88' lang='lat' dir='ltr'>perculsis,</span> <span class='ocrx_word' id='word_1_106' title='bbox 1740 1023 1788 1060; x_wconf 92' lang='lat' dir='ltr'>ut</span> 
     </span>
     <span class='ocr_line' id='line_1_15' title="bbox 348 1076 1884 1132; baseline -0.001 -16"><span class='ocrx_word' id='word_1_107' title='bbox 348 1076 495 1130; x_wconf 90' lang='lat' dir='ltr'>cuique</span> <span class='ocrx_word' id='word_1_108' title='bbox 527 1077 691 1117; x_wconf 89' lang='lat' dir='ltr'>animus</span> <span class='ocrx_word' id='word_1_109' title='bbox 724 1081 825 1130; x_wconf 81' lang='lat' dir='ltr'>erat,</span> <span class='ocrx_word' id='word_1_110' title='bbox 860 1077 951 1117; x_wconf 87' lang='lat' dir='ltr'>aliis</span> <span class='ocrx_word' id='word_1_111' title='bbox 974 1076 1142 1131; x_wconf 83' lang='lat' dir='ltr'>fugam,</span> <span class='ocrx_word' id='word_1_112' title='bbox 1174 1076 1264 1118; x_wconf 87' lang='lat' dir='ltr'>aliis</span> <span class='ocrx_word' id='word_1_113' title='bbox 1296 1090 1413 1117; x_wconf 88' lang='lat' dir='ltr'>arma</span> <span class='ocrx_word' id='word_1_114' title='bbox 1436 1077 1451 1130; x_wconf 82' lang='grc' dir='ltr'>Η</span> <span class='ocrx_word' id='word_1_115' title='bbox 1475 1090 1625 1131; x_wconf 87' lang='lat' dir='ltr'>capere</span> <span class='ocrx_word' id='word_1_116' title='bbox 1659 1079 1787 1132; x_wconf 85' lang='lat' dir='ltr'>nego·</span> <span class='ocrx_word' id='word_1_117' title='bbox 1839 1087 1884 1120; x_wconf 72' lang='grc'>(21</span> 
     </span>
     <span class='ocr_line' id='line_1_16' title="bbox 275 1132 1787 1176; baseline 0 -1"><span class='ocrx_word' id='word_1_118' title='bbox 275 1149 311 1175; x_wconf 83' lang='grc'>15</span> <span class='ocrx_word' id='word_1_119' title='bbox 346 1135 452 1173; x_wconf 84' lang='grc'>6111111</span> <span class='ocrx_word' id='word_1_120' title='bbox 484 1132 575 1174; x_wconf 79' lang='lat' dir='ltr'>fuit.</span> <span class='ocrx_word' id='word_1_121' title='bbox 623 1134 790 1175; x_wconf 87' lang='lat' dir='ltr'>Medius</span> <span class='ocrx_word' id='word_1_122' title='bbox 822 1135 974 1176; x_wconf 90' lang='lat' dir='ltr'>horum</span> <span class='ocrx_word' id='word_1_123' title='bbox 1005 1134 1275 1175; x_wconf 89' lang='lat' dir='ltr'>interfluebat</span> <span class='ocrx_word' id='word_1_124' title='bbox 1308 1134 1422 1174; x_wconf 88' lang='lat' dir='ltr'>riuus</span> <span class='ocrx_word' id='word_1_125' title='bbox 1456 1135 1630 1175; x_wconf 88' lang='lat' dir='ltr'>occultis</span> <span class='ocrx_word' id='word_1_126' title='bbox 1663 1148 1787 1176; x_wconf 88' lang='lat' dir='ltr'>uora-</span> 
     </span>
     <span class='ocr_line' id='line_1_17' title="bbox 343 1191 1786 1247; baseline 0.002 -16"><span class='ocrx_word' id='word_1_127' title='bbox 343 1191 509 1245; x_wconf 84' lang='lat' dir='ltr'>ginibus</span> <span class='ocrx_word' id='word_1_128' title='bbox 540 1191 762 1246; x_wconf 78' lang='lat' dir='ltr'>frequens,</span> <span class='ocrx_word' id='word_1_129' title='bbox 805 1192 878 1233; x_wconf 89' lang='lat' dir='ltr'>sed</span> <span class='ocrx_word' id='word_1_130' title='bbox 919 1205 1003 1232; x_wconf 90' lang='lat' dir='ltr'>uno</span> <span class='ocrx_word' id='word_1_131' title='bbox 1037 1192 1245 1233; x_wconf 82' lang='lat' dir='ltr'>duntaxat</span> <span class='ocrx_word' id='word_1_132' title='bbox 1276 1191 1387 1232; x_wconf 89' lang='lat' dir='ltr'>uado</span> <span class='ocrx_word' id='word_1_133' title='bbox 1429 1192 1640 1243; x_wconf 83' lang='lat' dir='ltr'>meabilis,</span> <span class='ocrx_word' id='word_1_134' title='bbox 1673 1192 1786 1247; x_wconf 89' lang='lat' dir='ltr'>quod</span> 
     </span>
     <span class='ocr_line' id='line_1_18' title="bbox 345 1249 1784 1305; baseline 0.001 -15"><span class='ocrx_word' id='word_1_135' title='bbox 345 1249 623 1290; x_wconf 81' lang='lat' dir='ltr'>Suenonianis</span> <span class='ocrx_word' id='word_1_136' title='bbox 641 1249 914 1304; x_wconf 88' lang='lat' dir='ltr'>incognitum,</span> <span class='ocrx_word' id='word_1_137' title='bbox 932 1249 1153 1291; x_wconf 86' lang='lat' dir='ltr'>Kanuticis</span> <span class='ocrx_word' id='word_1_138' title='bbox 1171 1254 1317 1290; x_wconf 91' lang='lat' dir='ltr'>notum</span> <span class='ocrx_word' id='word_1_139' title='bbox 1339 1249 1453 1303; x_wconf 90' lang='lat' dir='ltr'>prior</span> <span class='ocrx_word' id='word_1_140' title='bbox 1474 1250 1554 1290; x_wconf 91' lang='lat' dir='ltr'>loci</span> <span class='ocrx_word' id='word_1_141' title='bbox 1574 1249 1784 1305; x_wconf 89' lang='lat' dir='ltr'>inspeccio</span> 
     </span>
     <span class='ocr_line' id='line_1_19' title="bbox 345 1305 1785 1361; baseline 0.001 -14"><span class='ocrx_word' id='word_1_142' title='bbox 345 1307 516 1347; x_wconf 71' lang='lat' dir='ltr'>seem-‚at</span> <span class='ocrx_word' id='word_1_143' title='bbox 578 1305 771 1361; x_wconf 78' lang='lat' dir='ltr'>Exiguus</span> <span class='ocrx_word' id='word_1_144' title='bbox 810 1307 921 1348; x_wconf 89' lang='lat' dir='ltr'>idem</span> <span class='ocrx_word' id='word_1_145' title='bbox 964 1311 1004 1348; x_wconf 92' lang='lat' dir='ltr'>et</span> <span class='ocrx_word' id='word_1_146' title='bbox 1046 1307 1250 1348; x_wconf 79' lang='lat' dir='ltr'>obscurus</span> <span class='ocrx_word' id='word_1_147' title='bbox 1292 1307 1412 1361; x_wconf 89' lang='lat' dir='ltr'>olim,</span> <span class='ocrx_word' id='word_1_148' title='bbox 1444 1322 1555 1349; x_wconf 88' lang='lat' dir='ltr'>nunc</span> <span class='ocrx_word' id='word_1_149' title='bbox 1597 1308 1694 1348; x_wconf 89' lang='lat' dir='ltr'>belli</span> <span class='ocrx_word' id='word_1_150' title='bbox 1724 1309 1785 1348; x_wconf 89' lang='lat' dir='ltr'>in-</span> 
     </span>
     <span class='ocr_line' id='line_1_20' title="bbox 347 1363 1786 1420; baseline 0.001 -16"><span class='ocrx_word' id='word_1_151' title='bbox 347 1364 482 1419; x_wconf 86' lang='lat' dir='ltr'>clytus</span> <span class='ocrx_word' id='word_1_152' title='bbox 514 1363 639 1405; x_wconf 86' lang='lat' dir='ltr'>fama.</span> <span class='ocrx_word' id='word_1_153' title='bbox 700 1364 839 1419; x_wconf 85' lang='lat' dir='ltr'>Igitur</span> <span class='ocrx_word' id='word_1_154' title='bbox 870 1366 939 1420; x_wconf 93' lang='lat' dir='ltr'>qui</span> <span class='ocrx_word' id='word_1_155' title='bbox 972 1366 1232 1420; x_wconf 81' lang='lat' dir='ltr'>irruperant,</span> <span class='ocrx_word' id='word_1_156' title='bbox 1265 1366 1507 1419; x_wconf 87' lang='lat' dir='ltr'>ignorancia</span> <span class='ocrx_word' id='word_1_157' title='bbox 1539 1365 1620 1405; x_wconf 81' lang='lat' dir='ltr'>loci</span> <span class='ocrx_word' id='word_1_158' title='bbox 1650 1366 1786 1406; x_wconf 88' lang='lat' dir='ltr'>inuias</span> 
     </span>
     <span class='ocr_line' id='line_1_21' title="bbox 274 1422 1786 1478; baseline 0.002 -17"><span class='ocrx_word' id='word_1_159' title='bbox 274 1435 311 1461; x_wconf 76' lang='lat'>20</span> <span class='ocrx_word' id='word_1_160' title='bbox 342 1422 421 1462; x_wconf 88' lang='grc'>11111</span> <span class='ocrx_word' id='word_1_161' title='bbox 454 1426 596 1474; x_wconf 85' lang='lat' dir='ltr'>partes</span> <span class='ocrx_word' id='word_1_162' title='bbox 630 1436 711 1477; x_wconf 88' lang='lat' dir='ltr'>agg</span> <span class='ocrx_word' id='word_1_163' title='bbox 715 1423 831 1475; x_wconf 87' lang='grc'>16331,</span> <span class='ocrx_word' id='word_1_164' title='bbox 863 1424 1124 1478; x_wconf 87' lang='lat' dir='ltr'>precipitatis</span> <span class='ocrx_word' id='word_1_165' title='bbox 1166 1423 1305 1478; x_wconf 88' lang='lat' dir='ltr'>equis,</span> <span class='ocrx_word' id='word_1_166' title='bbox 1350 1423 1575 1477; x_wconf 90' lang='lat' dir='ltr'>improuidi</span> <span class='ocrx_word' id='word_1_167' title='bbox 1604 1423 1786 1478; x_wconf 87' lang='lat' dir='ltr'>impetus</span> 
     </span>
     <span class='ocr_line' id='line_1_22' title="bbox 343 1479 1785 1534; baseline 0.001 -14"><span class='ocrx_word' id='word_1_168' title='bbox 343 1492 473 1533; x_wconf 87' lang='lat' dir='ltr'>penas</span> <span class='ocrx_word' id='word_1_169' title='bbox 506 1479 678 1521; x_wconf 83' lang='lat' dir='ltr'>dedere.</span> <span class='ocrx_word' id='word_1_170' title='bbox 740 1480 920 1534; x_wconf 78' lang='lat' dir='ltr'>Expeiti</span> <span class='ocrx_word' id='word_1_171' title='bbox 952 1481 1186 1534; x_wconf 88' lang='lat' dir='ltr'>periculum</span> <span class='ocrx_word' id='word_1_172' title='bbox 1221 1481 1382 1521; x_wconf 85' lang='grc'>(111111113</span> <span class='ocrx_word' id='word_1_173' title='bbox 1413 1482 1593 1531; x_wconf 86' lang='lat' dir='ltr'>instant,</span> <span class='ocrx_word' id='word_1_174' title='bbox 1626 1480 1785 1522; x_wconf 86' lang='lat' dir='ltr'>fundis-</span> 
     </span>
     <span class='ocr_line' id='line_1_23' title="bbox 343 1537 1785 1592; baseline 0.001 -15"><span class='ocrx_word' id='word_1_175' title='bbox 343 1550 422 1591; x_wconf 86' lang='lat' dir='ltr'>que</span> <span class='ocrx_word' id='word_1_176' title='bbox 454 1550 502 1577; x_wconf 91' lang='lat' dir='ltr'>ac</span> <span class='ocrx_word' id='word_1_177' title='bbox 532 1537 679 1578; x_wconf 89' lang='lat' dir='ltr'>iaculis</span> <span class='ocrx_word' id='word_1_178' title='bbox 712 1544 972 1592; x_wconf 81' lang='lat' dir='ltr'>prouocant,</span> <span class='ocrx_word' id='word_1_179' title='bbox 1005 1552 1278 1592; x_wconf 84' lang='lat' dir='ltr'>congressum</span> <span class='ocrx_word' id='word_1_180' title='bbox 1325 1539 1577 1592; x_wconf 87' lang='lat' dir='ltr'>prohibente</span> <span class='ocrx_word' id='word_1_181' title='bbox 1621 1539 1785 1579; x_wconf 86' lang='lat' dir='ltr'>lacuna.</span> 
     </span>
     <span class='ocr_line' id='line_1_24' title="bbox 343 1594 1784 1649; baseline 0.002 -15"><span class='ocrx_word' id='word_1_182' title='bbox 343 1594 464 1635; x_wconf 83' lang='lat' dir='ltr'>Tunc</span> <span class='ocrx_word' id='word_1_183' title='bbox 495 1594 710 1649; x_wconf 78' lang='lat' dir='ltr'>Saxones,</span> <span class='ocrx_word' id='word_1_184' title='bbox 752 1596 1005 1638; x_wconf 88' lang='lat' dir='ltr'>ostentande</span> <span class='ocrx_word' id='word_1_185' title='bbox 1047 1596 1217 1637; x_wconf 88' lang='lat' dir='ltr'>uirtutis</span> <span class='ocrx_word' id='word_1_186' title='bbox 1249 1596 1384 1648; x_wconf 88' lang='lat' dir='ltr'>auidi,</span> <span class='ocrx_word' id='word_1_187' title='bbox 1428 1610 1481 1637; x_wconf 91' lang='lat' dir='ltr'>ne</span> <span class='ocrx_word' id='word_1_188' title='bbox 1510 1596 1634 1637; x_wconf 85' lang='lat' dir='ltr'>rebus</span> <span class='ocrx_word' id='word_1_189' title='bbox 1666 1596 1784 1638; x_wconf 92' lang='lat' dir='ltr'>locus</span> 
     </span>
     <span class='ocr_line' id='line_1_25' title="bbox 345 1651 1784 1709; baseline 0.001 -16"><span class='ocrx_word' id='word_1_190' title='bbox 345 1651 543 1704; x_wconf 85' lang='lat' dir='ltr'>officeret,</span> <span class='ocrx_word' id='word_1_191' title='bbox 578 1652 696 1707; x_wconf 89' lang='lat' dir='ltr'>equis</span> <span class='ocrx_word' id='word_1_192' title='bbox 739 1652 894 1694; x_wconf 89' lang='lat' dir='ltr'>uadum</span> <span class='ocrx_word' id='word_1_193' title='bbox 937 1654 1140 1695; x_wconf 89' lang='lat' dir='ltr'>insiliunt.</span> <span class='ocrx_word' id='word_1_194' title='bbox 1205 1653 1528 1705; x_wconf 78' lang='lat' dir='ltr'>waldemarus,</span> <span class='ocrx_word' id='word_1_195' title='bbox 1560 1658 1784 1709; x_wconf 88' lang='lat' dir='ltr'>postquam</span> 
     </span>
     <span class='ocr_line' id='line_1_26' title="bbox 272 1709 1784 1766; baseline 0.001 -15"><span class='ocrx_word' id='word_1_196' title='bbox 272 1723 308 1751; x_wconf 80' lang='lat'>25</span> <span class='ocrx_word' id='word_1_197' title='bbox 341 1710 384 1750; x_wconf 66' lang='lat' dir='ltr'>id</span> <span class='ocrx_word' id='word_1_198' title='bbox 417 1709 497 1750; x_wconf 89' lang='lat' dir='ltr'>loci</span> <span class='ocrx_word' id='word_1_199' title='bbox 531 1710 757 1764; x_wconf 88' lang='lat' dir='ltr'>equitabile</span> <span class='ocrx_word' id='word_1_200' title='bbox 800 1711 939 1764; x_wconf 90' lang='lat' dir='ltr'>uidet,</span> <span class='ocrx_word' id='word_1_201' title='bbox 971 1715 1172 1766; x_wconf 82' lang='lat' dir='ltr'>tanquam</span> <span class='ocrx_word' id='word_1_202' title='bbox 1206 1711 1350 1753; x_wconf 87' lang='lat' dir='ltr'>hostes</span> <span class='ocrx_word' id='word_1_203' title='bbox 1381 1712 1559 1753; x_wconf 86' lang='lat' dir='ltr'>transitu</span> <span class='ocrx_word' id='word_1_204' title='bbox 1600 1712 1784 1766; x_wconf 87' lang='lat' dir='ltr'>prohibi-</span> 
     </span>
     <span class='ocr_line' id='line_1_27' title="bbox 342 1767 1784 1824; baseline 0.002 -16"><span class='ocrx_word' id='word_1_205' title='bbox 342 1773 484 1821; x_wconf 88' lang='lat' dir='ltr'>turus,</span> <span class='ocrx_word' id='word_1_206' title='bbox 526 1782 577 1810; x_wconf 89' lang='lat' dir='ltr'>eo</span> <span class='ocrx_word' id='word_1_207' title='bbox 610 1767 732 1809; x_wconf 83' lang='lat' dir='ltr'>frena</span> <span class='ocrx_word' id='word_1_208' title='bbox 766 1770 998 1822; x_wconf 89' lang='lat' dir='ltr'>conuertit,</span> <span class='ocrx_word' id='word_1_209' title='bbox 1031 1769 1294 1824; x_wconf 88' lang='lat' dir='ltr'>aduersoque</span> <span class='ocrx_word' id='word_1_210' title='bbox 1328 1783 1422 1811; x_wconf 91' lang='lat' dir='ltr'>cum</span> <span class='ocrx_word' id='word_1_211' title='bbox 1455 1770 1512 1810; x_wconf 89' lang='lat' dir='ltr'>eis</span> <span class='ocrx_word' id='word_1_212' title='bbox 1546 1783 1653 1824; x_wconf 89' lang='lat' dir='ltr'>equo</span> <span class='ocrx_word' id='word_1_213' title='bbox 1688 1783 1784 1811; x_wconf 87' lang='lat' dir='ltr'>con-</span> 
     </span>
     <span class='ocr_line' id='line_1_28' title="bbox 342 1825 1784 1882; baseline 0.003 -17"><span class='ocrx_word' id='word_1_214' title='bbox 342 1839 534 1879; x_wconf 88' lang='lat' dir='ltr'>currens,</span> <span class='ocrx_word' id='word_1_215' title='bbox 575 1825 801 1881; x_wconf 85' lang='lat' dir='ltr'>impactam</span> <span class='ocrx_word' id='word_1_216' title='bbox 840 1827 913 1868; x_wconf 89' lang='lat' dir='ltr'>uni</span> <span class='ocrx_word' id='word_1_217' title='bbox 954 1828 1146 1869; x_wconf 86' lang='lat' dir='ltr'>lanceam</span> <span class='ocrx_word' id='word_1_218' title='bbox 1188 1828 1374 1882; x_wconf 88' lang='lat' dir='ltr'>ingenuo</span> <span class='ocrx_word' id='word_1_219' title='bbox 1422 1827 1628 1868; x_wconf 87' lang='lat' dir='ltr'>militandi</span> <span class='ocrx_word' id='word_1_220' title='bbox 1667 1841 1784 1869; x_wconf 91' lang='lat' dir='ltr'>more</span> 
     </span>
     <span class='ocr_line' id='line_1_29' title="bbox 340 1882 1782 1940; baseline 0.001 -16"><span class='ocrx_word' id='word_1_221' title='bbox 340 1882 555 1938; x_wconf 87' lang='lat' dir='ltr'>perfregit.</span> <span class='ocrx_word' id='word_1_222' title='bbox 617 1883 699 1925; x_wconf 80' lang='lat' dir='ltr'>Sed</span> <span class='ocrx_word' id='word_1_223' title='bbox 734 1889 878 1926; x_wconf 87' lang='lat' dir='ltr'>contra</span> <span class='ocrx_word' id='word_1_224' title='bbox 910 1885 951 1925; x_wconf 92' lang='lat' dir='ltr'>in</span> <span class='ocrx_word' id='word_1_225' title='bbox 983 1885 1073 1940; x_wconf 86' lang='lat' dir='ltr'>ipso</span> <span class='ocrx_word' id='word_1_226' title='bbox 1107 1886 1275 1939; x_wconf 82' lang='lat' dir='ltr'>gurgite</span> <span class='ocrx_word' id='word_1_227' title='bbox 1320 1886 1379 1926; x_wconf 90' lang='lat' dir='ltr'>ita</span> <span class='ocrx_word' id='word_1_228' title='bbox 1410 1885 1627 1940; x_wconf 88' lang='lat' dir='ltr'>quaternis</span> <span class='ocrx_word' id='word_1_229' title='bbox 1659 1885 1782 1927; x_wconf 91' lang='lat' dir='ltr'>simul</span> 
     </span>
     <span class='ocr_line' id='line_1_30' title="bbox 340 1940 1779 1998; baseline 0.003 -18"><span class='ocrx_word' id='word_1_230' title='bbox 340 1940 471 1982; x_wconf 86' lang='lat' dir='ltr'>hastis</span> <span class='ocrx_word' id='word_1_231' title='bbox 506 1941 727 1996; x_wconf 84' lang='lat' dir='ltr'>excipitur,</span> <span class='ocrx_word' id='word_1_232' title='bbox 760 1947 805 1983; x_wconf 90' lang='lat' dir='ltr'>ut</span> <span class='ocrx_word' id='word_1_233' title='bbox 837 1956 969 1998; x_wconf 89' lang='lat' dir='ltr'>equus</span> <span class='ocrx_word' id='word_1_234' title='bbox 991 1944 1033 1984; x_wconf 93' lang='lat' dir='ltr'>in</span> <span class='ocrx_word' id='word_1_235' title='bbox 1057 1943 1201 1984; x_wconf 88' lang='lat' dir='ltr'>clunes</span> <span class='ocrx_word' id='word_1_236' title='bbox 1233 1942 1486 1994; x_wconf 85' lang='lat' dir='ltr'>consideret,</span> <span class='ocrx_word' id='word_1_237' title='bbox 1518 1943 1608 1998; x_wconf 89' lang='lat' dir='ltr'>ipse</span> <span class='ocrx_word' id='word_1_238' title='bbox 1639 1946 1779 1984; x_wconf 90' lang='lat' dir='ltr'>tamen</span> 
     </span>
     <span class='ocr_line' id='line_1_31' title="bbox 271 1975 1884 2056; baseline 0.001 -18"><span class='ocrx_word' id='word_1_239' title='bbox 271 2011 307 2038; x_wconf 83' lang='lat'>30</span> <span class='ocrx_word' id='word_1_240' title='bbox 340 1999 393 2039; x_wconf 92' lang='lat' dir='ltr'>ob</span> <span class='ocrx_word' id='word_1_241' title='bbox 445 1999 663 2053; x_wconf 86' lang='lat' dir='ltr'>egregiam</span> <span class='ocrx_word' id='word_1_242' title='bbox 705 2002 709 2051; x_wconf 90' lang='grc' dir='ltr'>Ι</span> <span class='ocrx_word' id='word_1_243' title='bbox 749 2000 967 2055; x_wconf 89' lang='lat' dir='ltr'>equitandi</span> <span class='ocrx_word' id='word_1_244' title='bbox 1016 2001 1216 2056; x_wconf 89' lang='lat' dir='ltr'>periciam</span> <span class='ocrx_word' id='word_1_245' title='bbox 1268 2001 1372 2041; x_wconf 90' lang='lat' dir='ltr'>sella</span> <span class='ocrx_word' id='word_1_246' title='bbox 1421 1975 1522 2055; x_wconf 79' lang='lat' dir='ltr'>peili</span> <span class='ocrx_word' id='word_1_247' title='bbox 1572 2001 1780 2055; x_wconf 86' lang='lat' dir='ltr'>nequiret.</span> <span class='ocrx_word' id='word_1_248' title='bbox 1836 2021 1884 2046; x_wconf 34' lang='lat' dir='ltr'>ps</span> 
     </span>
     <span class='ocr_line' id='line_1_32' title="bbox 342 2055 1781 2114; baseline 0.002 -18"><span class='ocrx_word' id='word_1_249' title='bbox 342 2055 554 2108; x_wconf 83' lang='lat' dir='ltr'>Quintam,</span> <span class='ocrx_word' id='word_1_250' title='bbox 586 2057 695 2098; x_wconf 91' lang='lat' dir='ltr'>inter</span> <span class='ocrx_word' id='word_1_251' title='bbox 726 2056 910 2099; x_wconf 88' lang='lat' dir='ltr'>frontem</span> <span class='ocrx_word' id='word_1_252' title='bbox 943 2059 1193 2113; x_wconf 88' lang='lat' dir='ltr'>galeamque</span> <span class='ocrx_word' id='word_1_253' title='bbox 1216 2058 1413 2108; x_wconf 82' lang='lat' dir='ltr'>defixam,</span> <span class='ocrx_word' id='word_1_254' title='bbox 1445 2058 1596 2099; x_wconf 85' lang='lat' dir='ltr'>adacto</span> <span class='ocrx_word' id='word_1_255' title='bbox 1630 2059 1781 2114; x_wconf 86' lang='lat' dir='ltr'>capulo</span> 
     </span>
     <span class='ocr_line' id='line_1_33' title="bbox 340 2113 1780 2181; baseline 0.002 -27"><span class='ocrx_word' id='word_1_256' title='bbox 340 2113 526 2155; x_wconf 89' lang='lat' dir='ltr'>collisam</span> <span class='ocrx_word' id='word_1_257' title='bbox 569 2115 738 2156; x_wconf 90' lang='lat' dir='ltr'>auulsit.</span> <span class='ocrx_word' id='word_1_258' title='bbox 817 2115 898 2157; x_wconf 91' lang='lat' dir='ltr'>His</span> <span class='ocrx_word' id='word_1_259' title='bbox 951 2115 1068 2157; x_wconf 88' lang='lat' dir='ltr'>malis</span> <span class='ocrx_word' id='word_1_260' title='bbox 1115 2116 1244 2168; x_wconf 89' lang='lat' dir='ltr'>liber,</span> <span class='ocrx_word' id='word_1_261' title='bbox 1289 2121 1459 2181; x_wconf 80' lang='lat' dir='ltr'>arrepto</span> <span class='ocrx_word' id='word_1_262' title='bbox 1507 2129 1640 2170; x_wconf 89' lang='lat' dir='ltr'>equo,</span> <span class='ocrx_word' id='word_1_263' title='bbox 1690 2130 1780 2157; x_wconf 89' lang='lat' dir='ltr'>cum</span> 
     </span>
     <span class='ocr_line' id='line_1_34' title="bbox 339 2172 1781 2229; baseline 0.002 -17"><span class='ocrx_word' id='word_1_264' title='bbox 339 2172 479 2226; x_wconf 86' lang='lat' dir='ltr'>paucis</span> <span class='ocrx_word' id='word_1_265' title='bbox 521 2172 675 2213; x_wconf 88' lang='lat' dir='ltr'>uadum</span> <span class='ocrx_word' id='word_1_266' title='bbox 719 2178 912 2229; x_wconf 90' lang='lat' dir='ltr'>superat,</span> <span class='ocrx_word' id='word_1_267' title='bbox 945 2178 1006 2225; x_wconf 88' lang='lat' dir='ltr'>et,</span> <span class='ocrx_word' id='word_1_268' title='bbox 1038 2188 1091 2214; x_wconf 92' lang='lat' dir='ltr'>ne</span> <span class='ocrx_word' id='word_1_269' title='bbox 1124 2174 1327 2215; x_wconf 85' lang='lat' dir='ltr'>secuturis</span> <span class='ocrx_word' id='word_1_270' title='bbox 1360 2174 1577 2228; x_wconf 86' lang='lat' dir='ltr'>angustias</span> <span class='ocrx_word' id='word_1_271' title='bbox 1609 2172 1781 2227; x_wconf 86' lang='lat' dir='ltr'>faceret,</span> 
     </span>
     <span class='ocr_line' id='line_1_35' title="bbox 338 2230 1782 2287; baseline 0.002 -18"><span class='ocrx_word' id='word_1_272' title='bbox 338 2230 486 2284; x_wconf 89' lang='lat' dir='ltr'>procul</span> <span class='ocrx_word' id='word_1_273' title='bbox 527 2230 618 2270; x_wconf 86' lang='lat' dir='ltr'>1·in</span> <span class='ocrx_word' id='word_1_274' title='bbox 660 2231 844 2281; x_wconf 87' lang='lat' dir='ltr'>secedit,</span> <span class='ocrx_word' id='word_1_275' title='bbox 888 2231 1043 2286; x_wconf 84' lang='lat' dir='ltr'>ibique,</span> <span class='ocrx_word' id='word_1_276' title='bbox 1076 2231 1189 2272; x_wconf 89' lang='lat' dir='ltr'>facta</span> <span class='ocrx_word' id='word_1_277' title='bbox 1221 2232 1329 2283; x_wconf 84' lang='lat' dir='ltr'>acie,</span> <span class='ocrx_word' id='word_1_278' title='bbox 1365 2244 1550 2286; x_wconf 83' lang='lat' dir='ltr'>pugnam</span> <span class='ocrx_word' id='word_1_279' title='bbox 1585 2232 1782 2287; x_wconf 75' lang='lat' dir='ltr'>capessit.</span> 
     </span>
     <span class='ocr_line' id='line_1_36' title="bbox 269 2287 1782 2344; baseline 0.001 -17"><span class='ocrx_word' id='word_1_280' title='bbox 269 2300 306 2327; x_wconf 84' lang='lat'>35</span> <span class='ocrx_word' id='word_1_281' title='bbox 340 2287 450 2334; x_wconf 81' lang='lat' dir='ltr'>Quin</span> <span class='ocrx_word' id='word_1_282' title='bbox 485 2288 614 2328; x_wconf 88' lang='lat' dir='ltr'>eciam</span> <span class='ocrx_word' id='word_1_283' title='bbox 646 2292 781 2329; x_wconf 86' lang='lat' dir='ltr'>totam</span> <span class='ocrx_word' id='word_1_284' title='bbox 804 2289 987 2330; x_wconf 91' lang='lat' dir='ltr'>hostium</span> <span class='ocrx_word' id='word_1_285' title='bbox 1010 2289 1191 2341; x_wconf 89' lang='lat' dir='ltr'>turbam,</span> <span class='ocrx_word' id='word_1_286' title='bbox 1225 2289 1366 2344; x_wconf 84' lang='lat' dir='ltr'>quoad</span> <span class='ocrx_word' id='word_1_287' title='bbox 1399 2289 1538 2330; x_wconf 90' lang='lat' dir='ltr'>omnis</span> <span class='ocrx_word' id='word_1_288' title='bbox 1571 2291 1782 2330; x_wconf 84' lang='lat' dir='ltr'>sociorum</span> 
     </span>
     <span class='ocr_line' id='line_1_37' title="bbox 338 2345 1782 2401; baseline 0.003 -17"><span class='ocrx_word' id='word_1_289' title='bbox 338 2350 597 2399; x_wconf 88' lang='lat' dir='ltr'>permeasset</span> <span class='ocrx_word' id='word_1_290' title='bbox 637 2347 858 2399; x_wconf 86' lang='lat' dir='ltr'>exercitus,</span> <span class='ocrx_word' id='word_1_291' title='bbox 891 2360 1024 2401; x_wconf 89' lang='lat' dir='ltr'>parua</span> <span class='ocrx_word' id='word_1_292' title='bbox 1067 2360 1195 2387; x_wconf 91' lang='lat' dir='ltr'>manu</span> <span class='ocrx_word' id='word_1_293' title='bbox 1242 2347 1455 2398; x_wconf 82' lang='lat' dir='ltr'>sustinuit,</span> <span class='ocrx_word' id='word_1_294' title='bbox 1511 2345 1782 2401; x_wconf 83' lang='lat' dir='ltr'>Suenonique</span> 
     </span>
     <span class='ocr_line' id='line_1_38' title="bbox 339 2403 1779 2470; baseline 0.002 -28"><span class='ocrx_word' id='word_1_295' title='bbox 339 2403 594 2444; x_wconf 87' lang='lat' dir='ltr'>certissimus</span> <span class='ocrx_word' id='word_1_296' title='bbox 626 2409 773 2445; x_wconf 89' lang='lat' dir='ltr'>auctor</span> <span class='ocrx_word' id='word_1_297' title='bbox 806 2404 982 2445; x_wconf 88' lang='lat' dir='ltr'>uictorie</span> <span class='ocrx_word' id='word_1_298' title='bbox 1013 2403 1104 2446; x_wconf 87' lang='lat' dir='ltr'>fuit.</span> <span class='ocrx_word' id='word_1_299' title='bbox 1149 2404 1247 2470; x_wconf 79' lang='lat' dir='ltr'>Quo</span> <span class='ocrx_word' id='word_1_300' title='bbox 1267 2418 1393 2460; x_wconf 88' lang='lat' dir='ltr'>opem</span> <span class='ocrx_word' id='word_1_301' title='bbox 1415 2404 1594 2455; x_wconf 88' lang='lat' dir='ltr'>ferente,</span> <span class='ocrx_word' id='word_1_302' title='bbox 1618 2404 1779 2445; x_wconf 89' lang='lat' dir='ltr'>Kanuti</span> 
     </span>
     <span class='ocr_line' id='line_1_39' title="bbox 337 2460 1780 2518; baseline 0.003 -19"><span class='ocrx_word' id='word_1_303' title='bbox 337 2464 481 2514; x_wconf 88' lang='lat' dir='ltr'>partes</span> <span class='ocrx_word' id='word_1_304' title='bbox 513 2461 657 2515; x_wconf 81' lang='lat' dir='ltr'>iugam</span> <span class='ocrx_word' id='word_1_305' title='bbox 700 2461 850 2503; x_wconf 83' lang='lat' dir='ltr'>fecere.</span> <span class='ocrx_word' id='word_1_306' title='bbox 925 2461 1138 2502; x_wconf 83' lang='lat' dir='ltr'>Grandem</span> <span class='ocrx_word' id='word_1_307' title='bbox 1178 2463 1335 2518; x_wconf 86' lang='lat' dir='ltr'>quippe</span> <span class='ocrx_word' id='word_1_308' title='bbox 1380 2476 1434 2503; x_wconf 88' lang='lat' dir='ltr'>ex</span> <span class='ocrx_word' id='word_1_309' title='bbox 1465 2460 1780 2517; x_wconf 87' lang='lat' dir='ltr'>superioribus*</span> 
     </span>
     <span class='ocr_line' id='line_1_40' title="bbox 337 2517 1884 2574; baseline 0.001 -18"><span class='ocrx_word' id='word_1_310' title='bbox 337 2517 477 2571; x_wconf 76' lang='lat' dir='ltr'>pieliis</span> <span class='ocrx_word' id='word_1_311' title='bbox 527 2524 686 2561; x_wconf 89' lang='lat' dir='ltr'>metum</span> <span class='ocrx_word' id='word_1_312' title='bbox 734 2519 981 2572; x_wconf 86' lang='lat' dir='ltr'>hauserant,</span> <span class='ocrx_word' id='word_1_313' title='bbox 1028 2533 1258 2574; x_wconf 88' lang='lat' dir='ltr'>eorumque</span> <span class='ocrx_word' id='word_1_314' title='bbox 1301 2521 1550 2561; x_wconf 90' lang='lat' dir='ltr'>memoriam</span> <span class='ocrx_word' id='word_1_315' title='bbox 1599 2521 1780 2562; x_wconf 88' lang='lat' dir='ltr'>abiicere</span> <span class='ocrx_word' id='word_1_316' title='bbox 1801 2530 1884 2559; x_wconf 83' lang='lat' dir='ltr'>cxx</span> 
     </span>
     <span class='ocr_line' id='line_1_41' title="bbox 270 2576 1779 2633; baseline 0.004 -19"><span class='ocrx_word' id='word_1_317' title='bbox 270 2586 305 2614; x_wconf 83' lang='lat'>40</span> <span class='ocrx_word' id='word_1_318' title='bbox 335 2580 608 2630; x_wconf 85' lang='lat' dir='ltr'>nequeuntes,</span> <span class='ocrx_word' id='word_1_319' title='bbox 642 2577 750 2632; x_wconf 69' lang='lat' dir='ltr'>egris</span> <span class='ocrx_word' id='word_1_320' title='bbox 784 2590 952 2632; x_wconf 83' lang='lat' dir='ltr'>semper</span> <span class='ocrx_word' id='word_1_321' title='bbox 982 2576 1255 2633; x_wconf 80' lang='lat' dir='ltr'>infractisque</span> <span class='ocrx_word' id='word_1_322' title='bbox 1288 2578 1435 2619; x_wconf 85' lang='lat' dir='ltr'>animis</span> <span class='ocrx_word' id='word_1_323' title='bbox 1470 2582 1604 2620; x_wconf 87' lang='lat' dir='ltr'>erant.</span> <span class='ocrx_word' id='word_1_324' title='bbox 1639 2578 1779 2620; x_wconf 89' lang='grc' dir='ltr'>Α(166</span> 
     </span>
    </p>
   </div>
  </div>
 </body>
</html>
