<?xml version="1.0" encoding="UTF-8"?>
<!DOCTYPE html PUBLIC "-//W3C//DTD XHTML 1.0 Transitional//EN"
    "http://www.w3.org/TR/xhtml1/DTD/xhtml1-transitional.dtd">
<html xmlns="http://www.w3.org/1999/xhtml" xml:lang="en" lang="en">
 <head>
  <title>
</title>
<meta http-equiv="Content-Type" content="text/html;charset=utf-8" />
  <meta name='ocr-system' content='tesseract 3.04.00' />
  <meta name='ocr-capabilities' content='ocr_page ocr_carea ocr_par ocr_line ocrx_word'/>
</head>
<body>
  <div class='ocr_page' id='page_1' title='image "./saxonisgrammatic00saxouoft_0558.png"; bbox 0 0 1884 3126; ppageno 0'>
   <div class='ocr_carea' id='block_1_1' title="bbox 382 226 1275 281">
    <p class='ocr_par' dir='ltr' id='par_1_1' title="bbox 382 226 1275 281">
     <span class='ocr_line' id='line_1_1' title="bbox 382 226 1275 281; baseline -0.016 0"><span class='ocrx_word' id='word_1_1' title='bbox 382 241 464 281; x_wconf 82' lang='lat'>464</span> <span class='ocrx_word' id='word_1_2' title='bbox 917 252 964 258; x_wconf 83' lang='lat'>—</span> <span class='ocrx_word' id='word_1_3' title='bbox 1026 226 1163 269; x_wconf 81' lang='grc' dir='ltr'>ΧΠΠ</span> <span class='ocrx_word' id='word_1_4' title='bbox 1223 250 1275 256; x_wconf 72' lang='grc'>--</span> 
     </span>
    </p>
   </div>
   <div class='ocr_carea' id='block_1_2' title="bbox 288 351 1884 2657">
    <p class='ocr_par' dir='ltr' id='par_1_2' title="bbox 291 351 1884 2136">
     <span class='ocr_line' id='line_1_2' title="bbox 380 351 1812 413; baseline -0.006 -10"><span class='ocrx_word' id='word_1_5' title='bbox 380 361 562 413; x_wconf 82' lang='lat' dir='ltr'>Nauigia</span> <span class='ocrx_word' id='word_1_6' title='bbox 594 358 728 413; x_wconf 79' lang='lat' dir='ltr'>pirate</span> <span class='ocrx_word' id='word_1_7' title='bbox 759 355 893 409; x_wconf 85' lang='lat' dir='ltr'>magis</span> <span class='ocrx_word' id='word_1_8' title='bbox 926 353 1082 394; x_wconf 87' lang='lat' dir='ltr'>idonea</span> <span class='ocrx_word' id='word_1_9' title='bbox 1115 353 1191 394; x_wconf 86' lang='lat' dir='ltr'>sibi</span> <span class='ocrx_word' id='word_1_10' title='bbox 1232 352 1323 393; x_wconf 89' lang='lat' dir='ltr'>uisa</span> <span class='ocrx_word' id='word_1_11' title='bbox 1355 351 1515 406; x_wconf 83' lang='lat' dir='ltr'>absque</span> <span class='ocrx_word' id='word_1_12' title='bbox 1556 353 1812 408; x_wconf 81' lang='lat' dir='ltr'>possessoris</span> 
     </span>
     <span class='ocr_line' id='line_1_3' title="bbox 379 409 1811 473; baseline -0.005 -15"><span class='ocrx_word' id='word_1_13' title='bbox 379 418 582 473; x_wconf 87' lang='lat' dir='ltr'>permissu</span> <span class='ocrx_word' id='word_1_14' title='bbox 616 412 854 454; x_wconf 86' lang='lat' dir='ltr'>assumendi</span> <span class='ocrx_word' id='word_1_15' title='bbox 886 414 1139 466; x_wconf 87' lang='lat' dir='ltr'>potestatem</span> <span class='ocrx_word' id='word_1_16' title='bbox 1184 409 1417 461; x_wconf 81' lang='lat' dir='ltr'>habebant,</span> <span class='ocrx_word' id='word_1_17' title='bbox 1452 417 1603 450; x_wconf 86' lang='lat' dir='ltr'>octaua</span> <span class='ocrx_word' id='word_1_18' title='bbox 1635 411 1811 465; x_wconf 89' lang='lat' dir='ltr'>acquisi-</span> 
     </span>
     <span class='ocr_line' id='line_1_4' title="bbox 378 466 1884 526; baseline -0.004 -11"><span class='ocrx_word' id='word_1_19' title='bbox 378 481 515 515; x_wconf 89' lang='lat' dir='ltr'>torum</span> <span class='ocrx_word' id='word_1_20' title='bbox 546 475 663 526; x_wconf 90' lang='lat' dir='ltr'>parte</span> <span class='ocrx_word' id='word_1_21' title='bbox 688 470 702 523; x_wconf 69' lang='lat' dir='ltr'>ll</span> <span class='ocrx_word' id='word_1_22' title='bbox 724 469 900 510; x_wconf 91' lang='lat' dir='ltr'>naulum</span> <span class='ocrx_word' id='word_1_23' title='bbox 932 467 1083 508; x_wconf 89' lang='lat' dir='ltr'>daturi.</span> <span class='ocrx_word' id='word_1_24' title='bbox 1144 466 1477 521; x_wconf 81' lang='lat' dir='ltr'>Nauigacionem</span> <span class='ocrx_word' id='word_1_25' title='bbox 1509 468 1664 520; x_wconf 88' lang='lat' dir='ltr'>orsuri,</span> <span class='ocrx_word' id='word_1_26' title='bbox 1698 469 1811 523; x_wconf 81' lang='lat' dir='ltr'>apud</span> <span class='ocrx_word' id='word_1_27' title='bbox 1867 478 1884 509; x_wconf 65' lang='grc' dir='ltr'>(ἓ</span> 
     </span>
     <span class='ocr_line' id='line_1_5' title="bbox 377 524 1812 582; baseline -0.004 -10"><span class='ocrx_word' id='word_1_28' title='bbox 377 530 616 572; x_wconf 74' lang='lat' dir='ltr'>sacerdotes</span> <span class='ocrx_word' id='word_1_29' title='bbox 654 526 855 582; x_wconf 73' lang='lat' dir='ltr'>proterite</span> <span class='ocrx_word' id='word_1_30' title='bbox 902 526 986 566; x_wconf 89' lang='lat' dir='ltr'>uite</span> <span class='ocrx_word' id='word_1_31' title='bbox 1027 525 1193 579; x_wconf 86' lang='lat' dir='ltr'>piacula</span> <span class='ocrx_word' id='word_1_32' title='bbox 1240 524 1540 579; x_wconf 75' lang='lat' dir='ltr'>deplorabant,</span> <span class='ocrx_word' id='word_1_33' title='bbox 1583 540 1812 580; x_wconf 90' lang='lat' dir='ltr'>eorumque</span> 
     </span>
     <span class='ocr_line' id='line_1_6' title="bbox 376 582 1810 639; baseline -0.003 -11"><span class='ocrx_word' id='word_1_34' title='bbox 376 588 565 639; x_wconf 78' lang='lat' dir='ltr'>religiosa</span> <span class='ocrx_word' id='word_1_35' title='bbox 600 583 966 625; x_wconf 87' lang='lat' dir='ltr'>animaduersione</span> <span class='ocrx_word' id='word_1_36' title='bbox 998 582 1155 636; x_wconf 87' lang='lat' dir='ltr'>puniti,</span> <span class='ocrx_word' id='word_1_37' title='bbox 1198 582 1371 636; x_wconf 85' lang='lat' dir='ltr'>perinde</span> <span class='ocrx_word' id='word_1_38' title='bbox 1411 596 1458 623; x_wconf 89' lang='lat' dir='ltr'>ac</span> <span class='ocrx_word' id='word_1_39' title='bbox 1491 584 1630 624; x_wconf 88' lang='lat' dir='ltr'>statim</span> <span class='ocrx_word' id='word_1_40' title='bbox 1665 583 1810 625; x_wconf 88' lang='lat' dir='ltr'>deces—</span> 
     </span>
     <span class='ocr_line' id='line_1_7' title="bbox 375 640 1810 696; baseline -0.001 -11"><span class='ocrx_word' id='word_1_41' title='bbox 375 645 472 695; x_wconf 87' lang='lat' dir='ltr'>suri,</span> <span class='ocrx_word' id='word_1_42' title='bbox 507 643 649 683; x_wconf 84' lang='lat' dir='ltr'>diuina</span> <span class='ocrx_word' id='word_1_43' title='bbox 680 641 821 682; x_wconf 88' lang='lat' dir='ltr'>altaris</span> <span class='ocrx_word' id='word_1_44' title='bbox 854 640 1081 680; x_wconf 79' lang='lat' dir='ltr'>libamenta</span> <span class='ocrx_word' id='word_1_45' title='bbox 1113 640 1358 690; x_wconf 82' lang='lat' dir='ltr'>sumebant,</span> <span class='ocrx_word' id='word_1_46' title='bbox 1391 645 1541 680; x_wconf 89' lang='lat' dir='ltr'>cuncta</span> <span class='ocrx_word' id='word_1_47' title='bbox 1572 641 1810 696; x_wconf 87' lang='lat' dir='ltr'>prosperius</span> 
     </span>
     <span class='ocr_line' id='line_1_8' title="bbox 375 697 1808 752; baseline -0.001 -11"><span class='ocrx_word' id='word_1_48' title='bbox 375 715 540 742; x_wconf 86' lang='lat' dir='ltr'>cessura</span> <span class='ocrx_word' id='word_1_49' title='bbox 581 700 683 751; x_wconf 81' lang='lat' dir='ltr'>rati,</span> <span class='ocrx_word' id='word_1_50' title='bbox 725 699 759 739; x_wconf 87' lang='lat' dir='ltr'>si</span> <span class='ocrx_word' id='word_1_51' title='bbox 802 698 881 738; x_wconf 84' lang='lat' dir='ltr'>rite</span> <span class='ocrx_word' id='word_1_52' title='bbox 913 698 1035 737; x_wconf 87' lang='lat' dir='ltr'>deum</span> <span class='ocrx_word' id='word_1_53' title='bbox 1070 702 1169 737; x_wconf 91' lang='lat' dir='ltr'>ante</span> <span class='ocrx_word' id='word_1_54' title='bbox 1204 697 1314 738; x_wconf 87' lang='lat' dir='ltr'>bella</span> <span class='ocrx_word' id='word_1_55' title='bbox 1354 697 1605 752; x_wconf 80' lang='lat' dir='ltr'>placassent.</span> <span class='ocrx_word' id='word_1_56' title='bbox 1669 699 1808 739; x_wconf 85' lang='lat' dir='ltr'>Paruo</span> 
     </span>
     <span class='ocr_line' id='line_1_9' title="bbox 373 754 1809 811; baseline -0.001 -13"><span class='ocrx_word' id='word_1_57' title='bbox 373 759 525 799; x_wconf 83' lang='lat' dir='ltr'>uiatico</span> <span class='ocrx_word' id='word_1_58' title='bbox 560 763 741 811; x_wconf 86' lang='lat' dir='ltr'>sumpto,</span> <span class='ocrx_word' id='word_1_59' title='bbox 775 769 905 795; x_wconf 79' lang='lat' dir='ltr'>onera</span> <span class='ocrx_word' id='word_1_60' title='bbox 939 760 979 796; x_wconf 91' lang='lat' dir='ltr'>et</span> <span class='ocrx_word' id='word_1_61' title='bbox 1010 754 1311 808; x_wconf 88' lang='lat' dir='ltr'>impedimenta</span> <span class='ocrx_word' id='word_1_62' title='bbox 1343 755 1556 808; x_wconf 83' lang='lat' dir='ltr'>uitabant,</span> <span class='ocrx_word' id='word_1_63' title='bbox 1596 760 1809 797; x_wconf 86' lang='lat' dir='ltr'>armatura</span> 
     </span>
     <span class='ocr_line' id='line_1_10' title="bbox 373 812 1807 868; baseline -0.001 -12"><span class='ocrx_word' id='word_1_64' title='bbox 373 830 420 856; x_wconf 85' lang='lat' dir='ltr'>ac</span> <span class='ocrx_word' id='word_1_65' title='bbox 454 816 544 855; x_wconf 87' lang='lat' dir='ltr'>cibo</span> <span class='ocrx_word' id='word_1_66' title='bbox 579 813 822 868; x_wconf 87' lang='lat' dir='ltr'>simpliciter</span> <span class='ocrx_word' id='word_1_67' title='bbox 855 813 1062 862; x_wconf 79' lang='lat' dir='ltr'>contenti,</span> <span class='ocrx_word' id='word_1_68' title='bbox 1095 812 1301 867; x_wconf 85' lang='lat' dir='ltr'>nihilque,</span> <span class='ocrx_word' id='word_1_69' title='bbox 1333 813 1445 867; x_wconf 86' lang='lat' dir='ltr'>quod</span> <span class='ocrx_word' id='word_1_70' title='bbox 1485 814 1807 868; x_wconf 80' lang='lat' dir='ltr'>nauigacionem</span> 
     </span>
     <span class='ocr_line' id='line_1_11' title="bbox 308 870 1807 926; baseline -0.001 -12"><span class='ocrx_word' id='word_1_71' title='bbox 308 888 339 914; x_wconf 86' lang='lat'>10</span> <span class='ocrx_word' id='word_1_72' title='bbox 369 877 613 922; x_wconf 83' lang='lat' dir='ltr'>moraretur,</span> <span class='ocrx_word' id='word_1_73' title='bbox 636 871 833 923; x_wconf 78' lang='lat' dir='ltr'>amplexi.</span> <span class='ocrx_word' id='word_1_74' title='bbox 881 870 1014 910; x_wconf 87' lang='lat' dir='ltr'>Multe</span> <span class='ocrx_word' id='word_1_75' title='bbox 1037 870 1116 910; x_wconf 82' lang='lat' dir='ltr'>illis</span> <span class='ocrx_word' id='word_1_76' title='bbox 1140 871 1280 924; x_wconf 82' lang='lat' dir='ltr'>uigilie</span> <span class='ocrx_word' id='word_1_77' title='bbox 1305 871 1519 925; x_wconf 85' lang='lat' dir='ltr'>multaque</span> <span class='ocrx_word' id='word_1_78' title='bbox 1550 872 1807 926; x_wconf 84' lang='lat' dir='ltr'>parsimonia</span> 
     </span>
     <span class='ocr_line' id='line_1_12' title="bbox 373 927 1807 971; baseline -0.001 0"><span class='ocrx_word' id='word_1_79' title='bbox 373 935 474 971; x_wconf 85' lang='lat' dir='ltr'>crat.</span> <span class='ocrx_word' id='word_1_80' title='bbox 526 929 759 970; x_wconf 83' lang='lat' dir='ltr'>Remorum</span> <span class='ocrx_word' id='word_1_81' title='bbox 793 927 1020 968; x_wconf 84' lang='lat' dir='ltr'>manubriis</span> <span class='ocrx_word' id='word_1_82' title='bbox 1052 927 1307 968; x_wconf 87' lang='lat' dir='ltr'>considendo</span> <span class='ocrx_word' id='word_1_83' title='bbox 1332 929 1463 969; x_wconf 79' lang='lat' dir='ltr'>innixi</span> <span class='ocrx_word' id='word_1_84' title='bbox 1495 943 1689 970; x_wconf 88' lang='lat' dir='ltr'>somnum</span> <span class='ocrx_word' id='word_1_85' title='bbox 1722 944 1807 970; x_wconf 82' lang='lat' dir='ltr'>car-</span> 
     </span>
     <span class='ocr_line' id='line_1_13' title="bbox 371 985 1807 1041; baseline 0 -14"><span class='ocrx_word' id='word_1_86' title='bbox 371 987 538 1041; x_wconf 85' lang='lat' dir='ltr'>pebant.</span> <span class='ocrx_word' id='word_1_87' title='bbox 589 986 772 1033; x_wconf 79' lang='lat' dir='ltr'>Quocies</span> <span class='ocrx_word' id='word_1_88' title='bbox 804 989 977 1039; x_wconf 86' lang='lat' dir='ltr'>propter</span> <span class='ocrx_word' id='word_1_89' title='bbox 999 985 1143 1026; x_wconf 81' lang='lat' dir='ltr'>littora</span> <span class='ocrx_word' id='word_1_90' title='bbox 1175 985 1253 1025; x_wconf 89' lang='lat' dir='ltr'>illis</span> <span class='ocrx_word' id='word_1_91' title='bbox 1276 986 1497 1040; x_wconf 81' lang='lat' dir='ltr'>nauigacio</span> <span class='ocrx_word' id='word_1_92' title='bbox 1523 991 1624 1036; x_wconf 83' lang='lat' dir='ltr'>erat,</span> <span class='ocrx_word' id='word_1_93' title='bbox 1658 987 1807 1028; x_wconf 86' lang='lat' dir='ltr'>eadem</span> 
     </span>
     <span class='ocr_line' id='line_1_14' title="bbox 371 1042 1805 1099; baseline 0 -15"><span class='ocrx_word' id='word_1_94' title='bbox 371 1050 467 1086; x_wconf 86' lang='lat' dir='ltr'>ante</span> <span class='ocrx_word' id='word_1_95' title='bbox 514 1043 843 1099; x_wconf 82' lang='lat' dir='ltr'>speculatoribus</span> <span class='ocrx_word' id='word_1_96' title='bbox 889 1042 1184 1097; x_wconf 86' lang='lat' dir='ltr'>perlustranda</span> <span class='ocrx_word' id='word_1_97' title='bbox 1229 1043 1508 1097; x_wconf 74' lang='lat' dir='ltr'>mandabant,</span> <span class='ocrx_word' id='word_1_98' title='bbox 1552 1045 1805 1099; x_wconf 17' lang='lat' dir='ltr'>nequidvin-</span> 
     </span>
     <span class='ocr_line' id='line_1_15' title="bbox 371 1100 1884 1156; baseline 0.001 -14"><span class='ocrx_word' id='word_1_99' title='bbox 371 1108 627 1156; x_wconf 80' lang='lat' dir='ltr'>compertum</span> <span class='ocrx_word' id='word_1_100' title='bbox 659 1100 767 1142; x_wconf 86' lang='lat' dir='ltr'>forte</span> <span class='ocrx_word' id='word_1_101' title='bbox 798 1100 865 1141; x_wconf 92' lang='lat' dir='ltr'>uel</span> <span class='ocrx_word' id='word_1_102' title='bbox 896 1101 1173 1154; x_wconf 90' lang='lat' dir='ltr'>improuisum</span> <span class='ocrx_word' id='word_1_103' title='bbox 1199 1102 1204 1152; x_wconf 90' lang='grc' dir='ltr'>Ι</span> <span class='ocrx_word' id='word_1_104' title='bbox 1235 1106 1486 1142; x_wconf 83' lang='lat' dir='ltr'>occurreret.</span> <span class='ocrx_word' id='word_1_105' title='bbox 1537 1102 1719 1155; x_wconf 84' lang='lat' dir='ltr'>Insulas,</span> <span class='ocrx_word' id='word_1_106' title='bbox 1752 1102 1802 1142; x_wconf 83' lang='lat' dir='ltr'>ad</span> <span class='ocrx_word' id='word_1_107' title='bbox 1861 1119 1884 1143; x_wconf 67' lang='lat' dir='ltr'>n</span> 
     </span>
     <span class='ocr_line' id='line_1_16' title="bbox 306 1158 1804 1215; baseline 0.001 -16"><span class='ocrx_word' id='word_1_108' title='bbox 306 1174 336 1199; x_wconf 75' lang='lat'>15</span> <span class='ocrx_word' id='word_1_109' title='bbox 369 1173 471 1214; x_wconf 89' lang='lat' dir='ltr'>quas</span> <span class='ocrx_word' id='word_1_110' title='bbox 502 1164 630 1199; x_wconf 89' lang='lat' dir='ltr'>uento</span> <span class='ocrx_word' id='word_1_111' title='bbox 664 1158 923 1208; x_wconf 84' lang='lat' dir='ltr'>afflarentur,</span> <span class='ocrx_word' id='word_1_112' title='bbox 954 1158 1167 1211; x_wconf 80' lang='lat' dir='ltr'>petebant,</span> <span class='ocrx_word' id='word_1_113' title='bbox 1201 1159 1350 1210; x_wconf 83' lang='lat' dir='ltr'>missis,</span> <span class='ocrx_word' id='word_1_114' title='bbox 1382 1161 1452 1214; x_wconf 89' lang='lat' dir='ltr'>qui</span> <span class='ocrx_word' id='word_1_115' title='bbox 1486 1160 1577 1200; x_wconf 84' lang='lat' dir='ltr'>loca</span> <span class='ocrx_word' id='word_1_116' title='bbox 1607 1160 1804 1215; x_wconf 86' lang='lat' dir='ltr'>procellis</span> 
     </span>
     <span class='ocr_line' id='line_1_17' title="bbox 368 1215 1803 1272; baseline 0 -14"><span class='ocrx_word' id='word_1_117' title='bbox 368 1231 517 1258; x_wconf 84' lang='lat' dir='ltr'>auersa</span> <span class='ocrx_word' id='word_1_118' title='bbox 540 1219 847 1270; x_wconf 65' lang='lat' dir='ltr'>percurrerent,</span> <span class='ocrx_word' id='word_1_119' title='bbox 871 1215 980 1270; x_wconf 90' lang='lat' dir='ltr'>quod</span> <span class='ocrx_word' id='word_1_120' title='bbox 1003 1217 1225 1270; x_wconf 70' lang='lat' dir='ltr'>peregrina</span> <span class='ocrx_word' id='word_1_121' title='bbox 1251 1216 1393 1257; x_wconf 85' lang='lat' dir='ltr'>classis</span> <span class='ocrx_word' id='word_1_122' title='bbox 1410 1218 1645 1272; x_wconf 83' lang='lat' dir='ltr'>tranquillis</span> <span class='ocrx_word' id='word_1_123' title='bbox 1668 1218 1803 1259; x_wconf 82' lang='lat' dir='ltr'>soleat</span> 
     </span>
     <span class='ocr_line' id='line_1_18' title="bbox 367 1273 1803 1329; baseline 0.001 -15"><span class='ocrx_word' id='word_1_124' title='bbox 367 1274 573 1329; x_wconf 87' lang='lat' dir='ltr'>portubus</span> <span class='ocrx_word' id='word_1_125' title='bbox 607 1274 819 1315; x_wconf 78' lang='lat' dir='ltr'>delectari.</span> <span class='ocrx_word' id='word_1_126' title='bbox 883 1273 1084 1313; x_wconf 79' lang='lat' dir='ltr'>Crebrum</span> <span class='ocrx_word' id='word_1_127' title='bbox 1120 1274 1177 1314; x_wconf 90' lang='lat' dir='ltr'>eis</span> <span class='ocrx_word' id='word_1_128' title='bbox 1202 1288 1294 1314; x_wconf 89' lang='lat' dir='ltr'>cum</span> <span class='ocrx_word' id='word_1_129' title='bbox 1328 1274 1449 1316; x_wconf 89' lang='lat' dir='ltr'>hoste</span> <span class='ocrx_word' id='word_1_130' title='bbox 1471 1281 1697 1328; x_wconf 88' lang='lat' dir='ltr'>certamen,</span> <span class='ocrx_word' id='word_1_131' title='bbox 1730 1275 1803 1316; x_wconf 89' lang='lat' dir='ltr'>sed</span> 
     </span>
     <span class='ocr_line' id='line_1_19' title="bbox 367 1331 1803 1386; baseline 0.001 -15"><span class='ocrx_word' id='word_1_132' title='bbox 367 1332 521 1386; x_wconf 89' lang='lat' dir='ltr'>ubique</span> <span class='ocrx_word' id='word_1_133' title='bbox 553 1331 685 1372; x_wconf 82' lang='lat' dir='ltr'>facilis</span> <span class='ocrx_word' id='word_1_134' title='bbox 717 1345 766 1372; x_wconf 92' lang='lat' dir='ltr'>ac</span> <span class='ocrx_word' id='word_1_135' title='bbox 796 1344 904 1385; x_wconf 87' lang='lat' dir='ltr'>pene</span> <span class='ocrx_word' id='word_1_136' title='bbox 935 1332 1156 1372; x_wconf 86' lang='lat' dir='ltr'>incruenta</span> <span class='ocrx_word' id='word_1_137' title='bbox 1190 1331 1366 1372; x_wconf 89' lang='lat' dir='ltr'>uictoria</span> <span class='ocrx_word' id='word_1_138' title='bbox 1397 1331 1489 1373; x_wconf 92' lang='lat' dir='ltr'>fuit.</span> <span class='ocrx_word' id='word_1_139' title='bbox 1535 1333 1715 1374; x_wconf 86' lang='lat' dir='ltr'>Predam</span> <span class='ocrx_word' id='word_1_140' title='bbox 1750 1347 1803 1373; x_wconf 78' lang='lat' dir='ltr'>ex</span> 
     </span>
     <span class='ocr_line' id='line_1_20' title="bbox 367 1389 1802 1445; baseline 0 -15"><span class='ocrx_word' id='word_1_141' title='bbox 367 1403 474 1444; x_wconf 85' lang='lat' dir='ltr'>equo</span> <span class='ocrx_word' id='word_1_142' title='bbox 508 1389 827 1444; x_wconf 84' lang='lat' dir='ltr'>parciebantur,</span> <span class='ocrx_word' id='word_1_143' title='bbox 870 1403 948 1429; x_wconf 82' lang='lat' dir='ltr'>nec</span> <span class='ocrx_word' id='word_1_144' title='bbox 990 1389 1122 1429; x_wconf 89' lang='lat' dir='ltr'>maior</span> <span class='ocrx_word' id='word_1_145' title='bbox 1163 1389 1458 1443; x_wconf 84' lang='lat' dir='ltr'>gubernatoris</span> <span class='ocrx_word' id='word_1_146' title='bbox 1492 1391 1633 1445; x_wconf 88' lang='lat' dir='ltr'>porcio</span> <span class='ocrx_word' id='word_1_147' title='bbox 1678 1404 1802 1445; x_wconf 90' lang='lat' dir='ltr'>quam</span> 
     </span>
     <span class='ocr_line' id='line_1_21' title="bbox 296 1446 1802 1503; baseline 0.002 -17"><span class='ocrx_word' id='word_1_148' title='bbox 296 1460 333 1486; x_wconf 82' lang='lat'>20</span> <span class='ocrx_word' id='word_1_149' title='bbox 363 1448 516 1501; x_wconf 87' lang='lat' dir='ltr'>priuati</span> <span class='ocrx_word' id='word_1_150' title='bbox 546 1447 714 1500; x_wconf 79' lang='lat' dir='ltr'>remigis</span> <span class='ocrx_word' id='word_1_151' title='bbox 748 1450 847 1487; x_wconf 86' lang='lat' dir='ltr'>erat.</span> <span class='ocrx_word' id='word_1_152' title='bbox 912 1446 1184 1495; x_wconf 84' lang='lat' dir='ltr'>Christianos,</span> <span class='ocrx_word' id='word_1_153' title='bbox 1218 1461 1344 1501; x_wconf 83' lang='lat' dir='ltr'>quos,</span> <span class='ocrx_word' id='word_1_154' title='bbox 1379 1454 1626 1503; x_wconf 79' lang='lat' dir='ltr'>expugnata</span> <span class='ocrx_word' id='word_1_155' title='bbox 1655 1449 1802 1490; x_wconf 74' lang='lat' dir='ltr'>classe.</span> 
     </span>
     <span class='ocr_line' id='line_1_22' title="bbox 366 1504 1802 1560; baseline 0.001 -16"><span class='ocrx_word' id='word_1_156' title='bbox 366 1506 555 1558; x_wconf 90' lang='lat' dir='ltr'>captiuos</span> <span class='ocrx_word' id='word_1_157' title='bbox 577 1508 833 1559; x_wconf 74' lang='lat' dir='ltr'>repererant,</span> <span class='ocrx_word' id='word_1_158' title='bbox 866 1505 1019 1545; x_wconf 89' lang='lat' dir='ltr'>amictu</span> <span class='ocrx_word' id='word_1_159' title='bbox 1044 1504 1223 1545; x_wconf 86' lang='lat' dir='ltr'>donatos</span> <span class='ocrx_word' id='word_1_160' title='bbox 1246 1505 1298 1545; x_wconf 87' lang='lat' dir='ltr'>ad</span> <span class='ocrx_word' id='word_1_161' title='bbox 1320 1507 1491 1560; x_wconf 89' lang='lat' dir='ltr'>propria</span> <span class='ocrx_word' id='word_1_162' title='bbox 1514 1506 1802 1553; x_wconf 88' lang='lat' dir='ltr'>dimittebant;</span> 
     </span>
     <span class='ocr_line' id='line_1_23' title="bbox 364 1556 1803 1618; baseline 0.001 -16"><span class='ocrx_word' id='word_1_163' title='bbox 364 1567 482 1603; x_wconf 82' lang='lat' dir='ltr'>tanta</span> <span class='ocrx_word' id='word_1_164' title='bbox 515 1562 644 1604; x_wconf 90' lang='lat' dir='ltr'>eisin</span> <span class='ocrx_word' id='word_1_165' title='bbox 689 1556 990 1603; x_wconf 74' lang='lat' dir='ltr'>conterraneos</span> <span class='ocrx_word' id='word_1_166' title='bbox 1032 1563 1269 1603; x_wconf 86' lang='lat' dir='ltr'>humanitas</span> <span class='ocrx_word' id='word_1_167' title='bbox 1313 1569 1412 1604; x_wconf 83' lang='lat' dir='ltr'>erat.</span> <span class='ocrx_word' id='word_1_168' title='bbox 1484 1562 1729 1618; x_wconf 84' lang='lat' dir='ltr'>Octogenas</span> <span class='ocrx_word' id='word_1_169' title='bbox 1762 1568 1803 1604; x_wconf 80' lang='lat' dir='ltr'>et</span> 
     </span>
     <span class='ocr_line' id='line_1_24' title="bbox 364 1620 1800 1676; baseline 0.001 -16"><span class='ocrx_word' id='word_1_170' title='bbox 364 1620 481 1661; x_wconf 83' lang='lat' dir='ltr'>binas</span> <span class='ocrx_word' id='word_1_171' title='bbox 513 1620 707 1674; x_wconf 88' lang='lat' dir='ltr'>piraticas</span> <span class='ocrx_word' id='word_1_172' title='bbox 739 1634 903 1675; x_wconf 86' lang='lat' dir='ltr'>puppes</span> <span class='ocrx_word' id='word_1_173' title='bbox 935 1620 1051 1661; x_wconf 87' lang='lat' dir='ltr'>uarie</span> <span class='ocrx_word' id='word_1_174' title='bbox 1084 1625 1124 1661; x_wconf 90' lang='lat' dir='ltr'>et</span> <span class='ocrx_word' id='word_1_175' title='bbox 1156 1620 1334 1661; x_wconf 87' lang='lat' dir='ltr'>uicissim</span> <span class='ocrx_word' id='word_1_176' title='bbox 1369 1635 1541 1675; x_wconf 87' lang='lat' dir='ltr'>cepere,</span> <span class='ocrx_word' id='word_1_177' title='bbox 1574 1635 1800 1676; x_wconf 87' lang='lat' dir='ltr'>numquam</span> 
     </span>
     <span class='ocr_line' id='line_1_25' title="bbox 362 1677 1798 1732; baseline 0.001 -15"><span class='ocrx_word' id='word_1_178' title='bbox 362 1678 440 1732; x_wconf 91' lang='lat' dir='ltr'>ipsi</span> <span class='ocrx_word' id='word_1_179' title='bbox 473 1678 646 1719; x_wconf 82' lang='lat' dir='ltr'>classem</span> <span class='ocrx_word' id='word_1_180' title='bbox 678 1678 825 1732; x_wconf 81' lang='lat' dir='ltr'>uiginti</span> <span class='ocrx_word' id='word_1_181' title='bbox 873 1677 1038 1719; x_wconf 83' lang='lat' dir='ltr'>duabus</span> <span class='ocrx_word' id='word_1_182' title='bbox 1069 1677 1401 1732; x_wconf 86' lang='lat' dir='ltr'>frequenciorem</span> <span class='ocrx_word' id='word_1_183' title='bbox 1436 1678 1653 1721; x_wconf 84' lang='lat' dir='ltr'>habentes.</span> <span class='ocrx_word' id='word_1_184' title='bbox 1718 1679 1798 1720; x_wconf 81' lang='lat' dir='ltr'>Sti-</span> 
     </span>
     <span class='ocr_line' id='line_1_26' title="bbox 294 1735 1799 1791; baseline 0 -15"><span class='ocrx_word' id='word_1_185' title='bbox 294 1747 329 1773; x_wconf 72' lang='lat'>25</span> <span class='ocrx_word' id='word_1_186' title='bbox 360 1736 526 1790; x_wconf 89' lang='lat' dir='ltr'>pendiis</span> <span class='ocrx_word' id='word_1_187' title='bbox 563 1735 743 1787; x_wconf 86' lang='lat' dir='ltr'>defecti,</span> <span class='ocrx_word' id='word_1_188' title='bbox 785 1736 995 1789; x_wconf 88' lang='lat' dir='ltr'>impensas</span> <span class='ocrx_word' id='word_1_189' title='bbox 1028 1750 1051 1776; x_wconf 89' lang='lat' dir='ltr'>a</span> <span class='ocrx_word' id='word_1_190' title='bbox 1084 1735 1247 1777; x_wconf 85' lang='lat' dir='ltr'>ciuibus</span> <span class='ocrx_word' id='word_1_191' title='bbox 1281 1736 1609 1778; x_wconf 70' lang='lat' dir='ltr'>contrahebant.</span> <span class='ocrx_word' id='word_1_192' title='bbox 1652 1737 1799 1791; x_wconf 89' lang='lat' dir='ltr'>premii</span> 
     </span>
     <span class='ocr_line' id='line_1_27' title="bbox 360 1792 1801 1849; baseline 0.001 -16"><span class='ocrx_word' id='word_1_193' title='bbox 360 1794 451 1834; x_wconf 89' lang='lat' dir='ltr'>loco</span> <span class='ocrx_word' id='word_1_194' title='bbox 486 1793 614 1849; x_wconf 89' lang='lat' dir='ltr'>prede</span> <span class='ocrx_word' id='word_1_195' title='bbox 658 1792 871 1833; x_wconf 89' lang='lat' dir='ltr'>dimidium</span> <span class='ocrx_word' id='word_1_196' title='bbox 917 1794 1164 1848; x_wconf 84' lang='lat' dir='ltr'>recepturis.</span> <span class='ocrx_word' id='word_1_197' title='bbox 1225 1793 1308 1834; x_wconf 87' lang='lat' dir='ltr'>Hic</span> <span class='ocrx_word' id='word_1_198' title='bbox 1339 1795 1512 1848; x_wconf 84' lang='lat' dir='ltr'>piratice</span> <span class='ocrx_word' id='word_1_199' title='bbox 1555 1794 1714 1847; x_wconf 91' lang='lat' dir='ltr'>cultus,</span> <span class='ocrx_word' id='word_1_200' title='bbox 1754 1798 1801 1834; x_wconf 89' lang='lat' dir='ltr'>ut</span> 
     </span>
     <span class='ocr_line' id='line_1_28' title="bbox 361 1851 1799 1906; baseline 0.001 -15"><span class='ocrx_word' id='word_1_201' title='bbox 361 1851 461 1902; x_wconf 78' lang='lat' dir='ltr'>dixi,</span> <span class='ocrx_word' id='word_1_202' title='bbox 493 1851 711 1892; x_wconf 81' lang='lat' dir='ltr'>Roskildie</span> <span class='ocrx_word' id='word_1_203' title='bbox 747 1858 903 1906; x_wconf 84' lang='lat' dir='ltr'>ceptus,</span> <span class='ocrx_word' id='word_1_204' title='bbox 937 1852 988 1892; x_wconf 91' lang='lat' dir='ltr'>ab</span> <span class='ocrx_word' id='word_1_205' title='bbox 1023 1851 1136 1891; x_wconf 90' lang='lat' dir='ltr'>urbis</span> <span class='ocrx_word' id='word_1_206' title='bbox 1168 1852 1326 1905; x_wconf 84' lang='lat' dir='ltr'>gremio</span> <span class='ocrx_word' id='word_1_207' title='bbox 1359 1852 1489 1892; x_wconf 88' lang='lat' dir='ltr'>eciam</span> <span class='ocrx_word' id='word_1_208' title='bbox 1525 1852 1576 1892; x_wconf 85' lang='lat' dir='ltr'>ad</span> <span class='ocrx_word' id='word_1_209' title='bbox 1610 1856 1799 1906; x_wconf 75' lang='lat' dir='ltr'>agrestes</span> 
     </span>
     <span class='ocr_line' id='line_1_29' title="bbox 361 1908 1797 1963; baseline 0.001 -14"><span class='ocrx_word' id='word_1_210' title='bbox 361 1909 560 1962; x_wconf 88' lang='lat' dir='ltr'>manauit,</span> <span class='ocrx_word' id='word_1_211' title='bbox 595 1908 647 1950; x_wconf 85' lang='lat' dir='ltr'>ab</span> <span class='ocrx_word' id='word_1_212' title='bbox 681 1909 791 1949; x_wconf 88' lang='lat' dir='ltr'>omni</span> <span class='ocrx_word' id='word_1_213' title='bbox 825 1908 955 1949; x_wconf 88' lang='lat' dir='ltr'>ferme</span> <span class='ocrx_word' id='word_1_214' title='bbox 979 1908 1190 1949; x_wconf 80' lang='lat' dir='ltr'>Sialandie</span> <span class='ocrx_word' id='word_1_215' title='bbox 1213 1915 1339 1963; x_wconf 43' lang='lat' dir='ltr'>parte,</span> <span class='ocrx_word' id='word_1_216' title='bbox 1357 1910 1539 1950; x_wconf 86' lang='lat' dir='ltr'>subsidia</span> <span class='ocrx_word' id='word_1_217' title='bbox 1570 1914 1797 1951; x_wconf 78' lang='lat' dir='ltr'>mutuatus.</span> 
     </span>
     <span class='ocr_line' id='line_1_30' title="bbox 359 1965 1797 2021; baseline 0.002 -15"><span class='ocrx_word' id='word_1_218' title='bbox 359 1965 590 2008; x_wconf 86' lang='lat' dir='ltr'>Enimuero</span> <span class='ocrx_word' id='word_1_219' title='bbox 630 1971 835 2020; x_wconf 85' lang='lat' dir='ltr'>augustus</span> <span class='ocrx_word' id='word_1_220' title='bbox 878 1967 1058 2021; x_wconf 88' lang='lat' dir='ltr'>primum</span> <span class='ocrx_word' id='word_1_221' title='bbox 1101 1980 1148 2007; x_wconf 88' lang='lat' dir='ltr'>ac</span> <span class='ocrx_word' id='word_1_222' title='bbox 1191 1967 1350 2019; x_wconf 89' lang='lat' dir='ltr'>tenuis,</span> <span class='ocrx_word' id='word_1_223' title='bbox 1395 1981 1544 2020; x_wconf 84' lang='lat' dir='ltr'>magna</span> <span class='ocrx_word' id='word_1_224' title='bbox 1589 1967 1708 2009; x_wconf 90' lang='lat' dir='ltr'>breui</span> <span class='ocrx_word' id='word_1_225' title='bbox 1738 1967 1797 2009; x_wconf 92' lang='lat' dir='ltr'>in-</span> 
     </span>
     <span class='ocr_line' id='line_1_31' title="bbox 291 2024 1794 2081; baseline -0.001 -16"><span class='ocrx_word' id='word_1_226' title='bbox 291 2034 328 2060; x_wconf 75' lang='lat'>30</span> <span class='ocrx_word' id='word_1_227' title='bbox 359 2028 571 2066; x_wconf 88' lang='lat' dir='ltr'>crementa</span> <span class='ocrx_word' id='word_1_228' title='bbox 603 2024 825 2066; x_wconf 72' lang='lat' dir='ltr'>contraxit.</span> <span class='ocrx_word' id='word_1_229' title='bbox 873 2025 955 2065; x_wconf 63' lang='lat' dir='ltr'>Sed</span> <span class='ocrx_word' id='word_1_230' title='bbox 979 2038 1114 2079; x_wconf 84' lang='lat' dir='ltr'>neque</span> <span class='ocrx_word' id='word_1_231' title='bbox 1139 2029 1237 2065; x_wconf 60' lang='lat' dir='ltr'>ant-e</span> <span class='ocrx_word' id='word_1_232' title='bbox 1268 2024 1473 2066; x_wconf 83' lang='lat' dir='ltr'>redditam</span> <span class='ocrx_word' id='word_1_233' title='bbox 1506 2026 1626 2066; x_wconf 88' lang='lat' dir='ltr'>terris</span> <span class='ocrx_word' id='word_1_234' title='bbox 1649 2039 1794 2081; x_wconf 86' lang='lat' dir='ltr'>pacem</span> 
     </span>
     <span class='ocr_line' id='line_1_32' title="bbox 359 2082 1049 2136; baseline 0.001 -14"><span class='ocrx_word' id='word_1_235' title='bbox 359 2082 445 2123; x_wconf 84' lang='lat' dir='ltr'>ulla</span> <span class='ocrx_word' id='word_1_236' title='bbox 477 2097 532 2124; x_wconf 76' lang='lat' dir='ltr'>ex</span> <span class='ocrx_word' id='word_1_237' title='bbox 562 2086 682 2136; x_wconf 88' lang='lat' dir='ltr'>parte</span> <span class='ocrx_word' id='word_1_238' title='bbox 715 2083 926 2123; x_wconf 87' lang='lat' dir='ltr'>remissior</span> <span class='ocrx_word' id='word_1_239' title='bbox 956 2082 1049 2123; x_wconf 86' lang='lat' dir='ltr'>fuit.</span> 
     </span>
    </p>

    <p class='ocr_par' dir='ltr' id='par_1_3' title="bbox 357 2139 1884 2310">
     <span class='ocr_line' id='line_1_33' title="bbox 498 2139 1884 2196; baseline 0.002 -17"><span class='ocrx_word' id='word_1_240' title='bbox 498 2139 664 2181; x_wconf 87' lang='lat' dir='ltr'>Interea</span> <span class='ocrx_word' id='word_1_241' title='bbox 697 2139 894 2181; x_wconf 88' lang='lat' dir='ltr'>Kanutus</span> <span class='ocrx_word' id='word_1_242' title='bbox 927 2139 1100 2181; x_wconf 83' lang='lat' dir='ltr'>Frisiam</span> <span class='ocrx_word' id='word_1_243' title='bbox 1143 2140 1368 2191; x_wconf 88' lang='lat' dir='ltr'>minorem,</span> <span class='ocrx_word' id='word_1_244' title='bbox 1399 2154 1481 2195; x_wconf 87' lang='lat' dir='ltr'>que</span> <span class='ocrx_word' id='word_1_245' title='bbox 1514 2145 1555 2182; x_wconf 91' lang='lat' dir='ltr'>et</span> <span class='ocrx_word' id='word_1_246' title='bbox 1586 2141 1676 2196; x_wconf 86' lang='lat' dir='ltr'>ipsa</span> <span class='ocrx_word' id='word_1_247' title='bbox 1709 2141 1793 2181; x_wconf 86' lang='lat' dir='ltr'>Da·</span> <span class='ocrx_word' id='word_1_248' title='bbox 1815 2144 1884 2172; x_wconf 61' lang='lat' dir='ltr'>CX]</span> 
     </span>
     <span class='ocr_line' id='line_1_34' title="bbox 359 2197 1792 2254; baseline 0.003 -18"><span class='ocrx_word' id='word_1_249' title='bbox 359 2197 545 2238; x_wconf 87' lang='lat' dir='ltr'>nicarum</span> <span class='ocrx_word' id='word_1_250' title='bbox 585 2201 648 2238; x_wconf 85' lang='lat' dir='ltr'>est</span> <span class='ocrx_word' id='word_1_251' title='bbox 690 2198 898 2250; x_wconf 80' lang='lat' dir='ltr'>parcium,</span> <span class='ocrx_word' id='word_1_252' title='bbox 941 2212 1033 2238; x_wconf 90' lang='lat' dir='ltr'>cum</span> <span class='ocrx_word' id='word_1_253' title='bbox 1076 2198 1220 2252; x_wconf 85' lang='lat' dir='ltr'>paucis</span> <span class='ocrx_word' id='word_1_254' title='bbox 1264 2198 1377 2238; x_wconf 81' lang='lat' dir='ltr'>exilii</span> <span class='ocrx_word' id='word_1_255' title='bbox 1422 2198 1644 2239; x_wconf 88' lang='lat' dir='ltr'>comitibus</span> <span class='ocrx_word' id='word_1_256' title='bbox 1675 2199 1792 2254; x_wconf 89' lang='lat' dir='ltr'>petit.</span> 
     </span>
     <span class='ocr_line' id='line_1_35' title="bbox 357 2255 1794 2310; baseline 0.002 -15"><span class='ocrx_word' id='word_1_257' title='bbox 357 2255 490 2295; x_wconf 87' lang='lat' dir='ltr'>Diues</span> <span class='ocrx_word' id='word_1_258' title='bbox 521 2255 610 2310; x_wconf 85' lang='lat' dir='ltr'>agri</span> <span class='ocrx_word' id='word_1_259' title='bbox 637 2255 856 2309; x_wconf 83' lang='lat' dir='ltr'>prouincia</span> <span class='ocrx_word' id='word_1_260' title='bbox 888 2258 961 2305; x_wconf 86' lang='lat' dir='ltr'>est,</span> <span class='ocrx_word' id='word_1_261' title='bbox 993 2255 1215 2310; x_wconf 88' lang='lat' dir='ltr'>pecoribus</span> <span class='ocrx_word' id='word_1_262' title='bbox 1239 2256 1429 2309; x_wconf 88' lang='lat' dir='ltr'>opulens.</span> <span class='ocrx_word' id='word_1_263' title='bbox 1478 2255 1674 2297; x_wconf 86' lang='lat' dir='ltr'>Ceterum</span> <span class='ocrx_word' id='word_1_264' title='bbox 1697 2271 1794 2298; x_wconf 92' lang='lat' dir='ltr'>con-</span> 
     </span>
    </p>

    <p class='ocr_par' dir='ltr' id='par_1_4' title="bbox 289 2312 1794 2598">
     <span class='ocr_line' id='line_1_36' title="bbox 289 2312 1794 2367; baseline 0.004 -18"><span class='ocrx_word' id='word_1_265' title='bbox 289 2321 325 2348; x_wconf 73' lang='lat'>35</span> <span class='ocrx_word' id='word_1_266' title='bbox 356 2312 447 2352; x_wconf 89' lang='lat' dir='ltr'>finis</span> <span class='ocrx_word' id='word_1_267' title='bbox 480 2312 674 2354; x_wconf 87' lang='lat' dir='ltr'>Occeano</span> <span class='ocrx_word' id='word_1_268' title='bbox 706 2318 823 2367; x_wconf 89' lang='lat' dir='ltr'>patet</span> <span class='ocrx_word' id='word_1_269' title='bbox 855 2312 1047 2364; x_wconf 89' lang='lat' dir='ltr'>humilis,</span> <span class='ocrx_word' id='word_1_270' title='bbox 1091 2313 1148 2354; x_wconf 88' lang='lat' dir='ltr'>ita</span> <span class='ocrx_word' id='word_1_271' title='bbox 1193 2317 1238 2354; x_wconf 92' lang='lat' dir='ltr'>ut</span> <span class='ocrx_word' id='word_1_272' title='bbox 1270 2314 1358 2354; x_wconf 87' lang='lat' dir='ltr'>eius</span> <span class='ocrx_word' id='word_1_273' title='bbox 1390 2313 1603 2354; x_wconf 90' lang='lat' dir='ltr'>interdum</span> <span class='ocrx_word' id='word_1_274' title='bbox 1636 2314 1794 2355; x_wconf 89' lang='lat' dir='ltr'>estibus</span> 
     </span>
     <span class='ocr_line' id='line_1_37' title="bbox 359 2370 1791 2426; baseline 0.003 -17"><span class='ocrx_word' id='word_1_275' title='bbox 359 2370 536 2412; x_wconf 86' lang='lat' dir='ltr'>eluatur.</span> <span class='ocrx_word' id='word_1_276' title='bbox 600 2370 680 2417; x_wconf 85' lang='lat' dir='ltr'>Qui</span> <span class='ocrx_word' id='word_1_277' title='bbox 713 2383 764 2410; x_wconf 89' lang='lat' dir='ltr'>ne</span> <span class='ocrx_word' id='word_1_278' title='bbox 795 2370 1041 2424; x_wconf 84' lang='lat' dir='ltr'>irrumpant,</span> <span class='ocrx_word' id='word_1_279' title='bbox 1073 2371 1185 2411; x_wconf 87' lang='lat' dir='ltr'>uallo</span> <span class='ocrx_word' id='word_1_280' title='bbox 1218 2370 1333 2411; x_wconf 85' lang='lat' dir='ltr'>littus</span> <span class='ocrx_word' id='word_1_281' title='bbox 1358 2384 1480 2412; x_wconf 90' lang='lat' dir='ltr'>omne</span> <span class='ocrx_word' id='word_1_282' title='bbox 1510 2372 1791 2426; x_wconf 81' lang='lat' dir='ltr'>precingitur3</span> 
     </span>
     <span class='ocr_line' id='line_1_38' title="bbox 358 2427 1792 2483; baseline 0.003 -17"><span class='ocrx_word' id='word_1_283' title='bbox 358 2427 468 2481; x_wconf 91' lang='lat' dir='ltr'>quod</span> <span class='ocrx_word' id='word_1_284' title='bbox 501 2429 535 2468; x_wconf 80' lang='lat' dir='ltr'>si</span> <span class='ocrx_word' id='word_1_285' title='bbox 566 2428 672 2469; x_wconf 89' lang='lat' dir='ltr'>forte</span> <span class='ocrx_word' id='word_1_286' title='bbox 703 2427 993 2483; x_wconf 84' lang='lat' dir='ltr'>perfregerint,</span> <span class='ocrx_word' id='word_1_287' title='bbox 1025 2429 1229 2468; x_wconf 86' lang='lat' dir='ltr'>inundant</span> <span class='ocrx_word' id='word_1_288' title='bbox 1262 2442 1446 2483; x_wconf 87' lang='lat' dir='ltr'>campos,</span> <span class='ocrx_word' id='word_1_289' title='bbox 1478 2429 1595 2469; x_wconf 82' lang='lat' dir='ltr'>uicos</span> <span class='ocrx_word' id='word_1_290' title='bbox 1627 2435 1670 2470; x_wconf 86' lang='lat' dir='ltr'>et</span> <span class='ocrx_word' id='word_1_291' title='bbox 1700 2434 1792 2470; x_wconf 88' lang='lat' dir='ltr'>sata</span> 
     </span>
     <span class='ocr_line' id='line_1_39' title="bbox 357 2485 1791 2540; baseline 0.003 -17"><span class='ocrx_word' id='word_1_292' title='bbox 357 2485 617 2539; x_wconf 84' lang='lat' dir='ltr'>demergunt.</span> <span class='ocrx_word' id='word_1_293' title='bbox 666 2485 813 2540; x_wconf 89' lang='lat' dir='ltr'>Neque</span> <span class='ocrx_word' id='word_1_294' title='bbox 836 2486 943 2526; x_wconf 89' lang='lat' dir='ltr'>enim</span> <span class='ocrx_word' id='word_1_295' title='bbox 966 2486 1050 2526; x_wconf 87' lang='lat' dir='ltr'>illic</span> <span class='ocrx_word' id='word_1_296' title='bbox 1072 2487 1189 2526; x_wconf 89' lang='lat' dir='ltr'>locus</span> <span class='ocrx_word' id='word_1_297' title='bbox 1221 2491 1371 2527; x_wconf 85' lang='lat' dir='ltr'>natura</span> <span class='ocrx_word' id='word_1_298' title='bbox 1404 2487 1508 2527; x_wconf 89' lang='lat' dir='ltr'>alius</span> <span class='ocrx_word' id='word_1_299' title='bbox 1531 2487 1614 2527; x_wconf 90' lang='lat' dir='ltr'>alio</span> <span class='ocrx_word' id='word_1_300' title='bbox 1639 2487 1791 2528; x_wconf 90' lang='lat' dir='ltr'>edicior</span> 
     </span>
     <span class='ocr_line' id='line_1_40' title="bbox 358 2533 1791 2598; baseline 0.003 -17"><span class='ocrx_word' id='word_1_301' title='bbox 358 2545 509 2584; x_wconf 80' lang='lat' dir='ltr'>exstat.</span> <span class='ocrx_word' id='word_1_302' title='bbox 571 2543 809 2598; x_wconf 87' lang='lat' dir='ltr'>Plerunque</span> <span class='ocrx_word' id='word_1_303' title='bbox 831 2533 965 2597; x_wconf 51' lang='lat' dir='ltr'>Xagros</span> <span class='ocrx_word' id='word_1_304' title='bbox 998 2543 1052 2583; x_wconf 88' lang='lat' dir='ltr'>ab</span> <span class='ocrx_word' id='word_1_305' title='bbox 1082 2544 1165 2585; x_wconf 91' lang='lat' dir='ltr'>imo</span> <span class='ocrx_word' id='word_1_306' title='bbox 1198 2544 1423 2585; x_wconf 86' lang='lat' dir='ltr'>conuulsos</span> <span class='ocrx_word' id='word_1_307' title='bbox 1453 2544 1535 2585; x_wconf 89' lang='lat' dir='ltr'>alio</span> <span class='ocrx_word' id='word_1_308' title='bbox 1568 2545 1649 2585; x_wconf 89' lang='lat' dir='ltr'>loci</span> <span class='ocrx_word' id='word_1_309' title='bbox 1680 2546 1791 2585; x_wconf 86' lang='lat' dir='ltr'>traii-</span> 
     </span>
    </p>

    <p class='ocr_par' dir='ltr' id='par_1_5' title="bbox 288 2598 1791 2657">
     <span class='ocr_line' id='line_1_41' title="bbox 288 2598 1791 2657; baseline 0.003 -19"><span class='ocrx_word' id='word_1_310' title='bbox 288 2610 324 2638; x_wconf 66' lang='lat' dir='ltr'>4o</span> <span class='ocrx_word' id='word_1_311' title='bbox 357 2598 480 2652; x_wconf 74' lang='lat' dir='ltr'>ciunt,</span> <span class='ocrx_word' id='word_1_312' title='bbox 512 2599 649 2641; x_wconf 88' lang='lat' dir='ltr'>locum</span> <span class='ocrx_word' id='word_1_313' title='bbox 683 2614 830 2643; x_wconf 85' lang='lat' dir='ltr'>eorum</span> <span class='ocrx_word' id='word_1_314' title='bbox 853 2598 859 2614; x_wconf 59' lang='lat'><strong>¹</strong></span> <span class='ocrx_word' id='word_1_315' title='bbox 874 2604 1107 2656; x_wconf 87' lang='lat' dir='ltr'>occupante</span> <span class='ocrx_word' id='word_1_316' title='bbox 1138 2601 1306 2648; x_wconf 79' lang='lat' dir='ltr'>lacuna,</span> <span class='ocrx_word' id='word_1_317' title='bbox 1348 2602 1389 2643; x_wconf 90' lang='lat' dir='ltr'>in</span> <span class='ocrx_word' id='word_1_318' title='bbox 1434 2615 1612 2657; x_wconf 85' lang='lat' dir='ltr'>quorum</span> <span class='ocrx_word' id='word_1_319' title='bbox 1645 2616 1791 2643; x_wconf 90' lang='lat' dir='ltr'>conse-</span> 
     </span>
    </p>
   </div>
  </div>
 </body>
</html>
