1884 3126
9 864 47 892 10

11 1154 48 1181 15

6 1443 48 1473 20

623 224 677 231 —
738 199 878 243 XIIII
939 225 989 233 —
1449 203 1532 245 575

80 332 192 374 libus
236 330 445 373 excedere
487 329 628 380 uisus,
660 329 800 371 subito
832 343 878 371 se
913 329 1265 371 circun‘stancium
1305 329 1533 372 luminibus

80 389 269 432 abstulit.
331 388 466 443 Igitur
508 386 708 443 oppidani
750 387 977 428 simulacro
1022 388 1127 428 urbe
1162 388 1373 443 egerendo
1411 387 1531 430 funes

79 448 255 490 iniicere
287 447 399 496 iussi,
435 460 528 486 cum
560 444 601 485 id
633 445 806 499 pristine
841 445 1055 499 religionis
1087 450 1202 487 metu
1237 460 1311 501 per
1342 461 1387 488 se
1421 447 1531 502 ipsos

82 505 256 560 exsequi
288 518 372 546 non
404 503 620 554 auderent,
654 503 834 558 captiuis
858 503 1100 558 exterisque
1132 509 1327 559 questum
1354 504 1395 546 in
1428 504 1533 546 urbe

77 563 337 620 petentibus,
370 566 416 602 ut
447 561 548 602 illud
593 561 813 610 eiicerent,
849 560 1137 615 imperabant,
1172 562 1419 615 ignobilium
1459 562 1533 603 ho-

79 622 242 663 minum
274 620 412 675 capita
445 619 587 660 diuine
619 619 679 660 irc
712 619 978 673 potissimum
1022 620 1274 661 obiectanda
1315 621 1531 662 ducentes.

81 680 250 734 Quippe
295 677 517 719 domestici
555 677 737 718 numinis
782 677 1071 723 maiestatem,
1104 691 1231 732 quam
1270 684 1385 720 tanto
1418 680 1533 720 cultu

78 738 278 793 prosequi
328 738 660 786 consueuerant,
708 748 863 788 graues
908 748 930 775 e
977 736 1158 790 uestigio
1202 750 1336 790 penas
1379 751 1404 778 a
1445 739 1532 778 suis

78 794 359 836 uiolatoribus
403 798 649 834 exacturam
690 793 909 847 putabant.
978 793 1087 833 Tum
1121 808 1224 836 uero
1271 794 1387 836 uarie
1418 795 1532 837 inco-

78 854 217 894 larum
241 851 255 903 {l
282 865 406 893 uoces
432 850 790 904 exaudiebantur,
823 850 914 891 aliis
937 850 1003 892 dei
1037 852 1099 892 sui
1132 851 1307 893 iniurias
1329 853 1530 906 lamento,

81 911 173 952 aliis
206 911 291 952 risu
326 908 702 965 prosequentibus.
763 908 854 950 Nec
887 909 1088 963 dubium,
1121 911 1219 963 quin
1254 911 1402 965 ingens
1435 925 1533 966 pru-

80 969 267 1010 denciori
304 966 612 1022 oppidanorum
645 966 754 1023 parti
787 966 916 1008 rubor
947 967 1182 1021 incesserit,
1219 968 1532 1023 simplicitatem

80 1041 205 1069 suam
239 1033 301 1068 tot
334 1025 453 1066 annis
485 1029 571 1066 tam
604 1024 759 1066 stolido
793 1026 907 1067 cultu
942 1025 1134 1066 delusam
1169 1027 1370 1068 cernenti.
1431 1027 1531 1068 Per-

79 1088 263 1126 tractum
300 1084 341 1124 in
378 1087 516 1124 castra
552 1081 846 1124 simula*crum
880 1084 1139 1125 ammirantis
1181 1085 1394 1126 exercitus
1435 1100 1532 1127 con-

81 1157 230 1184 cursus
264 1142 444 1196 excepit.
507 1139 598 1181 Nec
630 1142 746 1195 prius
788 1141 866 1182 sibi
909 1143 1120 1197 principes
1158 1142 1376 1197 spectandi
1408 1144 1533 1185 licen-

80 1201 188 1242 ciam
232 1199 524 1250 indulserunt,
571 1212 694 1253 quam
737 1199 906 1254 plebem
941 1200 1104 1241 uisendi
1137 1202 1316 1242 sacietas
1349 1200 1532 1255 a[d]mo-

80 1257 295 1311 [n]uisset.
328 1257 556 1312 Reliquum
576 1257 659 1298 diei
678 1258 716 1297 in
737 1258 969 1299 obsidibus.
989 1259 1059 1313 qui
1076 1257 1209 1313 pridie
1226 1267 1531 1312 remanserant,

79 1316 341 1371 accipiendis
384 1315 614 1356 deductum
657 1322 733 1357 est.
808 1314 890 1357 Sed
941 1321 983 1358 et
1029 1315 1165 1357 scribe
1213 1317 1449 1373 principum
1490 1319 1531 1360 in

82 1375 229 1415 urbem
264 1375 516 1426 mittuntur,
562 1373 632 1428 qui
674 1373 932 1423 sacerdotali
972 1374 1204 1416 ministerIO
1249 1374 1394 1417 rudem
1436 1376 1531 1418 reli-

80 1432 217 1486 gionis
262 1433 470 1486 populum
511 1429 758 1473 Christianis
800 1432 928 1473 sacris
970 1432 1307 1487 assuefacerent,
1355 1435 1528 1490 eiusque

81 1490 296 1544 sacrilegis
348 1489 541 1531 sensibus
600 1489 833 1531 sanctitatis
894 1489 1158 1545 disciplinam
1220 1491 1529 1545 ingenerarent.

78 1546 272 1603 Vespera
294 1552 529 1602 appetente
552 1560 711 1600 omnes,
747 1548 818 1603 qui
842 1548 991 1589 culinis
1014 1553 1226 1604 preerant,
1258 1550 1530 1591 simulacrum

79 1609 337 1647 attentatum
378 1604 599 1647 securibus
635 1606 639 1656 Ι
678 1606 717 1645 in
758 1607 913 1660 exigua
959 1606 1093 1647 frusta
1136 1610 1342 1662 aptosque
1385 1608 1527 1650 foculo

80 1663 243 1718 stipites
291 1663 563 1718 redegerunt.
594 1671 599 1674 ”
627 1662 911 1716 Crediderim,
956 1669 1057 1706 tunc
1089 1664 1312 1720 Rugianos
1354 1667 1532 1721 pristine

7 1735 44 1762 25
75 1722 263 1776 piguisse
307 1722 495 1773 culture,
540 1734 631 1762 cum
673 1722 856 1776 patrium
902 1722 1149 1778 auitumque
1192 1738 1372 1771 numen,
1417 1725 1530 1780 (1110(1

9 2026 47 2054 30

12 2314 49 2342 35

30 2602 49 2629 O

77 1781 262 1820 maxima
307 1780 514 1834 religione
559 1778 772 1820 celebrare
805 1780 1028 1835 solebant,
1060 1781 1147 1835 igni
1180 1781 1426 1824 deformiter
1459 1797 1530 1838 ap-

78 1837 278 1892 plicatum
314 1836 626 1892 concoquendis
659 1837 843 1879 hostium
884 1838 1095 1880 alimentis
1138 1840 1335 1881 famulari
1368 1843 1531 1896 conspi-

79 1902 236 1937 cerent.
299 1894 405 1936 Post
448 1895 527 1936 hec
567 1896 701 1936 nostri
732 1897 892 1951 pariter
924 1903 964 1937 et
996 1897 1139 1938 fanum
1181 1898 1456 1940 cremandum
1489 1904 1530 1939 et

79 1952 295 1994 basilicam
330 1953 455 2007 lignis
488 1952 926 1995 machinamentorum
951 1955 1285 1996 exedificandam
1312 1956 1530 2009 curabant,

77 2010 178 2052 belli
229 2011 512 2052 instrumenta
562 2011 678 2066 pacis
730 2011 941 2054 domicilio
993 2018 1298 2068 permutantes.
1378 2014 1530 2070 ltaque

80 2069 192 2123 quod
219 2069 459 2110 obterendis
484 2068 668 2110 hostium
693 2072 940 2126 corporibus
965 2073 1332 2125 excogitauerant,
1364 2073 1530 2113 saluan-

81 2127 145 2167 dis
179 2141 326 2167 eorum
359 2126 576 2181 spiritibus
608 2128 926 2183 impendebant.
976 2128 1078 2171 Dies
1114 2143 1298 2185 quoque,
1332 2145 1414 2185 quo
1438 2131 1530 2172 the-

80 2192 231 2225 saurus
255 2184 510 2225 Suantuitho
544 2191 746 2226 uotorum
778 2187 949 2227 nomine
983 2192 1253 2229 consecratus
1277 2202 1301 2228 a
1322 2188 1530 2243 Rugianis

81 2241 332 2294 traderetur,
366 2242 598 2297 prefigitur.
663 2243 739 2284 His
774 2245 978 2298 expletis,
1010 2245 1216 2299 Absalon,
1252 2245 1417 2287 Granze
1442 2246 1530 2288 Ka-

80 2300 333 2341 rentinensis
365 2298 645 2354 p'romissione
686 2301 863 2343 ducibus
907 2303 1123 2358 exposita,
1159 2304 1405 2358 cunctisque
1438 2305 1527 2346 eius

81 2358 422 2412 experimentum
481 2360 591 2399 sumi
639 2358 795 2400 debere
846 2359 1155 2411 iudicantibus,
1209 2374 1300 2402 cum
1355 2362 1529 2416 triginta

78 2416 261 2469 nauigiis
293 2419 420 2457 noctu
463 2416 680 2470 discessit,
724 2431 824 2472 rege
865 2418 942 2459 sub
975 2420 1153 2475 primam
1196 2419 1330 2460 lucem
1363 2420 1528 2475 insequi

79 2474 256 2515 monito.
328 2472 490 2514 Tantus
535 2480 674 2515 autem
718 2474 964 2517 Karentinis
1005 2477 1268 2517 Arkonensis
1311 2491 1529 2533 expugna-

82 2530 211 2571 cionis
245 2531 398 2572 nuncio
433 2535 571 2572 terror
603 2532 848 2583 incesserat,
880 2539 927 2575 ut
949 2534 1101 2587 locum,
1134 2535 1202 2589 qui
1237 2535 1289 2575 ab
1315 2535 1530 2577 Absalone

81 2593 328 2644 prenotatus
372 2594 487 2644 erat,
529 2595 627 2631 ante
659 2590 869 2646 prefixum
901 2597 1069 2648 tempus
1111 2592 1376 2636 accederent.
1437 2593 1530 2636 Illic

1586 863 1679 899 (326)

1571 1097 1704 1126 CLXX*

1586 1628 1612 1653 p.
1632 1622 1683 1645 sss
