1884 3126
103 903 136 929 10

104 1194 136 1221 15

104 1485 142 1512 ‘20

108 2067 145 2094 30

110 2356 146 2385 35

755 231 1024 273 -II-
1559 237 1612 278 57

166 366 240 420 git,
270 377 452 418 eumque
493 362 655 403 uictum
695 359 806 402 bello
851 361 1095 416 prostrauit.
1156 361 1274 403 Tune
1305 361 1441 404 Roluo
1475 365 1617 418 magni

166 422 372 465 acuminis
423 421 623 462 iuuenem
664 418 987 460 Hiarthwarum
1038 420 1229 473 nomine,
1283 434 1430 462 sorore
1463 421 1617 463 Seulda

167 482 248 524 sibi
288 482 329 522 in
374 478 688 521 matrimonium
730 474 849 531 data,
898 491 1124 532 annuoque
1164 478 1363 532 uectigali
1404 479 1617 534 impositO,

170 540 316 582 Suetie
355 537 595 594 prefectum
638 535 870 587 constituit,
902 535 1110 577 libertatis
1157 537 1361 578 iacturam
1401 537 1618 580 affinitatis

166 597 375 641 beneficio
407 595 629 637 leniturus.

308 653 506 696 Hocloci
524 651 724 708 quiddam
750 655 989 694 memoratu
1011 651 1240 694 iocundum
1264 654 1382 707 operi
1397 654 1618 697 inseratur.

172 713 437 757 Adolescens
481 710 650 767 quidam
684 709 844 765 Wiggo
886 711 1076 763 nomine,
1124 725 1372 765 corpoream
1412 712 1619 754 Roluonis

168 772 506 829 magnitudinem
539 769 758 810 attenciori
806 769 1173 824 contemplacione
1212 774 1434 820 scrutatus,
1477 772 1620 825 ingen-

168 832 286 888 tique
312 829 500 872 eiusdem
524 827 810 870 admiracione
834 832 995 883 captus,
1029 828 1271 883 percontari
1287 842 1362 883 per
1393 828 1620 870 ludibrium

169 890 298 945 cepit,
322 888 515 943 quisnam
537 890 650 928 esset
670 886 749 927 iste
771 884 930 941 Krage,
963 900 1087 940 quem
1106 889 1223 927 tanto
1259 891 1420 928 stature
1451 888 1621 942 fastigio

169 947 349 1004 prodiga
381 959 522 988 rerum
554 948 707 986 natura
741 943 933 998 ditasset,
965 944 1102 985 faceto
1137 944 1422 987 cauillaeionis
1465 960 1621 1000 genere

169 1006 414 1048 inusitatum
458 1003 724 1060 proceritatis
768 1003 962 1044 habitum
1005 1007 1265 1058 prosecutus.
1316 1003 1479 1045 Dicitur
1512 1006 1623 1045 enim

169 1066 314 1120 lingua
336 1063 502 1104 Danica
522 1060 667 1116 Krage
701 1066 888 1112 truncus,
922 1062 1038 1102 cuius
1071 1061 1286 1102 semicesis
1310 1063 1434 1104 ramis
1456 1062 1624 1117 fastigia

170 1121 537 1169 conscenduntur,
578 1120 638 1161 ita
670 1122 716 1160 ut
747 1133 843 1174 pes,
884 1120 1151 1174 precisorum
1190 1120 1379 1174 stipitum
1422 1120 1623 1174 obsequio

168 1179 347 1237 perinde
379 1194 427 1221 ae
460 1178 573 1220 scale
615 1178 819 1220 beneficio
864 1179 991 1220 nixus
1029 1178 1272 1231 sensimque
1312 1178 1365 1220 ad
1407 1180 1626 1234 superiora

168 1242 413 1296 prouectus,
438 1237 568 1293 petite
592 1235 854 1278 celsitudinis
877 1236 1173 1292 compendium
1196 1241 1458 1291 assequatur.
1490 1237 1625 1285 Quem

170 1299 289 1340 uocis
332 1297 489 1338 iactum
528 1294 669 1336 Roluo
712 1295 887 1350 perinde
930 1309 980 1336 ac
1022 1294 1228 1350 inclytum
1271 1296 1349 1336 sibi
1394 1309 1624 1349 cognomen

171 1356 410 1411 amplexus,
450 1353 735 1396 urbanitatem
767 1353 869 1395 dicti
910 1353 1092 1408 ingentis
1133 1353 1294 1394 armille
1337 1353 1449 1394 dono
1486 1368 1626 1409 prose-

173 1415 333 1470 quitur.
398 1412 492 1461 Qua
525 1410 687 1466 Wiggo
730 1411 952 1454 dexteram
999 1412 1210 1452 excultam
1257 1412 1490 1463 extollens,
1531 1413 1627 1454 leua

172 1487 249 1530 per
280 1471 456 1527 pudoris
488 1470 806 1512 simulacionem
839 1475 933 1525 post
973 1474 1140 1524 tergum
1181 1471 1363 1521 reflexa,
1405 1470 1628 1511 ridiculum

173 1531 364 1587 corporis
396 1530 608 1571 incessum
639 1529 822 1585 prebuit,
855 1526 1083 1583 pre³²fatus,
1117 1529 1273 1583 exiguo
1298 1528 1418 1570 letari
1440 1543 1627 1581 munere,

174 1604 300 1647 quem
331 1602 422 1630 sors
455 1586 623 1629 diutine
661 1588 869 1630 tenuisset
913 1586 1068 1641 inopie.
1129 1586 1346 1641 Rogatus,
1390 1601 1462 1628 cur
1494 1588 1552 1628 ita
1584 1602 1629 1628 se

173 1651 360 1704 gereret,
402 1647 574 1701 inopem
616 1645 853 1687 ornamenti
896 1659 1067 1686 manum
1099 1646 1301 1700 nulloque
1333 1645 1468 1687 cultus
1502 1645 1629 1687 beno-

173 1707 268 1748 fieio
310 1705 563 1760 gloriantem
603 1703 656 1745 ad
699 1707 917 1758 aspectum
958 1704 1121 1759 relique
1166 1703 1415 1746 uerecundo
1448 1717 1629 1758 pauper-

105 1779 120 1803 2
173 1765 271 1807 tatis
302 1763 459 1805 rubore
490 1761 692 1818 perfundi
725 1762 907 1805 dicebat.
972 1760 1100 1803 Cuius
1133 1762 1234 1804 dicti
1266 1761 1495 1804 ealliditate
1528 1775 1625 1803 con-

176 1827 428 1866 sentaneum
450 1821 582 1876 priori
604 1835 758 1862 munus
783 1820 977 1862 obtinuit.
1006 1820 1010 1867 1
1040 1820 1258 1875 Siquidem
1281 1821 1422 1862 Roluo
1447 1835 1629 1867 manum,

177 1895 260 1937 que
292 1880 346 1921 ab
376 1880 468 1935 ipso
504 1879 810 1932 occultabatur,
846 1878 1045 1932 exemplo
1079 1880 1241 1935 relique
1273 1880 1313 1921 in
1345 1879 1531 1921 medium
1564 1893 1630 1919 ac-

177 1938 427 1981 cersendam
481 1937 657 1980 curauit.
738 1936 831 1979 Nec
869 1936 1077 1991 VViggoni
1128 1937 1387 1994 rependendi
1440 1936 1631 1979 beneficii

179 2011 280 2039 cura
312 1996 457 2039 defuit.
519 1995 735 2050 Siquidem
772 1995 1006 2037 arctissima
1038 1996 1128 2036 uoti
1161 1995 1480 2051 nuncupacione
1511 1994 1631 2050 polli-

178 2056 283 2097 citus
318 2059 405 2106 est,
446 2053 480 2095 si
510 2053 753 2096 Roluonem
783 2054 896 2096 ferro
928 2053 1067 2108 perire
1102 2056 1388 2109 contingeret,
1423 2054 1630 2096 ulcionem

178 2128 223 2156 se
256 2113 308 2155 ab
341 2113 431 2155 eius
470 2111 809 2154 interfectoribus
842 2116 1104 2154 exacturum.
1166 2113 1257 2155 Nee
1290 2111 1632 2168 pretereundum,

179 2172 293 2228 quod
327 2171 427 2212 olim
458 2170 689 2226 ingressuri
731 2171 889 2212 curiam
933 2184 1133 2225 proceres
1165 2171 1395 2214 famulatus
1427 2171 1491 2213 sui
1525 2170 1633 2224 prin-

181 2230 288 2285 clpia
321 2228 498 2271 alicuius
530 2243 685 2284 magne
717 2229 779 2271 rei
810 2232 912 2271 uoto
931 2229 1191 2284 principibus
1215 2230 1404 2285 obligare
1428 2228 1631 2280 solebant,

180 2289 341 2330 uirtute
373 2287 613 2328 tirocinium
647 2287 929 2343 auspicantes,

225 2389 234 2391 ,
317 2346 491 2388 Interea
517 2345 686 2398 Seulda,
718 2345 940 2387 tributarie
973 2345 1202 2389 solucionis
1234 2347 1394 2403 pudore
1427 2347 1631 2401 permota,

180 2405 280 2447 diris
321 2404 506 2445 animum
551 2403 798 2446 commentis
830 2403 1070 2460 applicans,
1112 2407 1332 2449 maritum,
1374 2403 1633 2459 exprobrata

181 2461 443 2504 condicionis
475 2461 758 2514 deformitate,
791 2461 1081 2516 propulsande
1114 2464 1328 2507 seruitutis
1350 2463 1512 2503 monitu
1536 2474 1632 2501 eon-

182 2522 357 2563 citatum
400 2523 528 2574 atque
569 2518 624 2560 ad
664 2519 836 2562 insidias
877 2519 1064 2565 Roluoni
1105 2521 1335 2565 nectendas
1381 2520 1630 2574 perductum

182 2578 456 2621 atrocissimis
497 2591 706 2619 nouarum
749 2591 887 2619 rerum
929 2579 1114 2622 consiliis
1146 2580 1318 2631 imbuit,
1359 2578 1453 2633 plus
1485 2591 1634 2619 unum-

119 2648 157 2678 40
191 2650 390 2697 quenque
422 2635 606 2680 libertati
639 2649 763 2694 quam
789 2635 1089 2683 necessitudini
1112 2638 1266 2681 debere,
1289 2640 1456 2681 testata.
1498 2635 1636 2690 Igitur

1648 1527 1767 1557 wi»

1661 1829 1688 1853 p.
1708 1822 1740 1845 89
