<?xml version="1.0" encoding="UTF-8"?>
<!DOCTYPE html PUBLIC "-//W3C//DTD XHTML 1.0 Transitional//EN"
    "http://www.w3.org/TR/xhtml1/DTD/xhtml1-transitional.dtd">
<html xmlns="http://www.w3.org/1999/xhtml" xml:lang="en" lang="en">
 <head>
  <title>
</title>
<meta http-equiv="Content-Type" content="text/html;charset=utf-8" />
  <meta name='ocr-system' content='tesseract 3.04.00' />
  <meta name='ocr-capabilities' content='ocr_page ocr_carea ocr_par ocr_line ocrx_word'/>
</head>
<body>
  <div class='ocr_page' id='page_1' title='image "./saxonisgrammatic00saxouoft_0607.png"; bbox 0 0 1884 3126; ppageno 0'>
   <div class='ocr_carea' id='block_1_1' title="bbox 50 917 83 944">
    <p class='ocr_par' dir='ltr' id='par_1_1' title="bbox 50 917 83 944">
     <span class='ocr_line' id='line_1_1' title="bbox 50 917 83 944; baseline -0.091 0"><span class='ocrx_word' id='word_1_1' title='bbox 50 917 83 944; x_wconf 84' lang='lat'>10</span> 
     </span>
    </p>
   </div>
   <div class='ocr_carea' id='block_1_2' title="bbox 51 1206 84 1233">
    <p class='ocr_par' dir='ltr' id='par_1_2' title="bbox 51 1206 84 1233">
     <span class='ocr_line' id='line_1_2' title="bbox 51 1206 84 1233; baseline -0.061 0"><span class='ocrx_word' id='word_1_2' title='bbox 51 1206 84 1233; x_wconf 72' lang='lat'>15</span> 
     </span>
    </p>
   </div>
   <div class='ocr_carea' id='block_1_3' title="bbox 51 1496 87 1523">
    <p class='ocr_par' dir='ltr' id='par_1_3' title="bbox 51 1496 87 1523">
     <span class='ocr_line' id='line_1_3' title="bbox 51 1496 87 1523; baseline -0.056 0"><span class='ocrx_word' id='word_1_3' title='bbox 51 1496 87 1523; x_wconf 79' lang='lat'>‘20</span> 
     </span>
    </p>
   </div>
   <div class='ocr_carea' id='block_1_4' title="bbox 52 2080 88 2107">
    <p class='ocr_par' dir='ltr' id='par_1_4' title="bbox 52 2080 88 2107">
     <span class='ocr_line' id='line_1_4' title="bbox 52 2080 88 2107; baseline 0.028 -1"><span class='ocrx_word' id='word_1_4' title='bbox 52 2080 88 2107; x_wconf 84' lang='lat'>30</span> 
     </span>
    </p>
   </div>
   <div class='ocr_carea' id='block_1_5' title="bbox 54 2369 90 2396">
    <p class='ocr_par' dir='ltr' id='par_1_5' title="bbox 54 2369 90 2396">
     <span class='ocr_line' id='line_1_5' title="bbox 54 2369 90 2396; baseline 0 0"><span class='ocrx_word' id='word_1_5' title='bbox 54 2369 90 2396; x_wconf 85' lang='lat'>35</span> 
     </span>
    </p>
   </div>
   <div class='ocr_carea' id='block_1_6' title="bbox 657 248 1565 308">
    <p class='ocr_par' dir='ltr' id='par_1_6' title="bbox 657 248 1565 308">
     <span class='ocr_line' id='line_1_6' title="bbox 657 248 1565 308; baseline -0.002 -14"><span class='ocrx_word' id='word_1_6' title='bbox 657 276 709 283; x_wconf 78' lang='grc'>-</span> <span class='ocrx_word' id='word_1_7' title='bbox 771 248 908 294; x_wconf 77' lang='lat' dir='ltr'>xlm</span> <span class='ocrx_word' id='word_1_8' title='bbox 973 274 1023 282; x_wconf 70' lang='lat'>-</span> <span class='ocrx_word' id='word_1_9' title='bbox 1264 306 1266 308; x_wconf 7' lang='lat' dir='ltr'>y</span> <span class='ocrx_word' id='word_1_10' title='bbox 1481 249 1565 292; x_wconf 78' lang='lat'>513</span> 
     </span>
    </p>
   </div>
   <div class='ocr_carea' id='block_1_7' title="bbox 113 379 1568 1777">
    <p class='ocr_par' dir='ltr' id='par_1_7' title="bbox 113 379 1568 1777">
     <span class='ocr_line' id='line_1_7' title="bbox 113 379 1563 435; baseline 0.001 -13"><span class='ocrx_word' id='word_1_11' title='bbox 113 379 266 423; x_wconf 86' lang='lat' dir='ltr'>riorem</span> <span class='ocrx_word' id='word_1_12' title='bbox 311 379 575 435; x_wconf 88' lang='lat' dir='ltr'>uelificandi,</span> <span class='ocrx_word' id='word_1_13' title='bbox 621 381 705 423; x_wconf 92' lang='lat' dir='ltr'>hoc</span> <span class='ocrx_word' id='word_1_14' title='bbox 737 379 1017 423; x_wconf 89' lang='lat' dir='ltr'>difficiliorem</span> <span class='ocrx_word' id='word_1_15' title='bbox 1049 379 1216 435; x_wconf 84' lang='lat' dir='ltr'>remigii</span> <span class='ocrx_word' id='word_1_16' title='bbox 1246 393 1371 423; x_wconf 89' lang='lat' dir='ltr'>usum</span> <span class='ocrx_word' id='word_1_17' title='bbox 1403 379 1563 423; x_wconf 86' lang='lat' dir='ltr'>habuit.</span> 
     </span>
     <span class='ocr_line' id='line_1_8' title="bbox 115 439 1563 495; baseline 0 -15"><span class='ocrx_word' id='word_1_18' title='bbox 115 439 267 495; x_wconf 86' lang='lat' dir='ltr'>Itaque</span> <span class='ocrx_word' id='word_1_19' title='bbox 300 439 433 481; x_wconf 89' lang='lat' dir='ltr'>Danis</span> <span class='ocrx_word' id='word_1_20' title='bbox 467 439 649 481; x_wconf 85' lang='lat' dir='ltr'>aduersa</span> <span class='ocrx_word' id='word_1_21' title='bbox 692 453 788 481; x_wconf 91' lang='lat' dir='ltr'>cum</span> <span class='ocrx_word' id='word_1_22' title='bbox 832 439 937 480; x_wconf 88' lang='lat' dir='ltr'>mari</span> <span class='ocrx_word' id='word_1_23' title='bbox 968 439 1249 494; x_wconf 87' lang='lat' dir='ltr'>nauigacione</span> <span class='ocrx_word' id='word_1_24' title='bbox 1290 439 1563 492; x_wconf 80' lang='lat' dir='ltr'>certantibus,</span> 
     </span>
     <span class='ocr_line' id='line_1_9' title="bbox 117 496 1563 553; baseline 0 -15"><span class='ocrx_word' id='word_1_25' title='bbox 117 497 272 550; x_wconf 84' lang='lat' dir='ltr'>Sclaui,</span> <span class='ocrx_word' id='word_1_26' title='bbox 305 511 410 553; x_wconf 90' lang='lat' dir='ltr'>quos</span> <span class='ocrx_word' id='word_1_27' title='bbox 443 499 631 546; x_wconf 87' lang='lat' dir='ltr'>locorum</span> <span class='ocrx_word' id='word_1_28' title='bbox 654 498 824 539; x_wconf 85' lang='lat' dir='ltr'>habitus</span> <span class='ocrx_word' id='word_1_29' title='bbox 857 512 941 539; x_wconf 89' lang='lat' dir='ltr'>non</span> <span class='ocrx_word' id='word_1_30' title='bbox 964 498 1150 548; x_wconf 87' lang='lat' dir='ltr'>fallebat,</span> <span class='ocrx_word' id='word_1_31' title='bbox 1182 497 1375 551; x_wconf 82' lang='lat' dir='ltr'>ignotum</span> <span class='ocrx_word' id='word_1_32' title='bbox 1407 496 1563 539; x_wconf 88' lang='lat' dir='ltr'>nostris</span> 
     </span>
     <span class='ocr_line' id='line_1_10' title="bbox 114 555 1562 611; baseline 0 -15"><span class='ocrx_word' id='word_1_33' title='bbox 114 555 368 611; x_wconf 88' lang='lat' dir='ltr'>profundum</span> <span class='ocrx_word' id='word_1_34' title='bbox 421 555 731 611; x_wconf 87' lang='lat' dir='ltr'>compendiaria</span> <span class='ocrx_word' id='word_1_35' title='bbox 793 556 1074 611; x_wconf 89' lang='lat' dir='ltr'>nauigacione</span> <span class='ocrx_word' id='word_1_36' title='bbox 1125 556 1360 609; x_wconf 79' lang='lat' dir='ltr'>sulcantes,</span> <span class='ocrx_word' id='word_1_37' title='bbox 1423 555 1562 597; x_wconf 88' lang='lat' dir='ltr'>subito</span> 
     </span>
     <span class='ocr_line' id='line_1_11' title="bbox 114 614 1563 669; baseline 0.001 -15"><span class='ocrx_word' id='word_1_38' title='bbox 114 615 256 669; x_wconf 84' lang='lat' dir='ltr'>fugam</span> <span class='ocrx_word' id='word_1_39' title='bbox 305 615 345 655; x_wconf 91' lang='lat' dir='ltr'>in</span> <span class='ocrx_word' id='word_1_40' title='bbox 394 614 567 666; x_wconf 79' lang='lat' dir='ltr'>insidias</span> <span class='ocrx_word' id='word_1_41' title='bbox 611 617 797 656; x_wconf 90' lang='lat' dir='ltr'>uertunt.</span> <span class='ocrx_word' id='word_1_42' title='bbox 871 614 989 662; x_wconf 81' lang='lat' dir='ltr'>Quos</span> <span class='ocrx_word' id='word_1_43' title='bbox 1022 614 1211 656; x_wconf 89' lang='lat' dir='ltr'>Absalon</span> <span class='ocrx_word' id='word_1_44' title='bbox 1255 627 1332 669; x_wconf 90' lang='lat' dir='ltr'>per</span> <span class='ocrx_word' id='word_1_45' title='bbox 1375 614 1563 656; x_wconf 88' lang='lat' dir='ltr'>occultos</span> 
     </span>
     <span class='ocr_line' id='line_1_12' title="bbox 114 672 1566 728; baseline 0 -15"><span class='ocrx_word' id='word_1_46' title='bbox 114 673 255 727; x_wconf 77' lang='lat' dir='ltr'>pelagi</span> <span class='ocrx_word' id='word_1_47' title='bbox 298 686 490 714; x_wconf 82' lang='lat' dir='ltr'>recessus</span> <span class='ocrx_word' id='word_1_48' title='bbox 526 672 719 728; x_wconf 89' lang='lat' dir='ltr'>prosilire</span> <span class='ocrx_word' id='word_1_49' title='bbox 763 672 1049 727; x_wconf 82' lang='lat' dir='ltr'>conspiciens,</span> <span class='ocrx_word' id='word_1_50' title='bbox 1082 673 1208 714; x_wconf 88' lang='lat' dir='ltr'>sociis</span> <span class='ocrx_word' id='word_1_51' title='bbox 1241 678 1357 714; x_wconf 88' lang='lat' dir='ltr'>metu</span> <span class='ocrx_word' id='word_1_52' title='bbox 1390 673 1566 728; x_wconf 87' lang='lat' dir='ltr'>nauiga-</span> 
     </span>
     <span class='ocr_line' id='line_1_13' title="bbox 116 730 1565 786; baseline 0.001 -16"><span class='ocrx_word' id='word_1_53' title='bbox 116 731 278 772; x_wconf 89' lang='lat' dir='ltr'>cionem</span> <span class='ocrx_word' id='word_1_54' title='bbox 301 731 541 783; x_wconf 87' lang='lat' dir='ltr'>citantibus,</span> <span class='ocrx_word' id='word_1_55' title='bbox 565 730 767 786; x_wconf 87' lang='lat' dir='ltr'>subsequi</span> <span class='ocrx_word' id='word_1_56' title='bbox 790 744 919 786; x_wconf 82' lang='lat' dir='ltr'>quam</span> <span class='ocrx_word' id='word_1_57' title='bbox 942 730 1195 773; x_wconf 81' lang='lat' dir='ltr'>antecedere</span> <span class='ocrx_word' id='word_1_58' title='bbox 1222 730 1382 784; x_wconf 91' lang='lat' dir='ltr'>maluit,</span> <span class='ocrx_word' id='word_1_59' title='bbox 1414 731 1565 786; x_wconf 90' lang='lat' dir='ltr'>preuie</span> 
     </span>
     <span class='ocr_line' id='line_1_14' title="bbox 116 788 1566 845; baseline 0.001 -16"><span class='ocrx_word' id='word_1_60' title='bbox 116 788 260 830; x_wconf 88' lang='lat' dir='ltr'>classis</span> <span class='ocrx_word' id='word_1_61' title='bbox 308 795 427 844; x_wconf 83' lang='lat' dir='ltr'>terga</span> <span class='ocrx_word' id='word_1_62' title='bbox 474 789 610 844; x_wconf 89' lang='lat' dir='ltr'>plenis</span> <span class='ocrx_word' id='word_1_63' title='bbox 657 789 827 845; x_wconf 88' lang='lat' dir='ltr'>pietatis</span> <span class='ocrx_word' id='word_1_64' title='bbox 871 789 1064 831; x_wconf 81' lang='lat' dir='ltr'>excubiis</span> <span class='ocrx_word' id='word_1_65' title='bbox 1111 792 1340 831; x_wconf 78' lang='lat' dir='ltr'>tutaturus.</span> <span class='ocrx_word' id='word_1_66' title='bbox 1422 788 1566 830; x_wconf 86' lang='lat' dir='ltr'>Pudet</span> 
     </span>
     <span class='ocr_line' id='line_1_15' title="bbox 115 846 1567 903; baseline 0.001 -16"><span class='ocrx_word' id='word_1_67' title='bbox 115 846 298 901; x_wconf 87' lang='lat' dir='ltr'>referre,</span> <span class='ocrx_word' id='word_1_68' title='bbox 345 847 460 903; x_wconf 91' lang='lat' dir='ltr'>quod</span> <span class='ocrx_word' id='word_1_69' title='bbox 491 847 695 902; x_wconf 89' lang='lat' dir='ltr'>sequitur.</span> <span class='ocrx_word' id='word_1_70' title='bbox 770 847 958 888; x_wconf 85' lang='lat' dir='ltr'>Maxima</span> <span class='ocrx_word' id='word_1_71' title='bbox 1000 846 1220 890; x_wconf 87' lang='lat' dir='ltr'>Danorum</span> <span class='ocrx_word' id='word_1_72' title='bbox 1253 861 1372 902; x_wconf 87' lang='lat' dir='ltr'>pars,</span> <span class='ocrx_word' id='word_1_73' title='bbox 1412 847 1567 889; x_wconf 90' lang='lat' dir='ltr'>rubore</span> 
     </span>
     <span class='ocr_line' id='line_1_16' title="bbox 113 905 1565 961; baseline 0 -15"><span class='ocrx_word' id='word_1_74' title='bbox 113 905 364 960; x_wconf 83' lang='lat' dir='ltr'>posthabito,</span> <span class='ocrx_word' id='word_1_75' title='bbox 398 919 639 961; x_wconf 82' lang='lat' dir='ltr'>quanquam</span> <span class='ocrx_word' id='word_1_76' title='bbox 673 905 819 948; x_wconf 86' lang='lat' dir='ltr'>hostes</span> <span class='ocrx_word' id='word_1_77' title='bbox 842 906 1064 948; x_wconf 88' lang='lat' dir='ltr'>imminere</span> <span class='ocrx_word' id='word_1_78' title='bbox 1093 907 1369 961; x_wconf 79' lang='lat' dir='ltr'>conspiceret,</span> <span class='ocrx_word' id='word_1_79' title='bbox 1394 905 1565 947; x_wconf 88' lang='lat' dir='ltr'>deserto</span> 
     </span>
     <span class='ocr_line' id='line_1_17' title="bbox 116 963 1565 1019; baseline 0.001 -15"><span class='ocrx_word' id='word_1_80' title='bbox 116 977 230 1017; x_wconf 88' lang='lat' dir='ltr'>rege,</span> <span class='ocrx_word' id='word_1_81' title='bbox 263 964 368 1005; x_wconf 89' lang='lat' dir='ltr'>uelis</span> <span class='ocrx_word' id='word_1_82' title='bbox 400 964 531 1005; x_wconf 87' lang='lat' dir='ltr'>malos</span> <span class='ocrx_word' id='word_1_83' title='bbox 573 977 751 1005; x_wconf 87' lang='lat' dir='ltr'>onerare</span> <span class='ocrx_word' id='word_1_84' title='bbox 791 964 1004 1006; x_wconf 87' lang='lat' dir='ltr'>sustinuit.</span> <span class='ocrx_word' id='word_1_85' title='bbox 1066 963 1163 1006; x_wconf 87' lang='lat' dir='ltr'>Rex</span> <span class='ocrx_word' id='word_1_86' title='bbox 1205 978 1301 1005; x_wconf 89' lang='lat' dir='ltr'>cum</span> <span class='ocrx_word' id='word_1_87' title='bbox 1333 964 1478 1019; x_wconf 81' lang='lat' dir='ltr'>paucis</span> <span class='ocrx_word' id='word_1_88' title='bbox 1511 963 1565 1005; x_wconf 90' lang='lat' dir='ltr'>ad</span> 
     </span>
     <span class='ocr_line' id='line_1_18' title="bbox 117 1020 1564 1078; baseline 0.001 -17"><span class='ocrx_word' id='word_1_89' title='bbox 117 1020 286 1063; x_wconf 89' lang='lat' dir='ltr'>modum</span> <span class='ocrx_word' id='word_1_90' title='bbox 320 1022 504 1078; x_wconf 83' lang='lat' dir='ltr'>nauigiis</span> <span class='ocrx_word' id='word_1_91' title='bbox 536 1023 718 1074; x_wconf 89' lang='lat' dir='ltr'>relictus,</span> <span class='ocrx_word' id='word_1_92' title='bbox 752 1022 968 1078; x_wconf 87' lang='lat' dir='ltr'>aliquanto</span> <span class='ocrx_word' id='word_1_93' title='bbox 991 1022 1230 1064; x_wconf 86' lang='lat' dir='ltr'>desertores</span> <span class='ocrx_word' id='word_1_94' title='bbox 1265 1023 1406 1076; x_wconf 83' lang='lat' dir='ltr'>egrius</span> <span class='ocrx_word' id='word_1_95' title='bbox 1438 1035 1564 1077; x_wconf 89' lang='lat' dir='ltr'>quam</span> 
     </span>
     <span class='ocr_line' id='line_1_19' title="bbox 116 1079 1566 1136; baseline 0.001 -17"><span class='ocrx_word' id='word_1_96' title='bbox 116 1079 262 1121; x_wconf 89' lang='lat' dir='ltr'>hostes</span> <span class='ocrx_word' id='word_1_97' title='bbox 296 1079 474 1123; x_wconf 88' lang='lat' dir='ltr'>ferebat.</span> <span class='ocrx_word' id='word_1_98' title='bbox 536 1080 656 1122; x_wconf 87' lang='lat' dir='ltr'>Tunc</span> <span class='ocrx_word' id='word_1_99' title='bbox 689 1080 819 1122; x_wconf 88' lang='lat' dir='ltr'>eciam</span> <span class='ocrx_word' id='word_1_100' title='bbox 853 1080 1041 1133; x_wconf 89' lang='lat' dir='ltr'>militem,</span> <span class='ocrx_word' id='word_1_101' title='bbox 1076 1094 1200 1136; x_wconf 90' lang='lat' dir='ltr'>quem</span> <span class='ocrx_word' id='word_1_102' title='bbox 1233 1080 1360 1136; x_wconf 85' lang='lat' dir='ltr'>paulo</span> <span class='ocrx_word' id='word_1_103' title='bbox 1394 1087 1493 1121; x_wconf 86' lang='lat' dir='ltr'>ante</span> <span class='ocrx_word' id='word_1_104' title='bbox 1525 1081 1566 1121; x_wconf 91' lang='lat' dir='ltr'>in</span> 
     </span>
     <span class='ocr_line' id='line_1_20' title="bbox 118 1138 1567 1195; baseline 0.001 -17"><span class='ocrx_word' id='word_1_105' title='bbox 118 1151 243 1192; x_wconf 86' lang='lat' dir='ltr'>prora</span> <span class='ocrx_word' id='word_1_106' title='bbox 274 1143 484 1180; x_wconf 83' lang='lat' dir='ltr'>astantem</span> <span class='ocrx_word' id='word_1_107' title='bbox 517 1139 787 1195; x_wconf 85' lang='lat' dir='ltr'>probauerat,</span> <span class='ocrx_word' id='word_1_108' title='bbox 822 1138 1076 1180; x_wconf 86' lang='lat' dir='ltr'>breuitatem</span> <span class='ocrx_word' id='word_1_109' title='bbox 1099 1139 1183 1180; x_wconf 90' lang='lat' dir='ltr'>ueli</span> <span class='ocrx_word' id='word_1_110' title='bbox 1216 1139 1293 1192; x_wconf 89' lang='lat' dir='ltr'>sui,</span> <span class='ocrx_word' id='word_1_111' title='bbox 1326 1152 1409 1194; x_wconf 90' lang='lat' dir='ltr'>quo</span> <span class='ocrx_word' id='word_1_112' title='bbox 1432 1138 1567 1180; x_wconf 89' lang='lat' dir='ltr'>maior</span> 
     </span>
     <span class='ocr_line' id='line_1_21' title="bbox 116 1196 1566 1252; baseline 0.001 -16"><span class='ocrx_word' id='word_1_113' title='bbox 116 1196 406 1250; x_wconf 82' lang='lat' dir='ltr'>nauigacionis</span> <span class='ocrx_word' id='word_1_114' title='bbox 439 1211 584 1239; x_wconf 88' lang='lat' dir='ltr'>cursus</span> <span class='ocrx_word' id='word_1_115' title='bbox 618 1197 839 1248; x_wconf 79' lang='lat' dir='ltr'>existeret,</span> <span class='ocrx_word' id='word_1_116' title='bbox 870 1210 1107 1252; x_wconf 86' lang='lat' dir='ltr'>pannorum</span> <span class='ocrx_word' id='word_1_117' title='bbox 1137 1196 1437 1238; x_wconf 84' lang='lat' dir='ltr'>additamentis</span> <span class='ocrx_word' id='word_1_118' title='bbox 1471 1211 1566 1251; x_wconf 90' lang='lat' dir='ltr'>pro-</span> 
     </span>
     <span class='ocr_line' id='line_1_22' title="bbox 117 1253 1567 1309; baseline 0.001 -15"><span class='ocrx_word' id='word_1_119' title='bbox 117 1253 272 1295; x_wconf 88' lang='lat' dir='ltr'>ducere</span> <span class='ocrx_word' id='word_1_120' title='bbox 289 1255 568 1309; x_wconf 85' lang='lat' dir='ltr'>conspicatus,</span> <span class='ocrx_word' id='word_1_121' title='bbox 584 1254 751 1296; x_wconf 91' lang='lat' dir='ltr'>laudem</span> <span class='ocrx_word' id='word_1_122' title='bbox 776 1255 966 1296; x_wconf 90' lang='lat' dir='ltr'>conuicio</span> <span class='ocrx_word' id='word_1_123' title='bbox 987 1255 1181 1309; x_wconf 90' lang='lat' dir='ltr'>mutauit,</span> <span class='ocrx_word' id='word_1_124' title='bbox 1200 1269 1387 1297; x_wconf 85' lang='lat' dir='ltr'>amorem</span> <span class='ocrx_word' id='word_1_125' title='bbox 1411 1254 1567 1296; x_wconf 88' lang='lat' dir='ltr'>timidis</span> 
     </span>
     <span class='ocr_line' id='line_1_23' title="bbox 118 1313 1565 1368; baseline 0.001 -15"><span class='ocrx_word' id='word_1_126' title='bbox 118 1316 339 1367; x_wconf 83' lang='lat' dir='ltr'>erogatum</span> <span class='ocrx_word' id='word_1_127' title='bbox 384 1313 675 1367; x_wconf 89' lang='lat' dir='ltr'>imprudenter</span> <span class='ocrx_word' id='word_1_128' title='bbox 721 1314 959 1368; x_wconf 87' lang='lat' dir='ltr'>impensum</span> <span class='ocrx_word' id='word_1_129' title='bbox 999 1314 1227 1355; x_wconf 86' lang='lat' dir='ltr'>affirmans.</span> <span class='ocrx_word' id='word_1_130' title='bbox 1290 1313 1358 1355; x_wconf 88' lang='lat' dir='ltr'>Ita</span> <span class='ocrx_word' id='word_1_131' title='bbox 1404 1313 1478 1354; x_wconf 91' lang='lat' dir='ltr'>abs</span> <span class='ocrx_word' id='word_1_132' title='bbox 1515 1327 1565 1354; x_wconf 85' lang='lat' dir='ltr'>ue</span> 
     </span>
     <span class='ocr_line' id='line_1_24' title="bbox 118 1327 1565 1427; baseline 0.002 -18"><span class='ocrx_word' id='word_1_133' title='bbox 118 1383 314 1424; x_wconf 86' lang='lat' dir='ltr'>supreme</span> <span class='ocrx_word' id='word_1_134' title='bbox 347 1372 612 1413; x_wconf 75' lang='lat' dir='ltr'>necessitatis</span> <span class='ocrx_word' id='word_1_135' title='bbox 646 1371 883 1413; x_wconf 87' lang='lat' dir='ltr'>discrimine</span> <span class='ocrx_word' id='word_1_136' title='bbox 916 1385 1016 1413; x_wconf 90' lang='lat' dir='ltr'>uere</span> <span class='ocrx_word' id='word_1_137' title='bbox 1049 1386 1097 1413; x_wconf 89' lang='lat' dir='ltr'>ac</span> <span class='ocrx_word' id='word_1_138' title='bbox 1129 1371 1263 1413; x_wconf 89' lang='lat' dir='ltr'>solide</span> <span class='ocrx_word' id='word_1_139' title='bbox 1293 1327 1565 1427; x_wconf 45' lang='lat' dir='ltr'>fortitudiinis</span> 
     </span>
     <span class='ocr_line' id='line_1_25' title="bbox 120 1428 1562 1485; baseline 0.003 -18"><span class='ocrx_word' id='word_1_140' title='bbox 120 1428 309 1469; x_wconf 83' lang='lat' dir='ltr'>habitum</span> <span class='ocrx_word' id='word_1_141' title='bbox 363 1430 585 1484; x_wconf 84' lang='lat' dir='ltr'>explorare</span> <span class='ocrx_word' id='word_1_142' title='bbox 638 1433 883 1485; x_wconf 86' lang='lat' dir='ltr'>promptum</span> <span class='ocrx_word' id='word_1_143' title='bbox 936 1443 1019 1472; x_wconf 90' lang='lat' dir='ltr'>non</span> <span class='ocrx_word' id='word_1_144' title='bbox 1073 1435 1149 1472; x_wconf 89' lang='lat' dir='ltr'>est.</span> <span class='ocrx_word' id='word_1_145' title='bbox 1225 1429 1562 1484; x_wconf 80' lang='lat' dir='ltr'>Enauigancium</span> 
     </span>
     <span class='ocr_line' id='line_1_26' title="bbox 117 1486 1565 1544; baseline 0.001 -18"><span class='ocrx_word' id='word_1_146' title='bbox 117 1486 316 1528; x_wconf 87' lang='lat' dir='ltr'>discessio</span> <span class='ocrx_word' id='word_1_147' title='bbox 350 1500 436 1528; x_wconf 90' lang='lat' dir='ltr'>non</span> <span class='ocrx_word' id='word_1_148' title='bbox 469 1489 666 1539; x_wconf 85' lang='lat' dir='ltr'>clamore,</span> <span class='ocrx_word' id='word_1_149' title='bbox 700 1501 783 1528; x_wconf 90' lang='lat' dir='ltr'>non</span> <span class='ocrx_word' id='word_1_150' title='bbox 817 1489 961 1543; x_wconf 83' lang='lat' dir='ltr'>signis,</span> <span class='ocrx_word' id='word_1_151' title='bbox 996 1487 1180 1544; x_wconf 89' lang='lat' dir='ltr'>denique</span> <span class='ocrx_word' id='word_1_152' title='bbox 1216 1488 1333 1530; x_wconf 93' lang='lat' dir='ltr'>nullo</span> <span class='ocrx_word' id='word_1_153' title='bbox 1368 1489 1565 1530; x_wconf 84' lang='lat' dir='ltr'>exhorta-</span> 
     </span>
     <span class='ocr_line' id='line_1_27' title="bbox 118 1542 1568 1602; baseline 0.003 -18"><span class='ocrx_word' id='word_1_154' title='bbox 118 1542 275 1585; x_wconf 86' lang='lat' dir='ltr'>cionis*</span> <span class='ocrx_word' id='word_1_155' title='bbox 307 1559 466 1600; x_wconf 86' lang='lat' dir='ltr'>genere</span> <span class='ocrx_word' id='word_1_156' title='bbox 496 1546 745 1588; x_wconf 86' lang='lat' dir='ltr'>reuocabilis</span> <span class='ocrx_word' id='word_1_157' title='bbox 776 1546 867 1588; x_wconf 89' lang='lat' dir='ltr'>fuit.</span> <span class='ocrx_word' id='word_1_158' title='bbox 911 1546 1035 1589; x_wconf 88' lang='lat' dir='ltr'>Adeo</span> <span class='ocrx_word' id='word_1_159' title='bbox 1071 1546 1255 1588; x_wconf 89' lang='lat' dir='ltr'>omnium</span> <span class='ocrx_word' id='word_1_160' title='bbox 1289 1560 1411 1588; x_wconf 86' lang='lat' dir='ltr'>aures</span> <span class='ocrx_word' id='word_1_161' title='bbox 1435 1560 1568 1602; x_wconf 90' lang='lat' dir='ltr'>pauor</span> 
     </span>
     <span class='ocr_line' id='line_1_28' title="bbox 119 1603 1567 1660; baseline 0.003 -18"><span class='ocrx_word' id='word_1_162' title='bbox 119 1603 395 1646; x_wconf 87' lang='lat' dir='ltr'>concluserat.</span> <span class='ocrx_word' id='word_1_163' title='bbox 459 1603 653 1660; x_wconf 82' lang='lat' dir='ltr'>Cumque</span> <span class='ocrx_word' id='word_1_164' title='bbox 698 1617 797 1658; x_wconf 82' lang='lat' dir='ltr'>rex,</span> <span class='ocrx_word' id='word_1_165' title='bbox 841 1605 1079 1646; x_wconf 86' lang='lat' dir='ltr'>intermisso</span> <span class='ocrx_word' id='word_1_166' title='bbox 1119 1605 1337 1660; x_wconf 79' lang='lat' dir='ltr'>paulisper</span> <span class='ocrx_word' id='word_1_167' title='bbox 1377 1606 1567 1660; x_wconf 82' lang='lat' dir='ltr'>remigio,</span> 
     </span>
     <span class='ocr_line' id='line_1_29' title="bbox 120 1661 1567 1718; baseline 0.003 -18"><span class='ocrx_word' id='word_1_168' title='bbox 120 1675 143 1700; x_wconf 84' lang='lat' dir='ltr'>a</span> <span class='ocrx_word' id='word_1_169' title='bbox 175 1661 461 1715; x_wconf 86' lang='lat' dir='ltr'>presentibus,</span> <span class='ocrx_word' id='word_1_170' title='bbox 496 1663 595 1718; x_wconf 90' lang='lat' dir='ltr'>quid</span> <span class='ocrx_word' id='word_1_171' title='bbox 618 1662 732 1703; x_wconf 87' lang='lat' dir='ltr'>factu</span> <span class='ocrx_word' id='word_1_172' title='bbox 757 1676 863 1717; x_wconf 89' lang='lat' dir='ltr'>opus</span> <span class='ocrx_word' id='word_1_173' title='bbox 885 1663 1150 1718; x_wconf 88' lang='lat' dir='ltr'>potissimum</span> <span class='ocrx_word' id='word_1_174' title='bbox 1174 1668 1300 1713; x_wconf 85' lang='lat' dir='ltr'>esset,</span> <span class='ocrx_word' id='word_1_175' title='bbox 1321 1663 1567 1718; x_wconf 85' lang='lat' dir='ltr'>inquireret,</span> 
     </span>
     <span class='ocr_line' id='line_1_30' title="bbox 120 1720 1565 1777; baseline 0.003 -19"><span class='ocrx_word' id='word_1_176' title='bbox 120 1720 415 1762; x_wconf 86' lang='lat' dir='ltr'>cunctantibus</span> <span class='ocrx_word' id='word_1_177' title='bbox 459 1721 631 1775; x_wconf 85' lang='lat' dir='ltr'>ceteris,</span> <span class='ocrx_word' id='word_1_178' title='bbox 676 1720 865 1762; x_wconf 87' lang='lat' dir='ltr'>Absalon</span> <span class='ocrx_word' id='word_1_179' title='bbox 907 1722 1087 1762; x_wconf 89' lang='lat' dir='ltr'>insulam</span> <span class='ocrx_word' id='word_1_180' title='bbox 1122 1720 1309 1777; x_wconf 75' lang='lat' dir='ltr'>Hythim·</span> <span class='ocrx_word' id='word_1_181' title='bbox 1340 1721 1565 1777; x_wconf 89' lang='lat' dir='ltr'>petendam</span> 
     </span>
    </p>
   </div>
   <div class='ocr_carea' id='block_1_8' title="bbox 78 1777 1565 1835">
    <p class='ocr_par' dir='ltr' id='par_1_8' title="bbox 78 1777 1565 1835">
     <span class='ocr_line' id='line_1_31' title="bbox 78 1777 1565 1835; baseline 0.003 -19"><span class='ocrx_word' id='word_1_182' title='bbox 78 1777 257 1831; x_wconf 77' lang='lat' dir='ltr'>›ibique</span> <span class='ocrx_word' id='word_1_183' title='bbox 299 1778 610 1820; x_wconf 84' lang='lat' dir='ltr'>secunditatem</span> <span class='ocrx_word' id='word_1_184' title='bbox 653 1779 761 1820; x_wconf 89' lang='lat' dir='ltr'>aeris</span> <span class='ocrx_word' id='word_1_185' title='bbox 804 1779 1113 1835; x_wconf 78' lang='lat' dir='ltr'>expectandam</span> <span class='ocrx_word' id='word_1_186' title='bbox 1158 1780 1365 1822; x_wconf 84' lang='lat' dir='ltr'>hortatur.</span> <span class='ocrx_word' id='word_1_187' title='bbox 1443 1779 1565 1827; x_wconf 81' lang='lat' dir='ltr'>Quod</span> 
     </span>
    </p>
   </div>
   <div class='ocr_carea' id='block_1_9' title="bbox 120 1835 1569 2649">
    <p class='ocr_par' dir='ltr' id='par_1_9' title="bbox 120 1835 1569 2649">
     <span class='ocr_line' id='line_1_32' title="bbox 121 1835 1566 1892; baseline 0.003 -17"><span class='ocrx_word' id='word_1_188' title='bbox 121 1835 277 1876; x_wconf 85' lang='lat' dir='ltr'>Petrus</span> <span class='ocrx_word' id='word_1_189' title='bbox 308 1835 398 1877; x_wconf 65' lang='lat' dir='ltr'>fieri</span> <span class='ocrx_word' id='word_1_190' title='bbox 430 1841 626 1892; x_wconf 87' lang='lat' dir='ltr'>oportere</span> <span class='ocrx_word' id='word_1_191' title='bbox 649 1851 732 1878; x_wconf 87' lang='lat' dir='ltr'>non</span> <span class='ocrx_word' id='word_1_192' title='bbox 757 1837 846 1878; x_wconf 88' lang='lat' dir='ltr'>sine</span> <span class='ocrx_word' id='word_1_193' title='bbox 869 1839 1085 1879; x_wconf 87' lang='lat' dir='ltr'>racionum</span> <span class='ocrx_word' id='word_1_194' title='bbox 1107 1838 1347 1879; x_wconf 89' lang='lat' dir='ltr'>assercione</span> <span class='ocrx_word' id='word_1_195' title='bbox 1369 1838 1566 1892; x_wconf 86' lang='lat' dir='ltr'>negabat,</span> 
     </span>
     <span class='ocr_line' id='line_1_33' title="bbox 120 1893 1568 1951; baseline 0.001 -17"><span class='ocrx_word' id='word_1_196' title='bbox 120 1893 255 1948; x_wconf 92' lang='lat' dir='ltr'>quod,</span> <span class='ocrx_word' id='word_1_197' title='bbox 298 1898 602 1948; x_wconf 87' lang='lat' dir='ltr'>perseuerante</span> <span class='ocrx_word' id='word_1_198' title='bbox 643 1899 922 1950; x_wconf 85' lang='lat' dir='ltr'>tempestate,</span> <span class='ocrx_word' id='word_1_199' title='bbox 964 1909 1042 1937; x_wconf 91' lang='lat' dir='ltr'>nec</span> <span class='ocrx_word' id='word_1_200' title='bbox 1074 1895 1257 1937; x_wconf 89' lang='lat' dir='ltr'>reditum</span> <span class='ocrx_word' id='word_1_201' title='bbox 1290 1909 1368 1937; x_wconf 84' lang='lat' dir='ltr'>nec</span> <span class='ocrx_word' id='word_1_202' title='bbox 1399 1896 1568 1951; x_wconf 90' lang='lat' dir='ltr'>supple-</span> 
     </span>
     <span class='ocr_line' id='line_1_34' title="bbox 120 1953 1567 2006; baseline 0.003 -15"><span class='ocrx_word' id='word_1_203' title='bbox 120 1956 310 1992; x_wconf 89' lang='lat' dir='ltr'>mentum</span> <span class='ocrx_word' id='word_1_204' title='bbox 354 1953 497 1995; x_wconf 87' lang='lat' dir='ltr'>classis</span> <span class='ocrx_word' id='word_1_205' title='bbox 538 1953 722 1995; x_wconf 90' lang='lat' dir='ltr'>habituri</span> <span class='ocrx_word' id='word_1_206' title='bbox 760 1954 1026 2006; x_wconf 86' lang='lat' dir='ltr'>uiderentur,</span> <span class='ocrx_word' id='word_1_207' title='bbox 1068 1954 1233 1996; x_wconf 84' lang='lat' dir='ltr'>Sclauis</span> <span class='ocrx_word' id='word_1_208' title='bbox 1265 1954 1490 1995; x_wconf 84' lang='lat' dir='ltr'>aduersum</span> <span class='ocrx_word' id='word_1_209' title='bbox 1523 1967 1567 1995; x_wconf 90' lang='lat' dir='ltr'>sc</span> 
     </span>
     <span class='ocr_line' id='line_1_35' title="bbox 122 2009 1567 2068; baseline 0.003 -19"><span class='ocrx_word' id='word_1_210' title='bbox 122 2009 335 2050; x_wconf 80' lang='lat' dir='ltr'>cotidiana</span> <span class='ocrx_word' id='word_1_211' title='bbox 367 2012 581 2067; x_wconf 91' lang='lat' dir='ltr'>copiarum</span> <span class='ocrx_word' id='word_1_212' title='bbox 605 2011 864 2054; x_wconf 87' lang='lat' dir='ltr'>incrementa</span> <span class='ocrx_word' id='word_1_213' title='bbox 883 2013 1125 2068; x_wconf 87' lang='lat' dir='ltr'>sumpturis.</span> <span class='ocrx_word' id='word_1_214' title='bbox 1168 2010 1418 2066; x_wconf 57' lang='lat' dir='ltr'>Panssfidenda</span> <span class='ocrx_word' id='word_1_215' title='bbox 1439 2012 1567 2066; x_wconf 83' lang='lat' dir='ltr'>igitur</span> 
     </span>
     <span class='ocr_line' id='line_1_36' title="bbox 120 2067 1569 2126; baseline 0.003 -20"><span class='ocrx_word' id='word_1_216' title='bbox 120 2067 231 2121; x_wconf 79' lang='lat' dir='ltr'>uela,</span> <span class='ocrx_word' id='word_1_217' title='bbox 264 2082 443 2124; x_wconf 88' lang='lat' dir='ltr'>eamque</span> <span class='ocrx_word' id='word_1_218' title='bbox 473 2070 761 2124; x_wconf 86' lang='lat' dir='ltr'>nauigacionis</span> <span class='ocrx_word' id='word_1_219' title='bbox 796 2071 1068 2126; x_wconf 87' lang='lat' dir='ltr'>equalitatem</span> <span class='ocrx_word' id='word_1_220' title='bbox 1102 2071 1339 2112; x_wconf 85' lang='lat' dir='ltr'>habendam</span> <span class='ocrx_word' id='word_1_221' title='bbox 1371 2084 1488 2122; x_wconf 88' lang='lat' dir='ltr'>esse,</span> <span class='ocrx_word' id='word_1_222' title='bbox 1524 2078 1569 2111; x_wconf 90' lang='lat' dir='ltr'>ut</span> 
     </span>
     <span class='ocr_line' id='line_1_37' title="bbox 122 2128 1568 2185; baseline 0.002 -20"><span class='ocrx_word' id='word_1_223' title='bbox 122 2138 252 2166; x_wconf 90' lang='lat' dir='ltr'>naues</span> <span class='ocrx_word' id='word_1_224' title='bbox 290 2128 544 2169; x_wconf 88' lang='lat' dir='ltr'>uolucritate</span> <span class='ocrx_word' id='word_1_225' title='bbox 587 2133 851 2183; x_wconf 86' lang='lat' dir='ltr'>prestantes,</span> <span class='ocrx_word' id='word_1_226' title='bbox 897 2130 1150 2185; x_wconf 89' lang='lat' dir='ltr'>complicata</span> <span class='ocrx_word' id='word_1_227' title='bbox 1195 2129 1390 2170; x_wconf 87' lang='lat' dir='ltr'>uelorum</span> <span class='ocrx_word' id='word_1_228' title='bbox 1434 2132 1568 2183; x_wconf 84' lang='lat' dir='ltr'>parte,</span> 
     </span>
     <span class='ocr_line' id='line_1_38' title="bbox 122 2183 1569 2242; baseline 0.003 -20"><span class='ocrx_word' id='word_1_229' title='bbox 122 2183 328 2225; x_wconf 87' lang='lat' dir='ltr'>tardiores</span> <span class='ocrx_word' id='word_1_230' title='bbox 361 2186 641 2240; x_wconf 80' lang='lat' dir='ltr'>operirentur,</span> <span class='ocrx_word' id='word_1_231' title='bbox 674 2191 727 2239; x_wconf 89' lang='lat' dir='ltr'>et,</span> <span class='ocrx_word' id='word_1_232' title='bbox 761 2201 865 2242; x_wconf 88' lang='lat' dir='ltr'>quas</span> <span class='ocrx_word' id='word_1_233' title='bbox 899 2187 1114 2229; x_wconf 88' lang='lat' dir='ltr'>celeritate</span> <span class='ocrx_word' id='word_1_234' title='bbox 1146 2190 1462 2242; x_wconf 87' lang='lat' dir='ltr'>precurrere11t‚</span> <span class='ocrx_word' id='word_1_235' title='bbox 1503 2199 1569 2227; x_wconf 88' lang='lat' dir='ltr'>so-</span> 
     </span>
     <span class='ocr_line' id='line_1_39' title="bbox 124 2241 1568 2299; baseline 0.002 -18"><span class='ocrx_word' id='word_1_236' title='bbox 124 2241 284 2283; x_wconf 86' lang='lat' dir='ltr'>cietatis</span> <span class='ocrx_word' id='word_1_237' title='bbox 336 2243 427 2286; x_wconf 88' lang='lat' dir='ltr'>iure</span> <span class='ocrx_word' id='word_1_238' title='bbox 469 2244 670 2299; x_wconf 87' lang='lat' dir='ltr'>consequi</span> <span class='ocrx_word' id='word_1_239' title='bbox 713 2244 909 2286; x_wconf 85' lang='lat' dir='ltr'>debeant.</span> <span class='ocrx_word' id='word_1_240' title='bbox 981 2245 1048 2286; x_wconf 88' lang='lat' dir='ltr'>Ita</span> <span class='ocrx_word' id='word_1_241' title='bbox 1090 2250 1292 2287; x_wconf 87' lang='lat' dir='ltr'>strennua</span> <span class='ocrx_word' id='word_1_242' title='bbox 1338 2243 1568 2285; x_wconf 88' lang='lat' dir='ltr'>Absalonis</span> 
     </span>
     <span class='ocr_line' id='line_1_40' title="bbox 124 2298 1569 2358; baseline 0.002 -18"><span class='ocrx_word' id='word_1_243' title='bbox 124 2298 371 2341; x_wconf 87' lang='lat' dir='ltr'>adhortacio</span> <span class='ocrx_word' id='word_1_244' title='bbox 405 2302 560 2344; x_wconf 82' lang='lat' dir='ltr'>eximie</span> <span class='ocrx_word' id='word_1_245' title='bbox 592 2302 711 2343; x_wconf 79' lang='lat' dir='ltr'>Petri</span> <span class='ocrx_word' id='word_1_246' title='bbox 749 2302 979 2358; x_wconf 90' lang='lat' dir='ltr'>prudencie</span> <span class='ocrx_word' id='word_1_247' title='bbox 1019 2304 1158 2345; x_wconf 88' lang='lat' dir='ltr'>cessit.</span> <span class='ocrx_word' id='word_1_248' title='bbox 1219 2302 1410 2357; x_wconf 88' lang='lat' dir='ltr'>Vterque</span> <span class='ocrx_word' id='word_1_249' title='bbox 1442 2302 1569 2356; x_wconf 89' lang='lat' dir='ltr'>siqui-</span> 
     </span>
     <span class='ocr_line' id='line_1_41' title="bbox 124 2356 1568 2415; baseline 0.002 -18"><span class='ocrx_word' id='word_1_250' title='bbox 124 2356 218 2398; x_wconf 89' lang='lat' dir='ltr'>dem</span> <span class='ocrx_word' id='word_1_251' title='bbox 267 2358 387 2399; x_wconf 87' lang='lat' dir='ltr'>annis</span> <span class='ocrx_word' id='word_1_252' title='bbox 432 2360 518 2401; x_wconf 90' lang='lat' dir='ltr'>suis</span> <span class='ocrx_word' id='word_1_253' title='bbox 566 2360 716 2401; x_wconf 89' lang='lat' dir='ltr'>similia</span> <span class='ocrx_word' id='word_1_254' title='bbox 761 2360 987 2415; x_wconf 86' lang='lat' dir='ltr'>cogitabat.</span> <span class='ocrx_word' id='word_1_255' title='bbox 1063 2361 1143 2403; x_wconf 92' lang='lat' dir='ltr'>Ille</span> <span class='ocrx_word' id='word_1_256' title='bbox 1191 2360 1344 2402; x_wconf 89' lang='lat' dir='ltr'>etenim</span> <span class='ocrx_word' id='word_1_257' title='bbox 1391 2360 1568 2402; x_wconf 89' lang='lat' dir='ltr'>iuuenili</span> 
     </span>
     <span class='ocr_line' id='line_1_42' title="bbox 125 2415 1567 2473; baseline 0.003 -17"><span class='ocrx_word' id='word_1_258' title='bbox 125 2415 265 2457; x_wconf 88' lang='lat' dir='ltr'>animo</span> <span class='ocrx_word' id='word_1_259' title='bbox 307 2416 538 2471; x_wconf 83' lang='lat' dir='ltr'>condigna,</span> <span class='ocrx_word' id='word_1_260' title='bbox 585 2416 652 2458; x_wconf 93' lang='lat' dir='ltr'>hic</span> <span class='ocrx_word' id='word_1_261' title='bbox 695 2419 809 2460; x_wconf 86' lang='lat' dir='ltr'>canis</span> <span class='ocrx_word' id='word_1_262' title='bbox 840 2419 925 2460; x_wconf 89' lang='lat' dir='ltr'>suis</span> <span class='ocrx_word' id='word_1_263' title='bbox 958 2424 1245 2461; x_wconf 86' lang='lat' dir='ltr'>consentanea</span> <span class='ocrx_word' id='word_1_264' title='bbox 1286 2418 1567 2473; x_wconf 84' lang='lat' dir='ltr'>proponebat.</span> 
     </span>
     <span class='ocr_line' id='line_1_43' title="bbox 125 2473 1567 2530; baseline 0.001 -16"><span class='ocrx_word' id='word_1_265' title='bbox 125 2473 193 2514; x_wconf 88' lang='lat' dir='ltr'>Ita</span> <span class='ocrx_word' id='word_1_266' title='bbox 224 2479 386 2529; x_wconf 91' lang='lat' dir='ltr'>septem</span> <span class='ocrx_word' id='word_1_267' title='bbox 410 2476 510 2517; x_wconf 90' lang='lat' dir='ltr'>solis</span> <span class='ocrx_word' id='word_1_268' title='bbox 532 2475 711 2530; x_wconf 86' lang='lat' dir='ltr'>nauigiis</span> <span class='ocrx_word' id='word_1_269' title='bbox 745 2491 799 2518; x_wconf 85' lang='lat' dir='ltr'>ex</span> <span class='ocrx_word' id='word_1_270' title='bbox 832 2477 942 2519; x_wconf 91' lang='lat' dir='ltr'>omni</span> <span class='ocrx_word' id='word_1_271' title='bbox 966 2476 1187 2519; x_wconf 89' lang='lat' dir='ltr'>Danorum</span> <span class='ocrx_word' id='word_1_272' title='bbox 1210 2477 1342 2517; x_wconf 88' lang='lat' dir='ltr'>classe</span> <span class='ocrx_word' id='word_1_273' title='bbox 1373 2475 1567 2530; x_wconf 84' lang='lat' dir='ltr'>residuis,</span> 
     </span>
     <span class='ocr_line' id='line_1_44' title="bbox 127 2530 1569 2590; baseline 0.003 -19"><span class='ocrx_word' id='word_1_274' title='bbox 127 2530 284 2586; x_wconf 82' lang='lat' dir='ltr'>Sclaui,</span> <span class='ocrx_word' id='word_1_275' title='bbox 317 2533 585 2574; x_wconf 86' lang='lat' dir='ltr'>multitudine</span> <span class='ocrx_word' id='word_1_276' title='bbox 611 2533 719 2586; x_wconf 87' lang='lat' dir='ltr'>freti,</span> <span class='ocrx_word' id='word_1_277' title='bbox 751 2534 1040 2576; x_wconf 89' lang='lat' dir='ltr'>incitatissimo</span> <span class='ocrx_word' id='word_1_278' title='bbox 1071 2535 1246 2590; x_wconf 82' lang='lat' dir='ltr'>remigio</span> <span class='ocrx_word' id='word_1_279' title='bbox 1277 2533 1569 2589; x_wconf 86' lang='lat' dir='ltr'>acerrimoque</span> 
     </span>
     <span class='ocr_line' id='line_1_45' title="bbox 128 2590 1568 2649; baseline 0.004 -21"><span class='ocrx_word' id='word_1_280' title='bbox 128 2590 312 2631; x_wconf 86' lang='lat' dir='ltr'>clamore</span> <span class='ocrx_word' id='word_1_281' title='bbox 346 2605 439 2632; x_wconf 85' lang='lat' dir='ltr'>curn</span> <span class='ocrx_word' id='word_1_282' title='bbox 461 2595 709 2646; x_wconf 89' lang='lat' dir='ltr'>contemptu</span> <span class='ocrx_word' id='word_1_283' title='bbox 740 2593 965 2647; x_wconf 90' lang='lat' dir='ltr'>paucitatis</span> <span class='ocrx_word' id='word_1_284' title='bbox 996 2594 1247 2649; x_wconf 89' lang='lat' dir='ltr'>irrumpunt.</span> <span class='ocrx_word' id='word_1_285' title='bbox 1292 2590 1376 2633; x_wconf 81' lang='lat' dir='ltr'>Sed</span> <span class='ocrx_word' id='word_1_286' title='bbox 1410 2592 1568 2634; x_wconf 86' lang='lat' dir='ltr'>maiore</span> 
     </span>
    </p>
   </div>
   <div class='ocr_carea' id='block_1_10' title="bbox 56 2646 1569 2707">
    <p class='ocr_par' dir='ltr' id='par_1_10' title="bbox 56 2646 1569 2707">
     <span class='ocr_line' id='line_1_46' title="bbox 56 2646 1569 2707; baseline 0.003 -21"><span class='ocrx_word' id='word_1_287' title='bbox 56 2658 94 2686; x_wconf 87' lang='lat'>40</span> <span class='ocrx_word' id='word_1_288' title='bbox 123 2646 282 2703; x_wconf 88' lang='lat' dir='ltr'>impetu</span> <span class='ocrx_word' id='word_1_289' title='bbox 324 2662 449 2705; x_wconf 86' lang='lat' dir='ltr'>quam</span> <span class='ocrx_word' id='word_1_290' title='bbox 489 2648 669 2691; x_wconf 88' lang='lat' dir='ltr'>audacia</span> <span class='ocrx_word' id='word_1_291' title='bbox 709 2664 796 2691; x_wconf 87' lang='lat' dir='ltr'>rem</span> <span class='ocrx_word' id='word_1_292' title='bbox 845 2652 1180 2707; x_wconf 87' lang='lat' dir='ltr'>exequebantur.</span> <span class='ocrx_word' id='word_1_293' title='bbox 1258 2649 1427 2704; x_wconf 86' lang='lat' dir='ltr'>Quippe</span> <span class='ocrx_word' id='word_1_294' title='bbox 1473 2663 1569 2691; x_wconf 90' lang='lat' dir='ltr'>cum</span> 
     </span>
    </p>
   </div>
   <div class='ocr_carea' id='block_1_11' title="bbox 196 2718 1433 2754">
    <p class='ocr_par' dir='ltr' id='par_1_11' title="bbox 196 2718 1433 2754">
     <span class='ocr_line' id='line_1_47' title="bbox 196 2718 1433 2754; baseline 0.006 -7"><span class='ocrx_word' id='word_1_295' title='bbox 196 2722 275 2748; x_wconf 81' lang='lat' dir='ltr'>Saxo</span> <span class='ocrx_word' id='word_1_296' title='bbox 295 2723 529 2751; x_wconf 68' lang='lat' dir='ltr'>Grammaticus.</span> <span class='ocrx_word' id='word_1_297' title='bbox 1387 2718 1433 2754; x_wconf 81' lang='grc'>33</span> 
     </span>
    </p>
   </div>
   <div class='ocr_carea' id='block_1_12' title="bbox 1623 1380 1720 1414">
    <p class='ocr_par' dir='ltr' id='par_1_12' title="bbox 1623 1380 1720 1414">
     <span class='ocr_line' id='line_1_48' title="bbox 1623 1380 1720 1414; baseline 0 -6"><span class='ocrx_word' id='word_1_298' title='bbox 1623 1390 1648 1414; x_wconf 85' lang='lat' dir='ltr'>p.</span> <span class='ocrx_word' id='word_1_299' title='bbox 1670 1380 1720 1408; x_wconf 73' lang='lat'>751</span> 
     </span>
    </p>
   </div>
   <div class='ocr_carea' id='block_1_13' title="bbox 1615 1557 1722 1585">
    <p class='ocr_par' dir='ltr' id='par_1_13' title="bbox 1615 1557 1722 1585">
     <span class='ocr_line' id='line_1_49' title="bbox 1615 1557 1722 1585; baseline -0.037 0"><span class='ocrx_word' id='word_1_300' title='bbox 1615 1557 1722 1585; x_wconf 59' lang='lat' dir='ltr'>(thila</span> 
     </span>
    </p>
   </div>
   <div class='ocr_carea' id='block_1_14' title="bbox 1621 2021 1715 2055">
    <p class='ocr_par' dir='ltr' id='par_1_14' title="bbox 1621 2021 1715 2055">
     <span class='ocr_line' id='line_1_50' title="bbox 1621 2021 1715 2055; baseline -0.011 -5"><span class='ocrx_word' id='word_1_301' title='bbox 1621 2021 1715 2055; x_wconf 81' lang='lat'>(289)</span> 
     </span>
    </p>
   </div>
  </div>
 </body>
</html>
