1884 3126
66 915 100 942 10

72 1207 102 1233 15

68 1497 104 1524 20

74 2081 110 2108 30

76 2370 113 2398 35

80 2663 116 2692 40

688 274 741 281 —-
804 247 920 291 XIII
981 272 1034 278 --
1505 245 1589 288 429

129 378 217 421 Hic
238 379 365 420 michi
389 392 595 434 pauorem
619 378 771 434 specie,
788 392 942 421 reuera
965 378 1109 421 odium
1135 377 1382 420 exhibuisse
1404 375 1590 426 uidetur,

132 451 414 493 curasseque,
457 452 510 479 ne
551 438 747 492 specioso
792 438 916 478 occisi
955 437 1108 478 funere
1149 437 1297 479 tetrior
1329 434 1590 477 interfectori

128 496 249 538 labes
281 501 558 538 accresceret.
619 495 816 547 Reuersi,
855 497 923 550 qui
958 496 1048 549 regi
1079 495 1436 551 supplicauerant,
1468 494 1592 535 mise-

130 554 311 596 randum
342 555 464 596 amici
499 568 653 610 corpus
678 554 794 595 tenui
818 554 969 596 funere
992 553 1304 609 Ryngstadium
1330 552 1590 595 extulerunt.

130 612 222 654 Nec
274 612 419 653 diuina
469 612 759 655 laborantibus
813 612 1101 654 beneficencia
1157 612 1306 654 defuit.
1371 610 1591 666 Siquidem

130 671 294 718 locum,
325 671 365 711 in
401 685 510 726 quo,
541 667 835 726 paulsantibus
868 670 1050 725 gerulis,
1094 669 1284 711 funebris
1326 671 1414 711 eius
1456 670 1589 710 lectus

133 731 401 781 constiterat,
443 730 666 785 repentino
711 728 837 770 fontis
887 733 981 769 ortu
1015 729 1216 783 signauit.
1278 729 1386 770 Aliis
1420 742 1589 783 quoquc

133 787 422 844 compluribus
454 802 593 829 rerum
625 787 790 828 indiciis
824 788 974 842 ingens
1006 788 1243 828 sanctitatis
1276 788 1365 828 eius
1389 787 1592 844 splendor

133 847 280 888 eluxit.
341 845 563 888 Facinoris
611 845 726 887 fama
758 846 1048 900 promiscuum
1080 846 1217 901 patrie
1252 846 1486 887 lamentum
1519 860 1591 886 ex-

132 905 235 946 ciuit
277 902 591 960 omni<um>que
635 912 812 958 penates
853 904 1060 960 plangore
1093 904 1336 959 compleuit.
1398 904 1592 970 Populus

134 963 270 1016 enim,
313 976 408 1004 cum
438 963 732 1005 calamitosum
765 962 818 1004 de
850 976 955 1004 nece
990 963 1077 1003 eius
1110 963 1309 1004 nuncium
1343 963 1591 1017 accepisset,

134 1022 326 1076 protinus
350 1021 657 1074 conuiuiorum,
682 1035 762 1076 que
788 1035 838 1064 ea
859 1025 1164 1076 tempestate,³
1143 1036 1241 1062 orer(
1248 1021 1417 1075 bantur
1452 1021 1592 1062 hilari-

135 1085 221 1121 tate
253 1080 470 1134 deposita,
510 1094 668 1122 morem
718 1080 894 1134 tempori
930 1080 1168 1134 impensum
1202 1094 1368 1121 merore
1400 1080 1593 1125 mutauit,

135 1140 261 1193 inque
284 1153 334 1180 eo
358 1137 630 1179 lamentando
654 1144 835 1193 uterque
859 1153 988 1180 sexus
1021 1138 1145 1179 unius
1177 1138 1436 1193 gemebundi
1470 1138 1593 1179 amici

134 1211 287 1239 uocem
320 1196 482 1238 habuit.
524 1194 653 1238 Cuius
686 1195 813 1238 funus
846 1196 1016 1251 publico
1050 1197 1169 1237 luctu
1203 1197 1376 1249 elatum,
1410 1202 1593 1252 quantus

136 1255 226 1296 eius
250 1269 367 1296 amor
389 1256 579 1296 omnium
602 1255 752 1296 animis
776 1255 925 1296 insitus
949 1258 1074 1305 esset,
1108 1255 1263 1296 indicio
1289 1255 1382 1296 fuit.
1427 1256 1593 1310 ltaque,

136 1313 255 1354 cuius
289 1314 418 1354 uitam
451 1313 590 1367 patria
621 1313 808 1355 caritatis
841 1313 989 1355 officiis
1022 1314 1293 1363 excoluerat,
1338 1315 1461 1354 morti
1494 1328 1593 1369 quo-

136 1386 218 1427 que
251 1375 383 1412 testes
416 1371 524 1424 grati
566 1371 691 1412 animi
736 1371 973 1427 lachrymas
1021 1372 1250 1427 erogabat,
1296 1378 1340 1413 ut
1371 1372 1593 1413 Kanutum

138 1430 388 1480 eiulatibus,
429 1430 488 1470 ita
529 1433 745 1485 raptorem
792 1430 962 1485 spiritus
996 1431 1086 1472 eius
1119 1430 1391 1471 ualidissimis
1424 1445 1594 1472 execra-

136 1488 327 1529 cionibus
361 1489 567 1529 insecuta.

278 1546 460 1601 Magnus
503 1560 606 1588 uero
655 1547 707 1588 ob
749 1547 878 1602 impie
925 1548 1038 1589 cedis
1086 1553 1287 1589 euentum
1334 1548 1506 1602 profuso
1554 1548 1596 1588 in

138 1604 342 1658 gaudium
364 1606 504 1654 animo
527 1604 811 1660 Roskyldiam
844 1607 1010 1661 repetit,
1043 1620 1318 1660 regnumque,
1351 1607 1470 1660 quasi
1502 1606 1598 1647 sub-

138 1663 224 1704 lato
256 1663 341 1703 iam
374 1663 535 1707 emulo.
564 1665 666 1718 „spei
710 1664 909 1705 firmitate
955 1665 1221 1719 complexus,
1266 1664 1597 1705 erubescendam

139 1720 336 1762 facinoris
378 1721 590 1762 fortunam
633 1722 818 1776 tripudio
863 1724 1059 1778 prosequi
1102 1722 1293 1763 deforme
1335 1737 1417 1763 non
1460 1723 1595 1763 duxit.

71 1810 85 1815 -
140 1778 251 1827 Quin
284 1780 414 1820 eciam
449 1780 719 1821 sanctissimis
752 1780 913 1821 Kanuti
956 1781 1227 1833 uulneribus,
1269 1781 1419 1835 quibus
1451 1781 1598 1835 plenas

140 1838 378 1892 penitencie
410 1837 648 1893 lachrymas
682 1838 909 1888 debuerat,
942 1839 1163 1895 uoluptate
1197 1854 1247 1880 ex
1282 1839 1468 1880 facinore
1501 1853 1598 1880 con-

141 1900 276 1950 cepta,
309 1910 384 1950 per
416 1896 647 1937 ludibrium
681 1897 883 1938 insultare
916 1898 1123 1938 sustinuit.
1165 1897 1230 1938 Ne
1263 1905 1405 1938 autem
1427 1898 1598 1951 sanguis

142 1954 230 1994 celo
272 1960 467 2009 terraque
509 1955 680 2008 egregie
725 1956 860 1996 meriti
908 1957 1145 2011 propagine
1192 1970 1350 1997 uacuus
1395 1957 1596 2005 interiret,

142 2011 342 2053 heredem
390 2013 493 2054 deus
539 2015 727 2054 extincto
778 2014 968 2055 subiecit.
1030 2014 1139 2055 Nam
1187 2020 1337 2055 octaua
1384 2021 1475 2069 post
1522 2014 1598 2055 hec

142 2070 235 2111 luce
281 2070 517 2125 Ingiburga
563 2070 725 2112 Kanuti
778 2078 1029 2127 conceptum
1070 2087 1120 2113 ex
1165 2087 1213 2114 eo
1262 2087 1420 2113 marem
1473 2074 1599 2114 enixa

142 2128 353 2183 proditur3
388 2129 454 2169 cui
476 2133 518 2170 et
543 2130 720 2170 materni
741 2131 810 2170 aui
833 2144 988 2171 nomen
1012 2130 1181 2172 inditur.
1226 2130 1344 2171 Tunc
1361 2131 1598 2186 Haquinus,

143 2199 268 2241 quem
291 2187 487 2241 superius
501 2187 694 2234 ,Sunniua
718 2195 857 2229 ortum
879 2189 1127 2241 significaui,
1160 2203 1339 2243 cumque
1361 2204 1409 2230 eo
1432 2189 1598 2241 Petrus,

145 2248 279 2285 matre
310 2243 482 2285 Botilda
513 2249 658 2297 natus,
701 2250 742 2286 et
773 2246 847 2286 filii
881 2247 1176 2302 Skyalmonis,
1221 2246 1417 2288 facinoris
1449 2247 1596 2288 atroci-

144 2306 276 2343 tatem
323 2303 445 2356 graui
493 2304 760 2358 querelarum
808 2310 1008 2346 contextu
1061 2306 1329 2360 prosequuti
1381 2306 1597 2360 mdiu-nam

144 2360 268 2401 amici
309 2374 456 2401 necem
489 2362 529 2401 in
570 2362 838 2426 popularium
880 2364 1037 2417 ubique
1079 2363 1263 2404 conciliis
1306 2364 1599 2431 deplorabant,

146 2417 404 2459 aduersum
394 2419 696 2472 lniquissimum
722 2422 976 2474 percussmis
999 2428 1139 2462 actum
1162 2422 1312 2477 uulgi'
1304 2436 1408 2462 1ram
1436 2424 1599 2477 erigere

147 2476 368 2530 cupiendo.
432 2476 541 2524 Quin
583 2477 716 2518 eciam
762 2478 947 2519 tunicam
995 2479 1083 2520 eius
1124 2481 1280 2521 crebris
1322 2480 1599 2523 fmaminibus

147 2534 416 2588 absumptam
458 2535 643 2575 omnium
688 2536 816 2576 oculis
849 2537 890 2577 in
922 2538 1119 2579 concione
1147 2538 1449 2579 subiiciebant.
1511 2539 1600 2581 Nec

147 2605 297 2646 parum
321 2592 552 2632 luctuosam
576 2606 721 2634 eorum
743 2595 957 2635 accionem
982 2595 1118 2637 lacere
1142 2597 1269 2637 uestis
1290 2597 1598 2639 irritamentum

147 2649 323 2691 adiuuit.
367 2651 533 2706 Quippe
566 2651 850 2707 compluribus
881 2653 1098 2708 ingentem
1125 2655 1302 2695 ulcionis
1324 2656 1599 2710 cupiditatem

1648 682 1678 707 p.
1697 673 1746 699 641

1616 1556 1794 1586 CXXVHb
