1884 3126
27 903 64 930 10

32 1193 67 1219 15

30 1482 67 1510 20

29 1772 67 1800 25

5 2043 69 2088 '30

33 2349 70 2377 35

660 269 710 275 .-
771 243 855 286 XV
918 270 967 276 -
1448 248 1528 290 653

230 347 253 364 Q

95 375 261 426 tempus
293 370 449 425 degere
480 372 738 414 maluissent.
801 372 869 414 Sic
897 374 972 414 sub
1003 373 1174 415 honoris
1205 375 1340 429 specie
1372 376 1531 429 grauis-

95 430 209 470 simis
240 429 458 470 dedecoris
481 430 642 484 probris
663 431 866 484 implicati
888 431 1118 474 discedunt.
1150 433 1394 474 seruitutem
1416 433 1531 475 falsis

96 486 351 540 dignitatum
371 487 604 541 insignibus
626 488 853 528 coloratam
884 489 925 528 in
948 489 1126 541 patriam
1150 491 1388 531 referentes.
1439 491 1532 532 lllic

97 558 262 600 quoque
304 544 521 599 Syfridus,
563 545 782 599 splendido
825 545 1056 600 Thyringie
1096 547 1185 587 loco
1229 552 1364 598 ortus,
1403 563 1531 589 unam

96 602 360 643 Waldemari
384 602 582 655 filiarum,
614 602 766 643 Cesare
789 604 1055 656 astipulante,
1078 604 1310 658 despondit,
1334 606 1531 660 regiaque

96 674 206 701 naue
238 660 450 706 deuectus,
483 661 674 701 solennes
706 660 880 701 Slesuici
911 662 1081 715 nupcias
1112 661 1270 703 habuit.

234 717 403 761 Interea
427 716 578 762 Sclaui.
611 718 797 769 castello,
827 717 935 772 quod
966 723 1139 772 propter
1161 719 1395 773 Zuynensia
1427 720 1530 761 ostia

97 776 230 816 moliti
252 774 433 825 fuerant,
465 775 655 830 hyberna
676 775 802 816 maris
825 775 1114 816 exundacione
1138 777 1402 831 pessundato,
1437 778 1545 818 bina

97 834 181 875 alia
211 833 361 874 iisdem
391 834 434 873 in
465 833 578 885 locis,
612 834 786 873 materia
819 847 893 886 per
924 833 1117 887 hyemem
1150 839 1383 885 contracta,
1422 836 1532 876 ueris

95 891 300 946 principio
333 890 621 941 condiderunt,
653 888 1002 945 inexpugnabiles
1033 905 1075 931 se
1103 891 1192 932 fore
1223 892 1315 942 rati,
1338 893 1371 932 si
1393 892 1532 933 Penus

97 950 231 990 amnis
266 948 512 1002 Walogosto
547 948 717 1003 oppido,
750 948 893 1002 Zuyna
926 948 1226 989 maritimorum
1259 950 1533 1003 presidiorum

98 1007 319 1048 obstaculis
361 1006 638 1047 clauderetur.
711 1006 829 1053 Quod
878 1019 953 1046 rex
999 1020 1091 1046 sero
1132 1007 1280 1047 nuncio
1321 1012 1531 1061 expertus,

98 1079 191 1106 cum
233 1064 286 1105 ad
333 1063 511 1105 uiridem
559 1068 727 1118 portum
772 1063 1025 1117 impediendi
1073 1065 1210 1117 operis
1252 1065 1392 1116 gracia
1437 1079 1533 1105 con-

98 1123 240 1163 tractis
283 1122 411 1176 copiis
454 1122 708 1176 appulisset,
749 1135 799 1162 ex
834 1120 1038 1175 Rugianis
1079 1121 1315 1174 cognoscit,
1347 1136 1532 1163 consum-

100 1186 234 1222 matas
266 1194 382 1221 arces
412 1179 687 1234 presidiisque
728 1179 968 1233 completas.
1032 1178 1235 1232 l'recipue
1273 1193 1368 1219 eum
1399 1180 1439 1219 in
1471 1180 1533 1220 his

99 1237 395 1292 expugnandis
427 1238 713 1290 circunspecta
736 1243 930 1290 portuum
961 1236 1099 1290 inopia
1130 1236 1352 1290 desperare
1384 1238 1531 1290 coegit.

99 1295 216 1336 Tunc
262 1294 435 1336 Kanuto
482 1294 566 1336 filio
618 1308 709 1334 cum
758 1294 995 1344 Absalone,
1048 1294 1214 1334 Sunone
1257 1299 1298 1334 et
1343 1290 1532 1335 Esberno

97 1353 269 1405 uocatis,
290 1353 432 1405 refert,
455 1352 668 1393 difficilem
699 1353 857 1393 arcium
885 1352 1248 1406 oppugnacionem
1279 1351 1356 1392 sibi
1387 1352 1532 1404 uisam,

99 1411 245 1452 alienis
276 1425 347 1452 eas
378 1410 572 1466 auspiciis
605 1424 729 1464 quam
762 1409 937 1465 propriis
967 1409 1170 1449 incessere
1191 1409 1445 1463 preoptanti,
1467 1423 1533 1461 ne,

99 1469 246 1510 studiis
276 1483 427 1524 parum
459 1482 514 1509 ex
545 1468 757 1509 sentencia
797 1467 1059 1518 cedentibus,
1101 1481 1240 1507 rerum
1281 1467 1405 1507 tocies
1436 1481 1460 1507 a
1491 1480 1533 1507 se

99 1526 278 1568 feliciter
319 1531 533 1581 gestarum
580 1525 724 1579 fulgor
769 1529 1114 1579 corrumperetur.
1185 1524 1320 1577 Igitur
1365 1523 1533 1565 Kanuto

99 1589 225 1639 atque
252 1585 257 1636 1
285 1583 491 1630 Absaloni
533 1583 861 1637 oppugnacionis
906 1596 1047 1622 curam
1095 1582 1289 1636 imponit,
1337 1581 1531 1635 prefatus,

99 1642 235 1685 minus
273 1642 435 1684 ruboris
477 1655 531 1682 ex
570 1641 775 1682 inefficaci
815 1641 981 1682 illorum
1014 1653 1178 1693 pugna,
1219 1653 1343 1693 quam
1374 1653 1448 1679 sua
1479 1639 1531 1679 ad

98 1700 279 1755 patriam
310 1699 667 1751 redundaturum3
699 1698 733 1739 si
754 1698 980 1743 uincerent,
1014 1712 1094 1738 non
1116 1697 1263 1737 minori
1290 1697 1366 1737 sibi
1395 1696 1530 1750 glorie

98 1757 202 1810 fore,
234 1772 359 1813 quam
391 1758 425 1799 si
456 1758 633 1811 ipsemet
663 1756 881 1796 uictoriam
913 1755 1121 1796 edidisset.
1183 1753 1288 1795 Sed*
1328 1754 1529 1807 Absalon,

101 1814 331 1857 Scanorum
362 1820 488 1870 atque
510 1814 847 1856 Sialandensium
879 1813 1048 1853 ductum
1079 1812 1297 1866 pollicitus,
1318 1811 1433 1852 Iutos
1458 1825 1533 1852 sua

100 1887 226 1928 opera
273 1873 504 1915 ductandos
544 1872 751 1926 negabat,
794 1885 898 1926 quos
943 1885 1025 1911 non
1071 1870 1202 1910 solum
1248 1869 1408 1922 imperii
1456 1868 1532 1921 sui,

99 1945 247 1972 uerum
270 1932 402 1973 eciam
423 1930 706 1972 adolescencie
730 1928 889 1969 Kanuti
920 1932 1203 1981 contemptum
1226 1932 1388 1967 acturos
1418 1927 1531 1967 sciat.

99 1988 190 2030 Nec
229 2003 325 2030 eum
365 1988 639 2043 prediccionis
680 1986 903 2041 augurium
946 1985 1109 2026 fefellit.
1170 1985 1392 2025 Permotus
1423 1983 1531 2024 dicto

99 2060 190 2101 reX,
222 2047 391 2096 iturum,
423 2047 520 2087 licet
552 2045 796 2092 inualidum,
829 2043 1053 2098 respondit.
1099 2042 1176 2083 His
1199 2043 1305 2083 curis
1326 2042 1530 2092 astrictus,

102 2105 249 2146 morbo
281 2119 334 2146 ex
365 2103 647 2146 sollicitudine
678 2106 902 2153 contracto,
933 2101 975 2141 in
1005 2101 1161 2141 lectum
1182 2099 1346 2140 decidit.
1389 2098 1532 2139 Enim-

100 2176 203 2204 uero
235 2162 459 2217 precordia
469 2162 566 2209 ,eius
588 2160 758 2202 diuidue
779 2159 1007 2214 passiones,
1039 2158 1134 2198 hinc
1155 2156 1347 2198 uincendi
1368 2155 1530 2209 cupido,

101 2220 197 2262 hinc
228 2220 492 2276 desperacio‚
524 2222 746 2260 torserunt.
805 2216 1000 2258 Iuliorum
1032 2215 1203 2256 ducibus
1236 2228 1343 2265 eum,
1377 2218 1423 2254 ut
1453 2213 1531 2254 sibi

102 2283 306 2332 parceret,
347 2277 584 2325 orantibus,
616 2275 930 2330 impellriumque
973 2274 1059 2315 eius
1099 2273 1230 2314 eciam
1270 2271 1451 2312 absentis
1488 2283 1530 2310 se

101 2341 350 2378 executuros
391 2334 716 2391 spondentibus,
755 2334 826 2373 uix
859 2336 985 2386 atque
1017 2344 1115 2385 egre
1146 2329 1373 2375 consensit,
1404 2332 1449 2368 ut
1481 2327 1533 2367 ad

102 2393 303 2449 oppidum
343 2393 686 2448 VVorthyngum,
731 2391 818 2431 filio
851 2389 1119 2444 pontificique
1162 2386 1394 2427 contradita
1434 2385 1533 2426 belli

101 2465 286 2500 summa,
339 2450 585 2493 discederet.
662 2448 821 2496 Quibus
867 2446 1014 2488 eodem
1064 2447 1105 2486 in
1149 2444 1238 2485 loco
1283 2442 1442 2483 diutina
1486 2455 1534 2483 ac

102 2509 345 2550 uehementi
375 2511 628 2562 tempestate
650 2505 841 2556 detentis,
873 2504 1068 2545 sediciose
1090 2502 1279 2553 lutorum
1305 2513 1426 2541 uoces
1447 2503 1533 2540 toto

103 2567 243 2608 littore
286 2566 644 2618 exaudiebantur,
684 2567 774 2604 tum
814 2565 1122 2603 commeatuum
1161 2559 1534 2611 alimentorumque

35 2637 72 2668 40
103 2624 315 2666 defectum
340 2624 618 2675 causancium,
642 2626 731 2662 tum
752 2619 1034 2674 expedicionis
1067 2617 1299 2671 milicieque
1330 2614 1534 2656 remissio·

1587 1598 1614 1622 p.
1635 1588 1685 1616 954

1559 1762 1710 1791 CXCIII¹¹

1585 2278 1676 2314 (372)
