1884 3126
655 239 705 245 —
765 215 907 257 XIIII
966 239 1019 245 —-
1481 216 1559 258 541

111 341 291 398 primum
335 341 495 383 amicus
536 338 672 397 regis,
712 355 817 383 mox
860 342 983 384 miles
1030 342 1198 385 solenni
1242 341 1342 383 fidei
1388 340 1564 384 dacione

111 400 311 454 effectus,
345 400 643 455 obsequiorum
675 399 928 456 principium
961 399 1111 442 officiis
1153 400 1454 456 hospitalitatis
1491 414 1565 441 ex-

111 459 258 514 pleuit.
320 458 387 499 Ita
426 458 562 513 patrie
601 471 781 513 parens,
827 472 1082 513 prosperum
1119 459 1304 500 reditum
1352 472 1564 511 emensus,

112 522 358 571 exoptatam
394 516 603 557 aduentus
645 515 711 556 sui
755 517 918 571 copiam
953 517 1180 557 ouantibus
1226 516 1381 558 ciuium
1415 516 1564 558 animis

63 593 79 619 5
112 574 280 616 obtulit.
342 574 558 628 Insignem
589 572 701 614 hunc
734 588 892 615 annum
925 574 997 615 filii
1022 575 1112 615 eius
1135 574 1294 616 Kanuti
1329 588 1383 616 ex
1405 574 1565 629 Sophia

111 633 297 687 suscepti
344 632 495 673 natalis
545 631 707 684 effecit,
755 632 825 686 qui
875 632 1004 673 eciam
1053 633 1284 687 pontificali
1335 633 1564 674 Absalonis

111 691 343 732 ministerio
376 694 487 731 stato
519 690 678 731 lauacri
713 695 905 745 tempore
926 691 1267 744 regeneracionis
1298 696 1565 732 sacramenta

111 749 311 804 suscepit.
385 747 510 795 Quod
551 748 749 802 religiose
797 749 1067 789 execucionis
1116 749 1300 789 officium
1347 749 1564 790 Sueonum

112 806 229 848 ducis
276 805 527 859 Guthormi,
569 806 642 861 qui
685 810 859 860 neptem
894 806 1180 855 Waldemari⁷
1214 807 1443 848 eorundem
1475 807 1565 861 regi

45 883 81 910 10
114 864 276 906 Karolo
311 864 579 919 desponsam,
613 863 851 905 abducendi
895 878 1023 905 causa
1054 865 1314 919 legacionem
1351 865 1564 918 attulerat,

112 922 330 979 presencia
362 923 630 964 uenustabat.

251 980 357 1021 Post
378 980 551 1022 modum
574 979 796 1045 Rugianis,
828 985 1002 1046 recepta
1024 995 1100 1035 per
1123 980 1359 1023 Henrioum
1393 981 1559 1032 fiducia,
1581 976 1759 1051 Οἶδξᾶζὺῖι

112 1039 252 1104 palam
286 1038 512 1080 aduersum
546 1038 730 1079 Danos
721 1038 964 1079 inimicicias
999 1039 1319 1093 profitentibus,
1352 1053 1447 1088 rex
1481 1053 1564 1080 non
1605 1067 1631 1092 p.
1650 1020 1742 1089 sodli>

112 1096 318 1138 minoiem
359 1096 401 1137 in
433 1097 568 1138 amico
609 1095 830 1162 perfidiam
864 1110 994 1151 quam
1039 1097 1079 1137 in
1122 1097 1314 1138 hostibus
1347 1098 1564 1138 leuitatem

44 1170 80 1198 15
113 1159 328 1210 expertus,
350 1154 500 1196 Arkon
532 1154 797 1210 prouinciam
827 1168 960 1196 uerna
989 1154 1266 1209 expedicione
1299 1156 1473 1210 petitam
1505 1156 1565 1196 in-

114 1213 266 1255 cendio
308 1213 538 1268 populatus
583 1216 659 1254 est.
730 1212 836 1253 Inde
879 1212 932 1253 ad
973 1218 1163 1267 p0r,tum
1206 1213 1292 1254 Por
1336 1213 1388 1253 ab
1419 1213 1564 1254 incolis

112 1271 371 1322 uocitatum,
414 1285 582 1312 cursum
622 1270 789 1312 direxit.
853 1270 1092 1325 Siquidem
1133 1285 1187 1312 ne
1220 1285 1313 1312 cum
1357 1272 1565 1313 uniuersis

114 1329 324 1384 Rugianis
346 1344 517 1370 manum
541 1329 629 1371 acie
653 1333 908 1382 consereret,
931 1330 1162 1395 sepaiatim
1185 1343 1256 1370 eos
1280 1330 1563 1371 adtentandos

115 1388 388 1440 existimans,
449 1387 709 1428 Absalonem
774 1391 983 1428 nocturna
1034 1387 1313 1442 nauigacione
1366 1387 1564 1428 Ziudram

44 1461 82 1489 20
114 1445 345 1501 precedere
376 1445 508 1487 iubet.
557 1445 694 1493 Quem
727 1451 771 1486 ut
797 1445 997 1486 continuo
1022 1446 1365 1500 subsequeretur,
1388 1443 1565 1501 culriose
1622 1453 1720 1486 p-801

114 1504 385 1545 discessionis
429 1505 519 1545 eius
565 1509 733 1558 tempus
779 1516 804 1543 a
850 1503 1050 1557 uigilibus
1098 1504 1312 1544 obseruari
1358 1504 1564 1559 precepit.

115 1561 280 1610 Quibus
313 1562 449 1604 somni
481 1561 651 1602 delicias
684 1561 862 1616 imperio
893 1561 1446 1616 preferentibus,Absalon,
1469 1562 1565 1603 abs-

114 1633 196 1675 que
227 1621 345 1675 regio
379 1621 580 1675 comitatu
613 1633 890 1674 progressus,
922 1633 1007 1660 non
1039 1619 1177 1661 solum
1210 1619 1447 1674 Zyudram,
1488 1619 1563 1661 sed

114 1678 243 1719 eciam
276 1691 400 1733 agros
434 1679 636 1733 uicosque
674 1678 712 1719 ei
734 1678 920 1719 confines
952 1678 1104 1730 partim
1137 1678 1235 1732 igni,
1267 1678 1420 1732 partim
1451 1678 1562 1720 ferro

43 1753 80 1780 25
113 1737 313 1778 uastauit.
367 1735 497 1778 Cuius
520 1736 685 1792 equites
709 1736 808 1789 duo,
842 1736 1118 1777 contencione
1140 1737 1257 1791 prius
1287 1735 1444 1788 habita,
1467 1740 1562 1777 uter

113 1794 292 1835 audacia
340 1798 569 1849 prestaret,
620 1809 716 1835 cum
763 1794 814 1835 ad
864 1794 1085 1835 militarem
1135 1808 1307 1848 operam
1354 1793 1561 1835 edendam

112 1852 369 1894 fortitudinis
401 1853 665 1894 emulacione
710 1852 803 1908 pari
834 1851 996 1907 impetu
1027 1857 1301 1906 raperentur,
1334 1852 1564 1907 hostesque

114 1910 279 1951 cuidam
311 1909 420 1951 forte
451 1916 604 1965 stagno
636 1910 811 1951 adactos
843 1910 990 1951 cimbis
1022 1910 1165 1966 fugam
1198 1915 1344 1965 petere
1377 1909 1561 1950 animad-

113 1972 353 2022 uerterent,
409 1969 505 2023 plus
564 1968 622 2009 eis
669 1968 998 2023 persequendis,
1059 1982 1186 2023 quam
1232 1969 1318 2009 suis
1365 1968 1563 2023 periculis

43 2043 81 2071 30
114 2026 383 2082 dispiciendis
415 2027 579 2078 intenti,
610 2040 664 2068 ne
695 2027 803 2068 alter
836 2026 1016 2067 alterum
1050 2028 1208 2068 uirtute
1241 2025 1352 2067 forte
1391 2039 1563 2080 precur-

112 2088 238 2139 reret,
270 2084 394 2126 ambo
429 2099 522 2126 cum
564 2090 809 2140 contemptu
852 2084 1023 2139 spiritus
1056 2085 1296 2125 stimulatos
1328 2084 1563 2125 calcaribus

113 2156 245 2198 equos
290 2143 333 2184 in
375 2143 632 2199 profundum
682 2148 883 2196 egerunt,
931 2156 1144 2183 armorum
1187 2141 1299 2183 haud
1343 2155 1562 2194 memores,

113 2215 291 2256 quorum
327 2202 468 2253 obruti
499 2201 686 2256 pondere
718 2200 953 2256 perierunt.
1015 2200 1082 2242 Ita
1114 2201 1363 2242 temeritatis
1402 2199 1561 2241 uindex

113 2259 368 2300 elementum
403 2259 502 2300 uiris
534 2259 668 2313 glorie
691 2272 817 2314 quam
849 2258 996 2300 salutis
1028 2258 1365 2311 studiosioribus,
1397 2258 1440 2299 in
1474 2259 1562 2299 exi-

44 2332 80 2360 35
113 2318 222 2358 cium
245 2331 368 2358 suum
391 2317 625 2369 ruentibus,
657 2316 789 2358 fatum
812 2317 970 2372 pariter
992 2330 1040 2358 ac
1062 2317 1266 2357 tumulum
1292 2316 1561 2358 ministrauit.

112 2374 285 2416 Interea
315 2375 531 2426 Absalon,
573 2374 832 2430 prouinciam
875 2374 1032 2428 rapinis
1070 2374 1227 2430 pariter
1273 2373 1561 2430 incendiisque

113 2446 390 2488 permensus,
431 2447 525 2474 cum
569 2434 790 2488 ingentem
820 2432 996 2488 predam
1039 2437 1080 2473 et
1120 2432 1259 2486 opima
1291 2431 1426 2487 spolia
1455 2431 1563 2474 refe-

113 2490 246 2532 rendo
280 2504 413 2532 naues
446 2495 641 2545 repetere
673 2490 900 2544 statuisset,
932 2504 1130 2544 magnam
1173 2490 1357 2531 hostium
1390 2503 1562 2531 manum

114 2549 316 2603 subsequi
349 2550 640 2604 conspicatus,
672 2548 784 2589 ultra
815 2547 914 2590 bina
946 2548 1055 2589 uada
1087 2549 1138 2592 ad
1174 2547 1346 2589 modum
1384 2548 1562 2590 transitu

46 2622 82 2650 40
114 2606 303 2648 difficilia
334 2606 386 2648 de
418 2607 624 2649 industria
657 2607 809 2649 cedere
833 2606 983 2659 uoluit,
1017 2611 1063 2647 ut
1084 2620 1156 2648 eos
1179 2605 1412 2647 formidinis
1435 2606 1563 2650 simu·
