1884 3126
165 869 199 895 10

166 1159 196 1185 15

158 1449 196 1477 ‘20

160 2032 196 2059 30

160 2323 196 2350 :55

822 226 875 232 ..
935 202 979 245 X
1040 226 1090 232 -
1602 199 1710 244 343'

234 333 454 375 Danorum
489 332 596 375 solio
628 333 810 387 functus,
842 331 953 375 inter
984 348 1122 376 rerum
1156 333 1279 376 inicia
1311 332 1486 389 aggredi
1507 333 1685 386 ueritus,

233 406 286 433 ne
304 396 443 433 tamen
464 391 668 446 regnandi
685 406 807 433 usum
830 392 938 433 intra
962 392 1097 447 patrie
1118 397 1253 434 metas
1277 392 1466 434 clausum
1488 391 1683 444 haberet,

232 449 496 492 dissimulata
538 451 668 504 magis
710 465 836 505 quam
884 451 1038 491 omissa
1070 451 1237 506 paterni
1267 451 1431 505 imperii
1462 464 1686 505 recupera·

235 509 368 561 cione,
402 509 580 563 primum
605 509 772 550 Sclauie
804 522 853 550 ac
879 507 1064 558 Sembie,
1098 508 1270 563 perinde
1303 523 1351 550 ac
1379 510 1382 556 l
1413 508 1685 551 debilioribus

234 566 396 620 regnis,
441 566 601 608 ferrum
640 566 809 608 iniicere
851 566 1012 608 statuit.
1076 567 1265 614 Quarum
1312 567 1486 608 alteram
1526 566 1683 618 Sueno,

234 624 399 666 tametsi
431 639 585 678 graues
619 625 791 666 iniurias
822 638 995 680 passuS,
1030 624 1225 666 obstante
1256 625 1468 680 religionis
1501 625 1683 676 uinculo,

233 688 461 724 concutere
494 682 773 729 formidabat;
817 683 974 735 altera,
1017 682 1069 723 ab
1103 682 1303 738 Haquino
1348 697 1571 738 oppressa,
1612 683 1684 724 ab·

231 745 401 796 sumpto
435 754 499 794 eo,
533 741 709 783 rebelles
740 740 874 783 Danis
906 754 1056 782 manus
1090 741 1292 783 exercuit.
1336 741 1525 783 Solerter
1555 741 1685 796 igitur

232 813 256 839 a
288 799 438 840 Danici
469 799 681 854 regiminis
714 812 959 841 successore
989 800 1207 854 prouisum
1242 805 1318 854 est,
1351 804 1398 840 ut
1428 800 1470 841 in
1503 801 1581 840 hac
1612 814 1684 855 pa-

233 858 339 898 terni
361 858 630 912 grauaminis,
662 858 702 899 in
734 858 807 899 illa
839 857 1096 899 defeccionis
1128 872 1287 899 noxam
1319 859 1499 912 puniret.
1533 857 1683 913 Neque

231 915 341 956 enim
372 916 609 969 ignorabat,
643 916 754 957 bone
784 916 937 957 indolis
971 916 1161 957 habitum
1184 915 1235 957 ad
1260 917 1458 958 maiorem
1483 917 1684 957 uirtutem

231 973 534 1038 capessendam
569 974 716 1015 leuiori
750 988 888 1016 rerum
922 975 1142 1016 conamine
1174 974 1388 1025 roborari,
1426 975 1611 1029 ideoque
1642 975 1681 1015 in

230 1032 323 1087 ipso
358 1032 510 1073 milicie
535 1033 750 1098 tyrocinio
798 1032 1130 1074 adolescenciam
1164 1046 1283 1073 suam
1316 1033 1458 1088 aliquo
1494 1033 1682 1087 preclaro

232 1103 358 1145 opere
401 1091 611 1146 auspicari
651 1091 825 1146 cupiuit.
887 1089 978 1132 Nec
1012 1105 1060 1132 eo
1094 1090 1260 1146 quidem
1295 1091 1510 1145 segniores
1543 1091 1683 1133 desel-

228 1148 391 1190 toribus
424 1163 573 1190 manus
606 1149 759 1201 intulit,
793 1148 865 1190 sed
890 1149 1031 1190 nescio
1057 1163 1107 1190 an
1131 1148 1226 1190 ideo
1252 1151 1552 1204 piompci01es,
1587 1150 1683 1204 quia

229 1210 430 1248 strennua
473 1206 661 1262 ingenia,
703 1207 922 1262 quo'plus
964 1208 1247 1262 experimenti
1277 1212 1474 1258 sumunt,
1516 1208 1598 1248 hoc
1628 1207 1682 1249 ad

227 1264 434 1320 insignem
470 1279 643 1321 operam
675 1264 885 1306 edendam
918 1265 1077 1307 maiore
1110 1279 1216 1307 ausu
1247 1266 1488 1320 proficiunt.
1553 1265 1682 1307 Cuius

227 1324 435 1378 propositi
458 1338 632 1379 compos
655 1338 752 1378 spes
774 1337 884 1377 suas,
917 1323 1083 1365 duabus
1115 1324 1462 1379 splendidissimis
1495 1324 1682 1366 uictoriis

227 1380 361 1434 alit-as,
394 1382 568 1424 terciam
592 1383 644 1423 ab
667 1382 820 1434 Anglis
855 1385 1055 1436 expetere
1091 1382 1249 1425 docuit.
1294 1382 1420 1430 Quod
1444 1387 1491 1423 ut
1513 1396 1682 1436 promp-

227 1439 314 1481 cius
348 1441 632 1495 expediretur,
666 1440 865 1492 Olauurn,
898 1438 1117 1493 Noruagie
1151 1441 1392 1495 potitorem,
1426 1454 1521 1482 cum
1553 1441 1682 1482 fratre

230 1496 437 1551 Haraldo,
466 1498 470 1552 Ι
501 1499 622 1540 tectis
654 1497 994 1540 dissimulacione
1019 1498 1138 1551 odiis,
1171 1499 1399 1540 aduersum
1423 1498 1678 1540 defeccionis

229 1570 303 1597 sue
336 1560 574 1598 consortem
606 1556 800 1598 armauit.
862 1556 1090 1597 Enimuero
1124 1561 1170 1597 ut
1201 1557 1446 1612 prudenter,
1483 1556 1542 1598 ita
1572 1557 1680 1611 peri·

230 1613 372 1655 culose
407 1615 528 1657 hoste
559 1616 599 1656 in
634 1615 797 1656 hostem
831 1628 957 1663 usus,
995 1615 1232 1656 ambicione
1265 1615 1512 1657 coniunctos
1553 1615 1680 1656 armis

230 1671 427 1715 diuiduos
470 1673 579 1715 fecit.
641 1673 776 1727 Igitur
808 1672 1028 1713 Danorum
1062 1673 1386 1728 Anglorumque
1425 1673 1680 1715 exercitibus

181 1741 193 1766 .”
229 1730 431 1772 acerrima
454 1745 598 1786 pugna
620 1731 837 1780 consertis,
860 1730 1054 1786 Tymmo,
1086 1745 1243 1785 genere
1273 1731 1551 1781 SialandicuS,
1585 1745 1680 1772 cum

229 1788 368 1829 hostili
410 1789 571 1844 impetu
618 1789 731 1830 socie
777 1789 908 1843 partis
949 1789 1112 1845 aquilas
1153 1789 1207 1830 ad
1246 1789 1419 1831 modum
1459 1789 1679 1830 inclinatas

229 1846 407 1899 uideret,
439 1848 678 1902 leuemque,
711 1850 753 1887 et
784 1861 908 1902 quem
941 1861 1032 1888 sors
1064 1848 1284 1897 obtulerat,
1318 1848 1525 1888 ramulum
1557 1847 1680 1889 hasta

229 1905 420 1958 sustulit,
452 1919 590 1960 eoque
624 1905 769 1946 uexilli
801 1906 893 1946 loco
927 1920 1029 1947 usus
1060 1911 1189 1961 atque
1221 1906 1261 1946 in
1295 1920 1390 1946 eum
1422 1905 1679 1947 uociferatus

229 1962 423 2016 modum,
467 1978 550 2019 quo
592 1963 754 2004 Kanuti
801 1963 952 2004 milites
993 1968 1139 2005 mutue
1180 1963 1494 2006 adhortacionis
1535 1963 1679 2019 gracia

226 2022 460 2063 acclamare
503 2026 837 2073 consueuerant,
884 2020 1086 2063 aduersas
1119 2022 1159 2063 in
1191 2022 1334 2077 fugam
1375 2026 1535 2064 turmas
1576 2022 1679 2063 felix

228 2080 535 2134 antesignanus
578 2080 744 2121 auertit.
805 2079 957 2135 ltaque
988 2094 1073 2122 non
1104 2085 1189 2121 tam
1235 2081 1341 2135 signi
1384 2094 1510 2135 quam
1551 2079 1679 2122 animi

228 2138 386 2180 uirtute
433 2138 660 2179 salutarem
706 2138 793 2180 suis
841 2138 1112 2194 aquiliferum
1164 2139 1323 2193 gessit,
1373 2143 1680 2194 nutantemque

228 2196 447 2237 Danorum
469 2196 682 2238 fortunam
704 2196 755 2237 ad
780 2196 998 2237 uictoriam
1020 2210 1166 2251 usque,
1197 2212 1251 2239 ne
1274 2197 1500 2246 laberetur,
1530 2196 1677 2237 erexit.

229 2254 320 2295 Nec
342 2254 481 2295 solum
502 2254 799 2296 fortitudinem
819 2254 909 2310 ipse
929 2255 1215 2309 plenissimam
1237 2255 1420 2310 prebuit,
1441 2254 1523 2296 'sed
1548 2255 1679 2296 eciam

228 2326 283 2353 ex
313 2311 523 2353 sociorum
556 2313 702 2353 animis
733 2326 843 2367 pene
873 2312 1096 2368 profugam
1130 2314 1364 2355 reuocauit.
1417 2312 1546 2354 Cuius
1578 2312 1679 2354 facti

230 2369 357 2412 decus
389 2376 483 2424 post
516 2369 710 2412 mo'ssdum
742 2371 993 2425 cognomine
1025 2371 1269 2426 usurpauit,
1302 2373 1559 2426 insuperque
1591 2371 1674 2411 uir-

188 2428 193 2429 ’
230 2429 331 2469 tutis
372 2428 493 2469 titulo
535 2428 694 2470 honore
733 2428 932 2484 primipili
972 2443 996 2470 a
1027 2443 1128 2483 rege
1169 2429 1315 2470 donari
1358 2429 1525 2470 meruit.
1587 2427 1678 2469 Nec

160 2614 197 2642 40

228 2485 380 2541 puduit
401 2486 623 2527 Danorum
655 2491 812 2542 partes,
844 2486 1186 2540 splendidissimo
1219 2486 1440 2542 aquilifero
1473 2486 1676 2540 defectas,

228 2543 370 2598 plebei
402 2543 582 2586 hominis
614 2543 800 2595 ductum,
834 2549 880 2585 ut
913 2544 1138 2586 obscurum
1171 2546 1323 2600 specie,
1354 2544 1414 2585 ita
1438 2545 1677 2599 preclarum

229 2606 404 2655 euentu,
435 2602 631 2644 recreatis
652 2602 815 2654 animis,
847 2602 995 2647 salutis
1018 2602 1226 2661 premium
1252 2602 1494 2648 consectari.
1540 2601 1678 2661 Igitur

1742 535 1767 559 p.
1788 526 1839 552 509

1736 1522 1763 1545 μ.
1782 1514 1834 1539 510

1730 2386 1824 2415 clun
