1884 3126
70 865 108 892 10

76 1151 109 1178 15

72 1445 109 1472 20

73 1729 110 1757 25

75 2023 112 2051 30

78 2310 115 2338 35

80 2602 117 2629 40

714 225 766 231 --
830 200 896 245 IX
960 227 1006 233 —-
1501 204 1579 246 301

140 331 335 370 conserta
357 338 504 383 pugna
524 327 767 382 Ringonem
788 327 1006 384 Synardus
1029 330 1297 385 aggreditur3
1320 345 1402 386 quo
1432 332 1583 383 occiso,

140 387 242 442 ipse,
265 386 561 427 immedicabili
584 387 712 442 plaga
734 389 994 442 perstrictus,
1015 389 1161 443 paucis
1183 389 1413 431 interiectis
1435 389 1581 430 diebus

141 459 195 486 ex
224 444 402 485 uulnere
436 443 630 486 decessit.

278 501 356 543 Cui
378 501 601 556 Regnerus
632 502 674 542 in
706 516 882 557 regnum
915 503 1117 545 succedit.
1161 504 1255 552 Quo
1287 508 1477 560 tempore
1508 519 1581 546 rex

140 559 283 602 Suetie
315 559 418 612 Fre,
451 559 675 601 interfecto
708 559 1065 614 Noruagiensium
1096 576 1198 616 rege
1231 562 1444 617 Syuaffrdo
1482 576 1582 604 con-

139 618 259 673 iuges
290 618 625 659 necessariorum
668 618 756 659 eius
787 619 1024 672 prostibulo
1057 619 1256 674 religatas
1287 621 1453 676 publice
1486 634 1582 661 con-

139 675 391 731 stuprandas
424 675 631 718 exhibuit.
695 676 789 724 Quo
821 676 1044 730 Regnerus
1073 679 1234 731 andito,
1266 679 1375 718 auite
1409 678 1582 720 ulcionis

140 734 281 776 studio
328 733 590 788 Noruagiam
638 734 802 788 petiuit.
883 734 948 776 Eo
994 736 1191 776 ueniente
1238 740 1428 777 matrone
1472 750 1583 778 com-

139 793 305 848 plures,
348 805 431 846 que
477 805 697 847 corporum
743 806 914 833 suorum
955 792 1135 833 ludibria
1179 800 1253 835 aut
1292 807 1425 849 nuper
1464 808 1584 850 passe

137 851 310 892 fuerant
346 853 419 891 aut
459 850 500 891 in
548 850 741 905 proximo
787 850 993 905 pudicicie
1037 852 1268 906 periculum
1313 852 1582 895 uerebantur.

138 907 317 949 uiriliter
360 908 472 950 culte
520 907 672 963 cupide
717 909 864 950 castris
908 909 996 950 eius
1039 908 1322 964 adproperare
1367 915 1582 963 ceperunt,

138 966 402 1022 profitentes,
433 980 478 1007 se
508 965 643 1006 fatum
675 967 928 1008 contumelie
968 967 1218 1021 prelatuias.
1290 967 1379 1008 Nec
1417 968 1585 1009 erubuit

139 1024 309 1065 futurus
354 1023 571 1065 muliebris
617 1024 862 1090 improperii
900 1024 1059 1066 uindex
1099 1024 1324 1066 aduersum
1358 1022 1581 1079 aulctorem

139 1081 423 1147 turpitudinis,
455 1095 632 1137 quarum
662 1082 933 1137 ignominiam
977 1083 1121 1123 ulcisci
1155 1087 1343 1135 uenerat,
1385 1081 1533 1137 auxil<i
1538 1081 1584 1137 >a

140 1140 340 1182 mutuari.
401 1139 519 1181 Inter
552 1154 655 1195 quas
687 1139 807 1181 affuit
839 1145 881 1181 et
912 1139 1190 1206 Latligcrtha,
1231 1141 1367 1196 perita
1399 1140 1583 1181 11111311111

140 1198 321 1250 femina,
353 1211 455 1253 que,
485 1197 647 1238 uirilem
679 1198 720 1238 in
752 1198 917 1252 uirgine
961 1199 1144 1239 animum
1185 1212 1357 1252 gerens
1400 1199 1584 1239 immisso

141 1256 326 1297 humeiis
367 1255 595 1311 capillicio,
638 1257 773 1310 prima
813 1256 920 1296 inter
959 1257 1295 1311 promptissimos
1345 1257 1581 1297 dimicabat.

142 1313 271 1356 Cuius
287 1313 658 1368 incomparabilem
678 1328 849 1369 operam
871 1314 1190 1355 ammirantibus
1213 1315 1387 1367 cunctis,
1407 1312 1585 1369 (quippe

142 1372 322 1413 cesaries
354 1376 475 1426 tergo
508 1371 697 1413 inuolare
730 1375 958 1426 conspecta
988 1371 1186 1412 feminam
1219 1385 1310 1413 esse
1342 1370 1584 1426 prodebat,)

139 1430 388 1496 Regnerus,
421 1430 491 1470 aui
522 1430 791 1471 interfectore
822 1433 1054 1484 p1··‚ost1ato
1088 1429 1139 1470 de
1169 1430 1333 1484 puella,
1376 1443 1500 1484 quam
1543 1430 1583 1469 in

140 1488 231 1529 acie
262 1487 452 1543 preuiam
475 1493 793 1542 prenotanerat,
826 1488 1126 1528 commilitones
1155 1487 1379 1542 plurimum
1411 1500 1586 1542 peicon-

140 1549 254 1587 tatus
287 1550 372 1598 est,
412 1546 536 1586 unius
567 1545 723 1587 femine
765 1545 926 1586 uiribus
965 1545 1181 1586 uictoriam
1226 1545 1304 1586 sibi
1350 1546 1585 1585 constitisse

140 1603 370 1669 professus.
419 1602 575 1651 Quam
608 1618 702 1645 cum
744 1604 896 1644 illustri
928 1603 1037 1644 inter
1077 1603 1278 1644 barbaros
1316 1603 1405 1644 loco
1445 1606 1585 1643 natam

143 1662 429 1728 cognouisset,
461 1675 536 1716 per
566 1661 855 1702 internuncios
884 1661 1047 1719 precari
1079 1661 1274 1716 perstitit.
1336 1660 1426 1711 Illa,
1472 1660 1586 1714 lega—

143 1720 263 1761 cione
311 1719 439 1760 tacite
478 1723 642 1774 spreta,
691 1733 943 1761 consensum
989 1719 1172 1760 simulat.
1245 1718 1438 1773 Cumque
1479 1718 1585 1758 datis

143 1777 352 1819 fallaciter
383 1777 597 1831 responsis
629 1777 843 1818 anhelanti
875 1790 1003 1832 proco
1036 1776 1230 1831 pociendi
1269 1777 1357 1817 uoti
1389 1776 1586 1816 fiduciam

144 1836 369 1887 attulisset,
401 1835 611 1876 adiectum
642 1849 740 1876 uiso
775 1849 923 1877 canem
955 1835 995 1875 in
1031 1834 1116 1875 (dis
1148 1848 1222 1875 sue
1249 1833 1459 1875 uestibulo
1492 1833 1586 1874 reli-

144 1894 236 1948 gari
266 1893 471 1949 precepit,
503 1898 651 1934 contra
683 1907 807 1934 omne
845 1893 1045 1934 3111310113
1077 1892 1261 1934 studium
1293 1906 1368 1947 per
1401 1891 1585 1932 obiectas

144 1951 292 1993 beluas
322 1951 542 2006 proprium
571 1955 762 1993 1111311113
794 1951 1008 1993 conclaue.
1068 1950 1289 2005 Regnerus
1324 1962 1438 2002 uero,
1470 1948 1586 1990 fauo-

143 2009 266 2052 rabili
310 2008 462 2050 nuncio
515 2014 755 2061 recreatus,
806 2009 1026 2063 nauigium
1071 2008 1257 2060 scandit,
1309 2020 1585 2061 emensusque

145 2066 313 2120 fretum,
346 2066 565 2109 comitibus
597 2066 712 2122 apud
742 2066 941 2109 Golerdal
972 2066 1031 2119 (id
1062 2066 1164 2107 ualli
1187 2079 1340 2107 nomen
1375 2062 1458 2118 est)
1491 2065 1586 2105 sub-

145 2125 294 2168 sistere
324 2124 463 2176 iussis,
496 2125 712 2167 solitarius
753 2125 893 2180 puelle
924 2128 1101 2179 penates
1143 2123 1320 2165 accedit.
1388 2121 1470 2162 Vbi
1515 2137 1585 2162 ex-

146 2187 295 2238 ceptus
336 2196 362 2223 a
402 2182 560 2233 beluis,
602 2183 779 2223 alteram
821 2182 906 2223 telo
951 2183 1104 2223 11311011
1119 2214 1129 2233 ,
1177 2182 1352 2222 alteram
1396 2180 1586 2220 faucibus

146 2240 456 2296 apprehensam
501 2241 670 2282 obtorto
718 2244 891 2295 gutture
936 2239 1242 2294 strangulauit,
1294 2238 1586 2292 uirginemque

146 2299 248 2340 uicti
277 2298 452 2354 periculi
484 2298 690 2353 premium
725 2298 884 2339 habuit.
951 2297 1018 2338 Ex
1050 2298 1168 2338 cuius
1209 2295 1471 2336 matrimonio
1516 2307 1587 2349 ge-

147 2356 268 2402 minis
299 2355 477 2409 filiabus,
510 2370 686 2411 quarum
719 2356 889 2396 nomina
921 2355 1120 2396 memorie
1152 2353 1319 2409 prodita
1351 2366 1434 2393 non
1476 2355 1586 2404 sunt,

147 2414 320 2469 filioque
352 2413 552 2455 Fridleuo
585 2414 805 2468 susceptis,
840 2413 1067 2454 triennium
1097 2412 1272 2453 feriatus
1305 2416 1380 2452 est.

288 2471 418 2513 Cuius
462 2471 517 2513 ob
556 2475 752 2513 recentes
800 2470 974 2525 nupcias
1016 2470 1151 2515 reditu
1196 2469 1439 2523 desperato,
1487 2466 1586 2518 Iuti,

149 2543 254 2584 gens
284 2529 494 2582 insolens,
527 2529 674 2571 Scanis
714 2529 756 2570 in
787 2530 1036 2569 societatem
1069 2527 1316 2577 contractis,
1350 2523 1586 2576 Sialandos,

148 2588 220 2644 qui
263 2587 450 2642 Regneri
495 2586 624 2629 fidem
674 2585 940 2642 propensiori
985 2586 1161 2627 caritate
1206 2583 1425 2633 colebant,
1474 2581 1585 2623 bello

1636 1039 1666 1064 p.
1689 1031 1739 1056 442
