1884 3126
241 871 274 897 10

239 1159 272 1188 15

235 1448 273 1475 20

239 2028 276 2055 30

239 2316 276 2343 35

239 2608 276 2635 40

311 213 392 253 114
868 235 915 240 —
977 211 1072 255 IIII
1132 238 1186 244 —-

306 352 399 380 rum
429 351 532 392 rege
562 351 738 392 regnum
761 339 918 394 appeti,
949 340 1099 395 inquit,
1131 340 1243 396 quod
1277 344 1364 382 tam
1384 341 1545 396 proprii
1574 341 1750 383 rectoris

309 395 447 438 officio
495 410 622 451 quam
661 396 980 439 fortissimorum
1021 412 1240 454 procerum
1281 399 1406 440 armis
1460 398 1750 454 industriaque

306 454 524 496 niteretur.
581 454 787 496 Proteiea
817 469 896 497 nec
918 456 1008 509 regi
1038 456 1172 497 filium
1203 470 1281 498 nee
1302 470 1432 511 regno
1464 470 1750 498 suceessmem

307 512 455 553 deesse
487 512 727 567 sciantque,
776 526 820 554 se
864 527 948 554 non
981 514 1115 555 solum
1149 515 1260 569 regis
1303 528 1449 555 eorum
1489 514 1635 568 filium,
1676 514 1749 556 scd

308 570 442 611 eciam
484 582 778 625 quemcunque
822 585 875 612 ex
917 572 1055 626 gentis
1098 586 1173 613 sue
1217 572 1452 613 fortissimis
1498 586 1642 613 secum
1679 572 1750 613 ad-

307 628 492 680 sciuerit,
539 628 664 668 simul
710 642 852 683 pugna
896 629 1072 683 aggredi
1105 630 1387 671 constituisse.
1434 629 1558 677 ‘Quo
1605 630 1750 671 audito

304 685 437 739 legati
468 685 609 739 risere,
643 700 796 727 uanam
823 686 924 728 dicti
956 687 1271 729 animositatem
1305 688 1608 730 existimantes,
1661 686 1750 728 Nec

306 756 447 796 mora,
495 743 729 784 condicitur
760 758 899 798 pugne
940 745 1079 797 loeus,
1128 744 1348 800 eidemque
1391 749 1502 787 stata
1546 746 1750 801 temporis

305 805 419 842 meta
451 802 683 856 prefigitur.
733 801 913 843 Tantum
947 806 1086 844 autem
1119 803 1304 855 stuporis
1336 803 1434 845 Vffo
1466 804 1668 858 loquendi
1701 818 1748 845 ac

304 860 566 913 prouocandi
597 859 788 902 nouitate
809 861 1074 914 presentibus
1096 860 1250 913 iniecit,
1281 865 1341 914 ut,
1374 866 1516 902 utrum
1540 861 1634 902 uoci
1659 861 1746 902 eius

305 930 358 957 an
377 916 530 959 fiducie
554 917 648 972 plus
671 917 980 959 ammiracionis
1004 918 1206 959 tributum
1231 919 1296 971 sit,
1318 919 1524 960 incertum
1549 919 1749 961 extiterit.

443 975 712 1016 Abeuntibus
745 979 885 1017 autem
920 976 1088 1030 legatis,
1122 975 1434 1028 Wermundus,
1467 977 1751 1031 responsionis

305 1037 480 1074 auctore
511 1033 706 1084 laudato,
740 1033 853 1088 quod
887 1033 1052 1075 uirtutis
1086 1033 1282 1075 fiduciam
1316 1048 1399 1076 non
1434 1035 1475 1075 in
1509 1035 1643 1087 unius,
1677 1034 1749 1076 sed

307 1089 485 1131 duorum
509 1090 823 1145 prouocacione
857 1091 1064 1144 statuerit,
1097 1091 1244 1146 pocius
1268 1106 1312 1133 se
1344 1092 1394 1145 ei,
1424 1092 1662 1147 quicunque
1685 1093 1751 1144 sit,

306 1162 431 1203 quam
464 1149 646 1203 superbo
681 1149 792 1190 hosti
823 1163 958 1203 regno
992 1163 1210 1190 cessurum
1243 1149 1469 1204 perhibuit.
1533 1150 1750 1192 Vniuersis

305 1210 449 1247 autem
480 1207 609 1247 filium
643 1207 732 1247 eius
777 1221 870 1248 esse
902 1207 1177 1259 testantibus,
1218 1208 1288 1262 qui
1320 1207 1555 1261 legatorum
1595 1207 1751 1249 fastum

304 1263 456 1305 fiducie
506 1264 763 1305 sublimitate
813 1265 1126 1320 contempserit
1175 1265 1349 1320 propius
1403 1279 1498 1307 eum
1551 1265 1752 1307 accedere

306 1321 436 1373 iubet,
469 1322 580 1376 quod
615 1322 745 1363 oculis
778 1326 974 1377 nequeat,
1006 1323 1198 1364 manibus
1233 1327 1499 1378 expertur.us
1563 1322 1751 1379 Corpore

307 1378 460 1420 deinde
494 1380 583 1422 eius
616 1380 823 1422 curiosius
855 1385 1138 1433 contrectato,
1173 1394 1265 1421 cum
1300 1394 1352 1421 ex
1384 1386 1552 1422 artuum
1585 1381 1752 1435 grandi-

303 1441 391 1478 tate
421 1437 772 1493 lineamentisque
804 1437 933 1479 filium
975 1452 1067 1480 esse
1098 1442 1347 1492 cognosset,
1379 1438 1503 1479 fidem
1536 1440 1752 1480 assertori-

306 1495 383 1536 bus
427 1495 584 1537 habere
628 1498 738 1551 cepit
790 1496 1115 1551 percontarique
1166 1510 1283 1548 eum,
1336 1510 1408 1537 eur
1450 1497 1751 1538 suauissimum

306 1553 423 1594 uocis
471 1553 662 1595 habitum
708 1568 872 1596 summo
932 1554 1281 1596 dissimulaeionis
1335 1554 1473 1595 studio
1520 1554 1750 1608 tegendum

307 1611 541 1665 curauerit,
584 1616 789 1666 tantoque
821 1613 941 1653 etatis
975 1612 1116 1666 spacio
1150 1612 1237 1653 sine
1281 1625 1385 1653 uoce
1428 1616 1470 1654 et
1502 1613 1660 1654 cunetis
1692 1612 1750 1654 lo-

307 1669 463 1723 quendi
496 1671 755 1711 commerciis
788 1670 945 1724 degere
973 1670 1229 1722 sustinuerit,
1264 1674 1307 1711 ut
1329 1683 1373 1710 se
1403 1670 1546 1724 lingue
1577 1684 1748 1724 prorsus

261 1739 275 1764 Γ)
308 1726 444 1768 officio
480 1727 691 1769 defectum
713 1727 942 1782 natiueque
963 1728 1258 1770 taciturnitatis
1289 1728 1398 1769 uicio
1423 1728 1607 1768 obsitum
1641 1727 1751 1768 credi

306 1786 605 1840 permitteret?
667 1786 748 1834 Qui
781 1786 1020 1841 respondit,
1061 1799 1105 1827 se
1145 1789 1321 1840 paterna
1362 1785 1567 1827 haetenus
1608 1785 1751 1828 defen-

307 1844 424 1884 sione
466 1847 729 1895 contentum,
775 1858 856 1886 non
899 1844 1015 1899 prius
1056 1844 1171 1885 uocis
1213 1843 1351 1885 officio
1395 1857 1499 1898 opus
1540 1843 1752 1895 habuisse,

307 1915 430 1956 quam
464 1900 738 1943 domesticam
771 1901 1043 1954 prudenciam
1077 1905 1254 1943 externa
1286 1902 1540 1956 loquacitate
1563 1916 1750 1956 pressam

308 1959 678 2002 animaduerteret.
751 1960 944 2014 Rogatus
991 1960 1092 2000 item
1137 1959 1189 1999 ab
1234 1973 1307 2011 eo,
1354 1974 1426 2000 cur
1473 1959 1578 2000 duos
1624 1973 1748 2014 quam

307 2030 438 2058 unum
469 2031 705 2072 prouocare
738 2018 898 2069 maluit,
937 2018 1048 2058 hunc
1079 2017 1226 2058 iccirco
1261 2017 1544 2058 dimicacionis
1575 2017 1748 2058 modum

308 2088 332 2115 a
363 2089 406 2115 se
439 2080 687 2131 exoptatum
721 2051 950 2131 respondit,
982 2082 1028 2115 ut
1059 2073 1215 2116 Athisli
1245 2075 1356 2128 regis
1389 2074 1619 2130 oppressio,
1653 2088 1746 2129 que,

309 2132 421 2198 quod
462 2147 486 2174 a
531 2133 696 2175 duobus
740 2138 862 2188 gesta
905 2133 1065 2183 fuexat,
1107 2132 1241 2174 Danis
1273 2132 1495 2188 opprobiio
1539 2134 1749 2184 exstabat,

308 2191 432 2232 unius
487 2190 676 2233 facinore
727 2194 988 2246 pensaretur,
1033 2204 1274 2245 nouumque
1318 2190 1485 2231 uirtutis
1537 2191 1748 2245 specimen

309 2249 443 2303 prisea
467 2249 632 2290 ruboris
659 2250 664 2303 Ι
693 2254 966 2290 monumenta
989 2248 1256 2290 conuelleret.
1303 2248 1369 2289 Ita
1398 2249 1570 2303 ant-ique
1592 2248 1746 2289 crimen

307 2306 480 2348 infamie
510 2309 692 2349 recentis
724 2307 835 2348 fame
866 2307 992 2347 litura
1022 2306 1355 2361 respergendum
1387 2306 1565 2347 dicebat.
1614 2305 1750 2353 Quem

309 2363 600 2406 W‘ermundus
631 2366 786 2406 iustam
818 2365 1005 2407 omnium
1036 2364 1348 2405 estimacionem
1379 2363 1532 2406 fecisse
1558 2367 1749 2415 testatus,

309 2436 522 2463 armorum
563 2437 708 2474 usum,
755 2423 863 2477 quod
907 2423 965 2464 eis
995 2435 1145 2477 parum
1186 2421 1464 2474 assueuisset,
1511 2421 1748 2477 prediscere

308 2480 437 2522 iubet.
494 2480 656 2528 Quibus
688 2480 787 2521 Vffo
821 2481 984 2533 oblatis,
1016 2479 1303 2532 magnitudine
1334 2479 1748 2534 pectorisfangustos

308 2537 533 2578 loricarum
558 2552 692 2580 nexus
718 2539 933 2593 explicuit,
955 2551 1032 2580 nec
1060 2541 1148 2578 erat
1170 2537 1299 2578 ullam
1322 2537 1518 2592 reperire,
1551 2551 1631 2591 que
1654 2549 1748 2577 eum

306 2596 417 2636 iusto
450 2596 694 2651 capacitatis
725 2597 867 2651 spacio
913 2596 1161 2637 contineret.
1223 2594 1387 2636 Maiore
1419 2595 1624 2650 siquidem
1659 2607 1748 2635 cor-

1822 2253 1880 2279 ,17
