1884 3126
724 237 773 245 —-
834 212 947 258 VIII
1005 241 1059 247 —-
1530 218 1611 261 287

168 339 337 382 tandem
362 340 521 382 aditum
544 342 670 395 nacti,
701 342 742 383 in
767 341 990 384 ediciorem
1013 343 1093 384 soli
1115 348 1275 399 partem
1299 359 1373 400 per
1397 345 1612 388 obstantes

167 399 298 442 cliuos
349 400 525 455 prealtis
577 400 751 441 callibus
803 400 1033 444 enituntur.
1094 401 1212 444 Tunc
1262 402 1507 446 Thorkillus
1558 419 1610 447 ex

166 459 384 509 armentis,
419 471 500 512 que
531 458 571 499 in
603 458 822 499 maritimis
853 458 1099 513 frequencia
1132 459 1443 513 discurrebant,
1485 477 1610 517 supra

167 515 280 572 quod
314 515 445 557 semel
475 515 673 558 leniende
706 516 807 556 fami
838 516 1062 567 sufficeret,
1094 523 1220 572 negat
1243 532 1332 560 esse
1355 519 1608 575 tollendum;

118 587 134 613 5
165 573 354 615 futurum
386 574 520 625 enim,
562 574 596 615 si
626 588 748 615 secus
780 579 975 629 agerent,
1022 580 1066 615 ut
1098 589 1120 615 a
1153 575 1228 616 diis
1262 576 1342 617 loci
1374 578 1609 631 presidibus

166 630 433 674 discedendi*
465 633 662 687 potencia
692 633 972 687 priuarentur.
1032 632 1091 674 At
1121 638 1261 685 naute,
1293 636 1425 689 magis
1458 650 1806 691 proro-hxxxvn

165 690 304 746 gande
336 690 550 731 sacietatis
582 704 707 746 quam
741 690 938 732 seruandi
971 690 1135 745 imperii
1167 691 1425 746 cupidiores,
1468 695 1610 736 incita-

166 755 308 790 mento
331 748 428 803 gule
451 749 600 790 salutis
633 748 850 790 consilium
884 748 1167 801 subiecerunt,
1200 750 1408 792 exhausta
1439 753 1609 793 nauium

166 807 327 861 gremia
369 820 560 848 cesorum
603 820 781 861 gregum
825 807 1071 861 corporibus
1105 812 1342 849 onerantes.
1406 809 1485 856 Qui
1516 809 1609 852 ideo

102 877 135 905 10
167 869 292 921 captu
312 864 533 920 perfaciles
564 864 758 917 extitere,
791 865 904 920 quod
938 864 989 905 ad
1022 864 1242 906 inusitatos
1274 865 1459 907 uirorum
1491 882 1610 923 aspe-

167 926 257 965 ctus
289 923 456 964 firmato
498 936 658 978 pauore
697 922 936 964 mirabundi
979 928 1272 965 conuenerant.
1334 923 1470 965 Nocte
1503 925 1610 967 inse-

168 981 313 1038 quenti
365 987 553 1023 monstra
603 981 733 1023 littori
785 981 1023 1022 inuolancia
1073 994 1122 1021 ac
1167 985 1257 1022 toto
1310 984 1610 1037 concrepancia

166 1053 339 1082 nemore
371 1040 594 1081 conclusas
629 1038 834 1081 obsedere
866 1052 1044 1094 puppes.
1090 1039 1281 1087 Quorum
1312 1052 1443 1081 unum·
1464 1042 1609 1082 ceteris

166 1097 394 1153 grandius,
445 1098 610 1152 ingenti
659 1097 771 1139 fuste
825 1101 1060 1146 armatum,
1112 1097 1367 1151 profundum
1416 1099 1610 1154 passibus

100 1168 135 1196 15
168 1155 467 1198 emeciebatur.
512 1155 628 1196 Idem
663 1155 837 1210 propius
869 1155 1089 1196 admotum
1121 1155 1341 1196 uociferari
1373 1157 1493 1212 cepit,
1527 1171 1609 1198 non

167 1218 265 1255 ante
309 1214 633 1269 enauigaturos,
677 1227 803 1268 quam
843 1213 927 1254 fusi
968 1213 1109 1267 gregis
1149 1213 1341 1254 iniuriam
1385 1214 1608 1269 expiando,

166 1272 267 1313 uiris
300 1286 375 1326 pro
417 1272 589 1313 nauium
634 1286 810 1313 numero
854 1271 1041 1323 traditis,
1082 1271 1211 1311 diuini
1251 1274 1412 1325 pecoris
1458 1273 1610 1313 damna

167 1334 432 1385 pensassent.
495 1329 623 1371 Cuius
655 1330 778 1371 minis
812 1329 1038 1370 obsecutus
1070 1328 1333 1383 Thorkillus,
1365 1335 1412 1371 ut
1444 1331 1611 1370 uniuer-

169 1401 310 1429 sorum
342 1388 677 1430 incolumitatem
708 1401 941 1442 paucorum
986 1386 1223 1428 discrimine
1266 1391 1479 1441 tueretur,
1526 1393 1607 1429 tres

98 1458 135 1486 20
165 1450 277 1488 sorte
310 1447 536 1488 denotatos
571 1445 775 1488 exhibuit.

307 1504 401 1552 Quo
434 1504 560 1557 facto,
594 1507 738 1559 optato
771 1508 900 1545 uento
937 1503 1102 1557 excepti
1133 1502 1173 1542 in
1206 1503 1444 1545 ulteriorem
1480 1503 1609 1559 Byar-

168 1562 292 1603 miam
323 1563 541 1617 nauigant.
559 1597 564 1600 .
584 1562 724 1616 Regio
754 1565 816 1603 est
838 1561 1032 1616 perpetui
1053 1560 1218 1614 frigoris
1242 1574 1387 1616 capax,
1420 1561 1608 1616 prealtis-

169 1634 250 1675 quc
284 1620 420 1662 offusa
447 1626 452 1671 1
481 1620 670 1671 niuibus,
712 1634 764 1662 ne
804 1620 888 1661 uim
932 1619 1099 1674 quidem
1136 1618 1315 1659 feruoris
1346 1619 1610 1674 persentiscit
1665 1634 1759 1668 p.423

169 1678 304 1731 estiui,
336 1679 548 1720 inuiorum
580 1678 800 1720 abundans
843 1691 1084 1726 nemorum,
1128 1676 1294 1730 frugum
1328 1676 1443 1718 haud
1475 1677 1608 1724 ferax,

100 1749 137 1776 25
168 1737 467 1792 inusitatisque
501 1736 599 1777 alibi
632 1736 776 1778 bestiis
807 1735 1020 1790 frequens.
1079 1734 1223 1775 Crebri
1254 1734 1293 1774 in
1326 1749 1374 1775 ea
1406 1735 1523 1775 fluuii
1555 1734 1608 1774 ob

170 1795 314 1836 insitas
346 1795 477 1836 alueis
509 1799 653 1836 cautes
685 1794 865 1836 stridulo
904 1793 1201 1848 spumantique
1232 1792 1446 1833 uolumine
1477 1791 1609 1847 perfe-

168 1858 330 1895 runtur.
371 1853 464 1894 Illic
485 1852 744 1904 Thorkillus,
777 1851 994 1893 subductis
1024 1852 1215 1902 nauibus,
1248 1849 1361 1891 tendi
1392 1851 1433 1891 in
1466 1851 1607 1891 littore

168 1911 297 1963 iubet,
330 1926 377 1953 eo
410 1911 492 1952 loci
522 1915 776 1966 peruentum
819 1916 1036 1959 astruens,
1081 1908 1188 1949 unde
1224 1908 1361 1950 breuis
1394 1908 1445 1948 ad
1478 1912 1609 1948 [ieru-

170 1969 289 2010 thum
330 1969 529 2010 transitus
570 1968 692 2010 foret.
755 1968 979 2009 Prohibuit
1016 1967 1144 2008 eciam
1177 1966 1308 2007 ullum
1341 1980 1434 2007 cum
1465 1979 1610 2020 super-

100 2039 138 2067 30
168 2027 437 2068 uenientibus
484 2027 660 2069 miscere
702 2040 960 2079 sermonem,
1001 2025 1236 2077 affirmans,
1278 2028 1465 2065 monstra
1496 2024 1608 2064 nullo

170 2085 302 2139 magis
333 2085 513 2127 nocendi
545 2085 630 2126 uim
664 2099 789 2140 quam
821 2084 1081 2126 aduenarum
1109 2083 1247 2124 uerbis
1269 2096 1416 2137 parum
1438 2081 1609 2122 comiter

170 2142 291 2184 editis
324 2158 513 2194 sumere,
546 2143 729 2198 ideoque
761 2143 897 2184 socios
929 2142 1099 2182 silencio
1121 2140 1303 2182 tuciores
1327 2140 1529 2192 existere,
1563 2154 1606 2180 se

170 2214 270 2243 uero
301 2202 436 2243 solum
468 2206 558 2242 tuto
591 2201 751 2256 profari
783 2214 920 2255 posse,
953 2199 1021 2255 qui
1054 2198 1167 2254 prius
1199 2198 1333 2253 gentis
1360 2198 1447 2239 eius
1471 2211 1606 2237 mores

171 2258 444 2315 habitumque
488 2259 730 2314 peruiderit.
800 2258 1059 2313 Crepusculo
1103 2260 1357 2311 appetente,
1410 2255 1607 2295 inusitate

101 2328 137 2356 35
168 2318 469 2372 magnitudinis
510 2317 574 2358 uir
617 2316 865 2358 nominatim
914 2315 1105 2357 salutatis
1150 2314 1326 2355 nauticis
1371 2312 1606 2354 interuenit.

170 2375 445 2430 Stupentibus
492 2376 673 2426 cunctis,
714 2373 958 2416 Thorkillus
1004 2372 1237 2414 aduentum
1283 2371 1371 2413 eius
1417 2370 1608 2411 alacriter

171 2433 472 2488 excipiendum
504 2433 745 2485 admonuit,
786 2431 1108 2472 Guthmundum
1142 2431 1250 2470 hunc
1284 2442 1396 2480 esse,
1439 2428 1607 2479 docens,

171 2490 348 2532 Geruthi
388 2491 584 2543 fratrem,
627 2496 870 2532 cunctorum
917 2489 998 2529 illic
1027 2487 1332 2544 app-licancium
1373 2485 1606 2541 piissimum

170 2549 280 2590 inter
310 2549 499 2604 pericula
530 2553 824 2605 protectorem.
866 2546 1238 2601 percontantique,
1273 2543 1368 2599 quid
1401 2544 1458 2584 ita
1479 2542 1606 2584 ceteri

102 2619 139 2649 40
168 2606 381 2648 silencium
423 2608 634 2661 colerent,
674 2606 827 2658 refert,
869 2604 994 2646 rudes
1034 2604 1086 2646 ad
1130 2602 1301 2644 modum
1340 2602 1484 2656 lingue
1516 2601 1605 2642 eius
