1884 3126
634 241 651 245 -
746 218 852 260 XVI
916 245 926 248 -
939 244 963 248 κ
1432 223 1513 263 675

80 357 125 384 se
157 357 210 384 ex
251 348 452 398 percepta
489 343 713 387 Absalonis
757 346 1021 389 humanitate
1060 363 1185 404 quam
1224 349 1514 391 amaritudinis

81 415 134 442 ex
168 402 301 456 patrie
344 401 504 443 iactura
544 403 700 445 sentire
744 403 861 445 dixit.
919 405 1057 461 Igitur
1088 408 1140 448 ad
1171 407 1325 460 locum,
1356 408 1398 448 in
1430 421 1512 463 quo

79 458 233 500 milites
275 472 367 500 eum
407 460 770 513 prestolabantur,
810 462 991 516 relatus,
1022 467 1191 519 postero
1224 464 1291 506 die
1323 464 1513 507 Sclauice

80 516 309 558 nobilitatis
331 517 577 570 proceribus
599 518 802 571 adductis,
820 521 995 571 genibus
1023 522 1201 563 annixus
1225 536 1315 563 cum
1334 523 1513 578 coniuge

31 589 46 616 5
79 588 125 615 se
157 579 197 616 et
228 573 368 615 liberis
402 574 453 615 ad
489 576 619 629 pedes
652 577 764 630 regis
795 578 1041 632 suppliciter
1063 580 1226 629 abiecit,
1260 580 1512 635 ueniamque

80 632 240 673 diutine
273 632 565 674 rebellacionis
598 638 805 689 precatus,
838 635 1136 692 obsidibusque
1165 651 1217 678 ex
1249 641 1367 693 parte
1391 637 1512 691 datis,
1556 689 1558 692 ι

81 704 135 731 ex
159 694 276 744 parte
296 691 527 744 promissis,
550 693 663 732 auite
685 696 946 747 paterneque
973 696 1284 748 procuracionis
1306 709 1512 737 summam

78 746 273 789 beneficii
304 746 423 788 loco*
454 749 666 803 suscipere
699 764 782 790 non
805 751 984 803 erubuit,
1016 752 1128 807 quod
1150 753 1388 807 patrimonii
1410 756 1511 805 erat,
1532 758 1769 795 cxcvlllfflt»

78 805 215 847 aliene
246 806 488 860 largicionis
520 806 788 860 indulgencia
813 822 1098 862 possessurus.
1159 810 1255 852 Rex
1283 814 1286 855 Ι
1313 811 1512 865 principis
1568 825 1594 850 p·
1614 816 1666 844 989

11 878 47 904 10
78 863 160 903 huc
189 862 473 918 necessitati<s
507 863 699 918 deducti>
730 865 1004 907 miseracione
1036 872 1263 922 permotus,
1297 868 1397 909 satis
1429 868 1513 909 iam

78 921 219 974 grauis
253 935 348 962 eum
381 922 459 963 sibi
490 936 620 976 penas
653 922 819 964 dedisse
851 924 1120 976 existimauit,
1154 926 1355 980 regnique
1387 924 1512 979 [e]ius

78 979 119 1018 in
151 993 324 1020 munere
366 994 491 1034 quam
535 981 575 1021 in
619 995 696 1021 usu
739 995 814 1022 suo
847 980 1234 1036 cons[t]i<s>t[u]ere
1267 983 1434 1036 maluit,
1465 996 1538 1023 ac-

79 1036 247 1077 demum
278 1036 395 1078 humi
426 1038 632 1080 iacentem
668 1039 814 1080 erexit.
868 1037 955 1080 Nec
978 1040 1113 1080 minus
1147 1055 1289 1094 regem
1322 1045 1512 1082 materne

79 1108 180 1148 erga
202 1094 443 1149 Bogiszlaui
474 1095 581 1137 filios
615 1095 930 1138 necessitudinis
953 1101 1167 1151 respectus
1189 1098 1402 1152 tangebat.
1445 1098 1512 1139 Ita

9 1167 44 1193 15
77 1151 363 1194 Sclauicarum
404 1167 544 1195 rerum
589 1153 844 1205 dominium,
886 1155 1064 1196 assiduis
1102 1155 1365 1196 Waldemari
1394 1155 1512 1196 labo-

79 1210 195 1250 ribus
227 1217 451 1265 negatum,
488 1212 667 1266 paruulo
700 1211 868 1253 Kanuto
899 1213 1074 1266 negocio
1115 1213 1396 1254 contributum
1438 1218 1512 1262 est,

78 1267 186 1308 felici
205 1268 293 1309 eius
316 1269 466 1309 milicia
486 1274 706 1324 paternam
722 1269 1070 1324 supergrediente
1091 1271 1318 1311 fortunam.
1350 1269 1513 1311 Eodem

77 1327 280 1380 temporis
323 1332 563 1379 momento,
595 1328 754 1382 ingenti
786 1328 957 1368 nubium
986 1329 1200 1371 uolumine
1232 1328 1400 1381 colliso,
1439 1341 1514 1382 per

80 1397 283 1424 summam
317 1385 536 1440 utriusque
578 1385 713 1439 gentis
756 1385 1111 1427 cxanimacionem
1141 1386 1274 1428 fracta
1315 1398 1512 1440 crepuere

9 1456 46 1483 ‘20
79 1441 276 1483 tonitrua.
339 1442 433 1490 Quo
475 1448 632 1484 euentu
673 1443 854 1484 Sclauici
894 1444 1012 1497 regni
1053 1444 1264 1485 interitum
1308 1442 1512 1497 portendi,

77 1511 102 1539 a
144 1499 483 1556 coniecturarum
522 1500 744 1556 sagacibus
790 1500 1075 1542 existimatum
1122 1506 1196 1542 est.
1273 1501 1513 1554 Bogiszlaui

77 1569 246 1612 quoque
293 1558 479 1611 animus,
528 1558 766 1599 constancie
811 1558 1056 1613 pignoribus
1106 1559 1307 1611 refectus,
1353 1558 1514 1612 accepti

77 1615 270 1656 beneficii
311 1617 556 1657 memoriam
602 1615 653 1657 ad
688 1616 879 1657 ultimum
918 1630 1054 1671 usque
1095 1617 1182 1657 uite
1214 1622 1379 1670 tempus
1413 1616 1514 1656 inui-

79 1671 224 1714 olabili
256 1673 337 1715 fide
370 1673 583 1724 exhibuit3
623 1674 729 1715 adeo
762 1679 832 1724 ut,
876 1687 969 1714 cum
1010 1688 1206 1729 supremo
1247 1672 1394 1714 morbo
1427 1687 1515 1714 cor-

5 1746 42 1773 25
74 1734 224 1785 reptus
254 1731 296 1771 in
327 1731 482 1773 lectulo
527 1731 766 1783 laberetur,
809 1730 1019 1773 adhibitos
1051 1733 1208 1772 amicos
1245 1730 1513 1772 iureiurando

78 1787 375 1843 obstringeret,
407 1803 480 1830 eos
503 1789 725 1843 coniugem
760 1803 879 1830 suam
911 1803 958 1830 ac
980 1789 1134 1830 liberos
1168 1789 1220 1830 ad
1252 1801 1396 1842 regem
1421 1801 1512 1842 per-

78 1845 291 1899 ducturos,
325 1861 506 1902 eumque
539 1847 757 1888 diuidendi
788 1847 897 1888 inter
939 1847 1119 1902 pupillos
1151 1847 1270 1901 regni
1300 1848 1513 1886 auctorem

76 1903 318 1956 habituros,
361 1909 403 1946 et
445 1904 556 1960 quod
598 1905 632 1946 is
673 1905 910 1956 statuisset,
951 1903 1126 1958 perinde
1167 1918 1215 1944 ac
1259 1907 1511 1944 testamento

78 1966 247 2001 cautum
287 1961 596 2013 custodituros,
639 1962 739 2002 nihil
781 1976 825 2003 se
867 1961 918 2003 de
958 1963 1174 2003 Danorum
1217 1960 1300 2001 fide
1332 1960 1513 2001 hesitare

8 2035 45 2062 30
75 2022 279 2071 testatus,
322 2033 502 2075 quorum
545 2020 716 2074 egregia
760 2020 890 2061 tocies
932 2020 1222 2074 experimenta
1268 2017 1510 2072 susceperit.

78 2076 363 2118 Succurrebat
405 2078 514 2120 enim
559 2078 709 2119 illustri
751 2077 865 2130 uiro,
899 2082 1077 2132 quantos
1118 2076 1277 2117 fructus
1308 2075 1511 2130 Rugianis

78 2134 309 2176 constantis
342 2149 441 2191 erga
471 2129 618 2177 Danos
651 2135 837 2177 amicicie
869 2135 1060 2176 custodia
1090 2134 1334 2190 peperisset.

1309 2657 1373 2695 43*
