1884 3126
331 871 368 899 10

328 1157 365 1186 15

327 1445 364 1473 20

405 211 487 254 640
955 233 1008 241 -—
1070 207 1207 252 XIIII
1267 231 1319 239 -

401 344 607 395 precatur,
638 353 690 380 ne
720 337 763 379 in
793 337 944 391 uulgus
976 341 1129 392 negate
1160 337 1249 392 opis
1280 336 1394 377 fama
1426 334 1710 379 dissereretur.
1768 334 1835 379 Sic

401 411 500 451 rege
531 396 725 449 dimisso,
766 394 957 449 promissi
997 395 1050 436 ab
1083 408 1133 436 eo
1165 394 1338 450 presidii
1376 394 1691 436 simulacionem
1722 395 1834 449 apud

401 454 564 505 milites,
597 467 649 493 ne
671 453 724 493 ad
747 451 943 493 Cesarem
964 451 1204 506 deficerent,
1227 451 1466 504 exhibebat,
1498 451 1577 492 hac
1598 465 1670 506 spe
1692 465 1834 493 eorum

400 511 558 551 animos
603 510 768 551 firmare
821 509 1004 563 cupiens.
1076 508 1295 564 Regressis
1338 508 1435 549 inde
1480 508 1637 563 Danis,
1683 509 1835 550 mirum

399 567 511 608 dictu
543 571 583 608 et
613 567 803 608 nouitate
834 566 1072 621 prodigium
1093 566 1251 608 incidit.
1295 565 1510 620 Siquidem
1530 579 1614 607 una
1644 567 1834 608 noccium

400 624 584 665 infinitus
627 625 808 665 murium
847 637 952 678 grex
983 638 1006 665 e
1037 624 1266 679 longinquo
1308 637 1403 664 rure
1434 637 1694 677 concurrens,
1726 624 1834 666 tristi

401 685 573 723 occentu
604 681 727 734 edito,
760 681 1022 723 Selcensibus
1065 682 1182 736 aquis
1213 695 1288 722 sua
1318 685 1465 735 sponte
1505 681 1742 723 submersus
1772 682 1832 723 in·

401 739 525 780 teriit.
597 739 785 787 Quorum
827 738 1100 780 cadaueribus
1131 740 1147 790 ΙΙ
1178 742 1302 780 uento
1347 738 1509 779 iactatis
1550 738 1665 780 littus
1712 753 1832 781 mane

400 800 655 837 constratum
685 797 892 851 apparuit.
954 795 1044 844 Que
1075 810 1140 837 res
1170 795 1315 837 utilior
1346 795 1489 837 incolis
1519 810 1573 837 an
1604 796 1832 839 mirabilior

398 854 547 906 fuerit,
594 854 796 895 incertum
843 858 918 895 est.
995 853 1157 895 Eadem
1202 867 1365 908 quoque
1410 859 1530 895 nocte
1566 854 1571 906 Ι
1608 854 1832 896 Absalonis

399 912 583 966 quietem
625 912 827 966 capientis
868 911 1021 953 exuuie
1061 925 1085 952 a
1126 911 1327 952 soricibus
1364 924 1530 952 corrose
1561 911 1835 953 certissimum

397 969 537 1011 future
568 969 808 1011 uexacionis
840 969 928 1010 eius
959 982 1080 1010 omen
1111 968 1277 1010 dedere.

536 1025 614 1068 Cui
654 1026 910 1068 Sialandiam
954 1040 1141 1080 regresso
1182 1026 1424 1080 nunciatur,
1467 1025 1644 1067 turbatis
1684 1026 1832 1069 Scanie

397 1084 541 1137 rebus,
581 1084 750 1139 plebem
781 1098 806 1124 a
837 1084 1085 1139 primoribus
1126 1083 1397 1125 dissidentem
1437 1083 1662 1125 aduersum
1692 1085 1831 1139 regios

397 1146 611 1197 questores
641 1141 807 1196 publice
838 1142 1186 1183 consternacionis
1228 1141 1432 1196 impetum
1463 1141 1736 1183 distrinxisse.
1795 1142 1831 1183 E

396 1199 544 1254 quibus
575 1199 790 1254 Agonem,
833 1199 1049 1254 splendide
1089 1199 1325 1254 prefecture
1364 1199 1530 1253 uirum,
1562 1199 1604 1239 in
1635 1201 1831 1242 concione

395 1257 612 1298 Lundensi
629 1257 753 1312 plena
773 1256 1020 1298 temeritatis
1037 1257 1242 1298 uiolencia
1258 1256 1498 1311 probrosius
1515 1261 1830 1312 contrectatum,

395 1329 443 1356 ac
474 1328 605 1369 prope
635 1315 754 1369 uulgi
785 1314 976 1356 manibus
1007 1314 1275 1369 discerptum,
1319 1314 1363 1355 ni
1392 1314 1436 1355 in
1467 1314 1589 1356 edem
1618 1313 1706 1355 diui
1736 1329 1830 1356 con-

395 1372 570 1426 fugisset
600 1372 835 1413 Laurencii.
897 1372 1032 1420 Quam
1062 1372 1213 1426 facem,
1244 1371 1603 1413 turbulentissimo
1646 1372 1830 1414 multitu·

395 1429 500 1472 dinis
539 1430 678 1471 furore
718 1444 961 1484 accensam,
1002 1444 1085 1471 non
1115 1430 1194 1470 nisi
1232 1443 1308 1484 per
1338 1430 1596 1471 Absalonem
1637 1431 1828 1484 extingui

392 1502 528 1543 posse,
560 1488 626 1529 cui
656 1486 844 1529 fasscilius
874 1488 927 1529 sit
956 1487 1125 1529 orientis
1156 1501 1282 1542 quam
1313 1487 1445 1528 adulti
1473 1486 1678 1528 tumultus
1708 1501 1826 1529 arma

392 1545 681 1601 comprimere.
743 1546 880 1594 Quam
914 1545 967 1587 ob
999 1559 1088 1586 rem
1120 1550 1313 1600 oportere
1344 1559 1441 1587 eum
1473 1546 1601 1586 citato
1634 1543 1828 1586 Scaniam

391 1608 548 1659 petere,
581 1603 614 1644 si
644 1603 770 1645 rebus
801 1603 910 1658 regis
941 1602 1231 1644 laborantibus
1262 1602 1387 1657 digne
1409 1602 1643 1645 consultum
1671 1603 1823 1658 cupiat.

332 1680 340 1688 ·
391 1662 483 1710 Qua
514 1661 565 1702 de
596 1675 641 1702 re
672 1660 785 1702 Suno
820 1668 861 1702 et
891 1660 1105 1702 Esbernus
1137 1660 1325 1714 consulti,
1358 1673 1484 1715 quam
1519 1665 1714 1716 poterant
1744 1661 1825 1702 dis-

321 1732 359 1761 25

316 2010 354 2049 30

314 2309 351 2337 35

313 2597 350 2626 40

390 1718 580 1760 suasoriis
612 1719 751 1760 uerbis
784 1718 1094 1773 profeccionem
1115 1718 1389 1772 damnabant,
1417 1718 1606 1771 dicendo,
1639 1731 1825 1773 comper-

389 1781 479 1818 tum
511 1776 603 1830 sibi,
636 1777 764 1817 tacita
795 1776 1032 1832 principum
1053 1775 1366 1831 conspiracione
1387 1776 1555 1831 plebem
1585 1776 1825 1819 instinctam

387 1848 470 1875 non
513 1834 626 1875 aliud
673 1834 750 1875 hoc
796 1840 933 1887 motu,
981 1847 1106 1888 quam
1150 1833 1354 1875 Absaloni
1394 1834 1627 1888 periculum
1666 1838 1822 1888 petere.

388 1891 470 1933 Sed
492 1891 777 1933 Scaniensium
808 1891 958 1946 legatis
988 1905 1077 1932 rem
1108 1891 1196 1933 sine
1228 1905 1276 1933 eo
1297 1891 1527 1932 sedandam
1557 1889 1822 1948 negantibus,

387 1950 541 1991 iturum
573 1964 630 2002 se,
662 1954 872 2004 utcunque
904 1949 988 1990 fors
1017 1948 1194 2003 tulisset,
1225 1949 1452 2004 respondit,
1484 1951 1617 1993 eciam
1643 1949 1822 1991 salutem

384 2021 514 2059 suam,
547 2008 581 2048 si
612 2008 670 2048 ita
701 2021 767 2049 res
798 2011 997 2062 posceret,
1029 2011 1089 2048 tot
1121 2006 1301 2061 egregiis
1332 2007 1442 2061 regis
1474 2009 1630 2051 meritis
1661 2008 1821 2061 impen-

386 2079 539 2106 surum.
610 2065 746 2120 Igitur
784 2064 1020 2120 premissis,
1059 2064 1131 2119 qui
1175 2063 1324 2105 Scanie
1364 2064 1586 2119 primores,
1627 2065 1821 2108 habende

387 2123 596 2164 concionis
619 2137 758 2177 causa,
790 2122 843 2164 ad
866 2122 1013 2164 urbem
1033 2120 1244 2162 Lundiam
1271 2122 1577 2177 contraherent,
1609 2123 1821 2176 extemplo

385 2194 428 2222 se
473 2184 697 2222 uenturum
743 2180 962 2235 promittit.
1032 2178 1121 2220 Nec
1168 2179 1360 2220 Scaniam
1406 2185 1550 2234 petere
1591 2185 1818 2232 cunctatus,

384 2238 558 2292 patricio
596 2238 746 2293 spiritu
785 2238 952 2293 publico
992 2236 1123 2278 furori
1162 2238 1443 2278 constanciam
1480 2253 1599 2280 suam
1638 2240 1818 2281 obiicere
1879 2235 1884 2274 J

1851 1510 1884 1538 Cl

381 2296 634 2351 properauit.
685 2296 812 2337 Plebs
833 2295 1055 2351 siquidem,
1077 2294 1292 2336 acerrimis
1314 2297 1663 2338 consternacionis
1684 2296 1815 2338 flucti-
1867 2346 1871 2353 ,

383 2353 459 2395 bus
491 2354 708 2406 concitata,
740 2354 874 2395 ciuilis
905 2352 1055 2394 iniurie
1087 2348 1275 2407 querelas
1306 2352 1506 2395 sedicioso
1539 2354 1816 2396 accusacionis
1872 2381 1875 2385 ·

381 2424 535 2466 genere
566 2411 909 2467 prosequebatur.
971 2410 1054 2452 Sed
1085 2416 1127 2451 et
1157 2409 1446 2464 Thordonem,
1480 2413 1713 2453 concionari
1744 2426 1815 2453 ex-

381 2482 540 2522 orsum,
584 2470 739 2511 crebris
777 2469 908 2511 sibilis
947 2468 1184 2522 infestoque
1222 2468 1403 2509 clamore
1448 2474 1651 2510 uexatum
1695 2473 1814 2525 cepto

382 2525 580 2569 desistere
612 2529 763 2583 coegit.
825 2525 985 2568 Ceteris
1015 2539 1183 2581 quoque
1213 2525 1426 2579 regiarum
1457 2528 1645 2581 parcium
1675 2541 1814 2569 assen-

380 2584 543 2627 soribus
574 2585 739 2628 dicendi
777 2589 983 2643 potestate
1013 2588 1193 2638 negata,
1231 2583 1366 2625 solam
1397 2583 1621 2626 Absalonis
1664 2599 1813 2626 uocem
