1884 3126
690 257 744 263 —-
804 231 922 274 XIII
984 257 1036 262 —
1505 230 1586 271 441

138 361 370 404 ludibrium
413 363 679 410 reseruatus,
724 360 921 402 estimato
954 361 1111 415 pariter
1142 364 1184 402 et
1217 359 1410 402 orbitatis
1442 353 1519 402 sue
1550 362 1592 401 et

141 421 263 462 etatis
295 419 459 472 habitu,
491 432 577 460 non
597 423 644 460 ut
665 418 743 460 sibi
766 431 1066 471 successorem,
1095 418 1168 460 sed
1192 423 1238 460 ut
1259 418 1399 460 emulo
1423 418 1590 460 hostem

141 479 423 533 relinqueret,
470 476 706 518 Haraldum
753 477 874 530 regni
920 481 1018 531 post
1056 491 1101 518 se
1142 477 1331 518 declarat
1374 475 1589 519 heredem.

139 537 306 579 Deinde
339 536 639 586 Slesuicenses,
672 534 726 576 ob
751 534 893 588 Magni
923 534 1173 590 iampridem
1207 534 1369 576 facinus
1392 534 1591 586 infensos,

90 608 106 634 5
139 595 192 636 ad
224 594 416 636 habitum
460 598 612 649 pacate
655 594 809 634 mentis
848 591 1052 635 reducere
1086 593 1281 649 cupiens,
1325 593 1376 635 de
1421 607 1591 649 compo-

141 652 282 695 nenda
322 666 477 695 secum
504 665 611 707 pace
652 651 871 705 sollicitat,
914 650 1174 706 eosdemque
1205 655 1247 692 et
1286 651 1408 693 etatis
1441 666 1516 693 sue
1550 655 1592 692 et

141 711 312 752 fortune
353 708 717 764 miseracione<m>
759 715 930 752 acturos
975 709 1239 762 existimans,
1288 709 1592 752 sumendorum

142 769 339 811 obsidum
369 769 513 825 gracia
546 768 747 824 oppidum
780 769 936 810 intrare
969 768 1199 810 constituit.
1262 767 1463 819 Rursum,
1497 782 1590 810 cum

142 831 269 884 caput
310 842 430 869 suum
473 827 743 883 inexplorate
783 827 879 868 fidei
923 826 1088 868 ciuibus
1131 826 1315 868 obiicere
1366 826 1592 879 dubitaret,

73 896 109 924 10
140 885 329 941 Beyonis
362 885 602 939 cuiusdam,
635 899 842 927 summam
881 885 992 927 inter
1024 884 1260 939 oppidanos
1292 885 1593 928 auctoritatem

141 945 342 999 gerentis,
376 944 593 986 hortatum
624 950 815 998 secutus,
858 944 1038 986 salutem
1071 944 1194 984 simul
1229 957 1324 985 cum
1355 944 1592 999 suspicione

141 1003 356 1059 deposuit.
387 1003 542 1045 Portas
566 1002 777 1058 siquidem
799 1002 851 1043 de
874 1001 1083 1043 industria
1104 1001 1340 1057 patefactas
1361 1003 1592 1057 ingressus,

140 1065 187 1102 ut
218 1062 334 1117 pium
367 1061 489 1111 cleri,
533 1061 592 1102 ita
621 1061 806 1103 ferocem
845 1060 984 1116 plebis
1017 1073 1240 1102 occursum
1280 1061 1481 1116 repperit.
1541 1060 1592 1102 In

140 1119 392 1174 excipiendo
434 1134 618 1175 namque
662 1134 712 1161 eo
756 1119 975 1161 diuiduum
1019 1118 1167 1160 ciuitas
1199 1120 1382 1160 animum
1427 1119 1591 1161 habuit.

70 1188 106 1215 15
141 1177 314 1220 Clericis
347 1178 504 1233 quippe
537 1192 633 1220 eum
668 1191 785 1220 sacre
807 1177 1091 1234 processionis
1115 1176 1254 1219 officio
1279 1177 1591 1230 uenerantibus,

142 1240 282 1278 cetera
315 1236 397 1278 uici
428 1250 525 1292 pars
558 1241 605 1278 ut
628 1235 797 1277 hostem
820 1236 1001 1291 excepit.
1065 1234 1148 1283 Qui
1179 1249 1272 1276 cum
1295 1236 1403 1277 inter
1426 1236 1592 1291 plateas

142 1293 334 1336 aduersis
379 1294 457 1336 sibi
488 1294 619 1348 signis
653 1294 824 1336 obuiam
856 1293 1227 1351 iri,conspiceret,
1273 1294 1442 1343 amicis,
1473 1299 1520 1335 ut
1550 1293 1593 1335 in

142 1351 266 1394 edem
297 1353 415 1394 Petri
449 1352 705 1408 confugeret,
739 1350 1098 1408 exhorltantibus,
1131 1352 1272 1394 aulam
1316 1351 1493 1408 petiuit,
1536 1356 1591 1403 et,

138 1425 191 1453 ne
233 1416 408 1453 cruenta
449 1412 740 1454 corrixacione
781 1411 912 1452 diuini
954 1410 1201 1452 sedarentur
1243 1415 1444 1466 penates,
1477 1410 1594 1465 regia

68 1477 106 1505 20
138 1483 232 1511 sese
264 1484 391 1525 quam
425 1469 584 1524 templo
627 1470 735 1511 tueri
778 1469 948 1524 maluit,
989 1472 1165 1524 paterno
1208 1469 1250 1510 in
1283 1469 1370 1511 lare
1403 1469 1591 1525 quiecius

141 1527 361 1569 obiturum
391 1528 596 1584 prefatus,
657 1527 750 1570 Nec
782 1527 917 1570 defuit
948 1527 1155 1569 militibus
1176 1531 1376 1582 prompta
1398 1542 1516 1568 mens
1538 1527 1591 1568 ad

139 1586 229 1627 eius
277 1586 462 1627 salutem
503 1586 588 1628 suis
629 1586 820 1628 cladibus
863 1585 1190 1628 defendendam.
1264 1585 1352 1626 Diu
1383 1585 1592 1642 siquidem

137 1644 347 1685 intactum
390 1658 486 1685 eum
528 1644 726 1686 animosis
771 1658 997 1700 corporum
1029 1658 1202 1686 suorum
1237 1644 1470 1686 obiectibus
1507 1657 1591 1685 ser-

140 1706 367 1756 uauerunt,
399 1716 538 1757 neque
573 1703 690 1745 triste
724 1703 958 1756 duxerunt,
990 1716 1066 1759 pro
1098 1702 1257 1744 tuenda
1289 1703 1401 1744 illius
1432 1702 1592 1743 incolu-

70 1769 107 1796 25
140 1761 289 1802 mitate
321 1775 442 1802 suam
483 1761 645 1802 ultimis
675 1761 895 1817 implicare
936 1760 1149 1817 periculis.
1211 1760 1403 1809 Quorum
1436 1760 1592 1802 Slesui-

140 1832 286 1860 censes
327 1819 510 1875 primum
554 1821 762 1875 sanguine
793 1818 996 1876 profuso,
1035 1818 1088 1860 ad
1126 1819 1324 1861 ultimum
1356 1823 1398 1861 et
1426 1819 1593 1874 regium

140 1876 484 1933 absumpserunt.

1648 1352 1674 1376 p.
1694 1342 1743 1370 657

376 2155 631 2186 EXPLICITVS
663 2156 741 2186 EST
773 2157 903 2186 LIBER
934 2155 1123 2186 DECIMVS
1155 2156 1351 2187 TERCIVS.
