1884 3126
310 912 346 939 10

313 1200 344 1227 15

1648 356 1668 371 ο
1691 350 1696 355 ,

376 403 471 430 nem
502 387 774 443 poscencium.
837 386 950 433 Quis
983 399 1077 426 cum
1098 385 1321 433 Homerus
1345 383 1591 439 Ripensium
1625 383 1808 433 antistes,

377 460 499 500 quem
544 449 685 498 preter
734 442 947 496 religionis
998 442 1247 507 dignitatem
1297 441 1518 496 singularis
1568 441 1809 496 eloquencie

379 503 543 543 claritas
574 500 905 551 commendabat,
938 499 1115 564 copiosis
1137 499 1330 541 facundie
1353 499 1610 540 documentis
1635 498 1809 539 delinire

382 573 466 600 non
515 561 675 613 posset,
721 562 928 611 postremo
973 557 1058 597 uim
1108 557 1248 598 uerbis
1292 556 1632 621 anteponendam
1682 561 1809 608 ratus,

382 615 588 668 quendam
622 628 674 655 ex
706 614 926 655 sedicionis
959 614 1242 666 consortibus,
1274 621 1371 655 ante
1402 614 1570 655 tentorii
1607 614 1669 654 sui
1701 613 1811 654 fores

380 672 632 727 pertinacius
672 671 1003 726 obstrepentem,
1047 671 1195 726 prendi
1226 672 1455 726 uincirique
1486 671 1661 712 curauit.
1723 671 1811 718 Que

380 743 445 770 res
475 729 619 783 populi
663 730 902 769 clamorem·
929 729 1071 781 auxit,
1114 729 1364 770 sedicionem
1396 728 1597 770 accendit.
1637 731 1641 778 Ι
1677 728 1812 782 Igitur

380 791 543 841 patres,
587 786 721 840 plebis
764 800 788 826 a
830 800 928 840 rege
970 800 1063 826 cum
1105 791 1345 840 contemptu
1385 786 1550 841 imperii
1588 785 1812 826 discessum

380 844 516 896 ueriti,
551 843 852 884 communicato
885 843 1108 897 colloquio,
1141 843 1457 898 expedicionem
1497 844 1550 884 ab
1588 857 1635 884 eo
1666 849 1811 897 sponte

377 900 623 942 soluendam
645 901 765 941 decer
770 906 886 953 nunt
910 902 1175 942 temerariam
1199 902 1286 942 eius
1307 901 1596 956 delapsionem
1618 901 1811 941 simulate

377 958 546 999 licencie
592 958 791 999 beneficio
834 958 1158 1023 piecurrendam
1198 963 1415 1012 putantes
1456 972 1507 999 ne
1548 958 1680 1012 magis
1721 972 1812 1012 pro-

377 1016 466 1069 prio
507 1015 632 1055 ductu
674 1015 781 1055 finiri
826 1030 947 1069 quam
989 1016 1104 1068 regio
1145 1021 1249 1057 nutu
1279 1016 1435 1057 remitti
1464 1016 1699 1064 uideretur3
1732 1029 1812 1070 que

376 1073 409 1113 si
449 1073 491 1113 in
534 1073 800 1126 preripiendo
845 1073 982 1113 reditu
1021 1074 1187 1127 proprie
1230 1074 1456 1114 uoluntatis
1499 1078 1654 1114 motum
1698 1073 1812 1114 ducis

377 1131 547 1171 arbitrio
571 1130 822 1182 pretulisset,
855 1131 1023 1171 euenire
1047 1144 1181 1184 posse,
1208 1131 1320 1185 quod
1343 1131 1440 1172 diuo
1465 1130 1648 1182 Kanuto,
1679 1131 1811 1171 solute

377 1188 518 1228 classis
550 1201 678 1241 penas
709 1201 733 1227 a
765 1188 901 1242 patria
933 1188 1133 1242 exigenti,
1166 1188 1389 1242 contigisse
1421 1189 1640 1242 prodatur3
1687 1202 1812 1243 quam

377 1259 464 1285 rem
498 1244 681 1290 Kanuto,
712 1245 745 1285 si
777 1250 938 1298 patrem
970 1246 1057 1286 eius
1089 1246 1172 1286 iam
1203 1246 1309 1287 febri
1340 1246 1601 1300 implicatum
1642 1259 1812 1300 presens

377 1302 548 1342 morbus
580 1302 830 1346 absumeret,
863 1304 981 1356 regni
1013 1304 1311 1344 successionem
1345 1303 1529 1344 adimere
1560 1317 1691 1358 posse.
1732 1302 1811 1343 His

378 1360 557 1400 consiliis
580 1359 782 1400 adductus
804 1359 998 1401 Kanutus
1021 1365 1289 1401 conuocatam
1314 1361 1500 1412 classem,
1532 1360 1642 1401 facta
1674 1374 1812 1401 reuer-

378 1417 492 1457 tendi
524 1421 745 1471 potestate,
777 1417 958 1463 dimittit
995 1418 1181 1459 beneficii
1213 1419 1302 1460 loco
1326 1432 1514 1471 erogans,
1547 1418 1655 1472 quod
1678 1418 1812 1472 plebis

307 1486 345 1514 20
375 1474 609 1529 petulancie
654 1488 809 1528 negare
855 1490 935 1516 non
982 1490 1054 1531 po
1039 1480 1160 1516 terat.
1241 1476 1307 1516 Ita
1359 1476 1576 1516 sedicionis
1628 1475 1812 1529 periculo

313 1775 350 1803 25

316 2061 353 2090 30

312 2349 349 2378 35

314 2637 349 2665 40

379 1532 533 1573 bellum
566 1532 756 1572 omitt‹re
789 1539 972 1586 coactus,
1004 1547 1096 1574 cum
1119 1533 1345 1585 Absalone,
1370 1533 1559 1574 Esberno
1582 1537 1623 1574 et
1645 1533 1811 1574 Sunone

378 1589 435 1629 W
438 1589 678 1642 orthingum
699 1590 939 1644 adnauigat,
971 1596 1145 1645 paterne
1166 1591 1294 1631 febris
1316 1592 1477 1631 exitum
1499 1595 1810 1645 expectaturus.

378 1646 512 1700 Igitur
553 1647 869 1700 Waldemarus,
912 1662 986 1702 per
1013 1653 1218 1702 'apertam
1260 1648 1439 1689 cubiculi
1479 1649 1542 1689 sui
1585 1648 1811 1689 fenestram

378 1704 563 1745 uelorum
614 1704 794 1745 reditum
845 1706 1173 1760 contemplatus,
1227 1706 1521 1747 ammiracione
1571 1706 1630 1747 rei
1678 1705 1811 1746 morbi

380 1761 536 1815 pariter
576 1766 700 1815 atque
747 1763 993 1816 egritudinis
1036 1764 1293 1804 incrementa
1339 1763 1563 1804 contraxit.
1638 1763 1811 1804 Summa

380 1825 519 1859 tamen
551 1819 766 1874 utriusque
798 1820 1130 1862 dissimulacione
1161 1835 1270 1873 usus,
1302 1821 1434 1862 filium
1466 1820 1519 1862 ad
1550 1834 1593 1862 se
1624 1835 1718 1862 cum
1749 1834 1812 1860 ar-

380 1876 496 1916 bitris
528 1877 765 1918 uenientem
799 1884 884 1918 tam
917 1878 1039 1919 hilari
1069 1879 1189 1919 uultu
1222 1879 1410 1930 admisit,
1448 1886 1493 1919 ut
1525 1892 1630 1933 pene
1662 1878 1809 1919 morbo

380 1947 535 1974 uacuus
577 1939 805 1987 putaretur.
880 1935 989 1983 Quin
1033 1936 1161 1976 eciam
1203 1950 1246 1977 se
1289 1937 1459 1977 minimo
1501 1936 1652 1976 doloris
1690 1950 1812 1976 sensu

381 1992 512 2032 teneri
544 1991 721 2040 dicebat,
744 1994 926 2047 corporis
948 1993 1183 2034 molestiam
1214 1994 1339 2034 animi
1371 1994 1518 2034 robore
1550 1993 1811 2034 dissimulare

381 2049 583 2090 conando.
658 2049 786 2104 Apud
826 2050 1082 2091 Absalonem
1129 2055 1268 2092 tamen
1313 2051 1551 2104 religiosum
1596 2051 1811 2105 culparum

382 2106 680 2147 confessionem
708 2121 846 2172 agere
886 2123 967 2149 non
1009 2108 1184 2161 oblitus,
1226 2109 1428 2149 incertum
1469 2109 1611 2149 mo1tis
1649 2113 1812 2162 tempus

379 2176 496 2204 sacro
538 2164 810 2206 correccionis
850 2179 1005 2219 genere
1045 2165 1373 2221 precurrendum
1416 2166 1633 2218 credebat,
1678 2179 1812 2206 seram

380 2225 505 2275 atque
550 2222 740 2262 inutilem
785 2224 1064 2277 penitenciam
1115 2223 1323 2288 iudicans,
1376 2237 1456 2277 que
1507 2223 1813 2264 emendacionis

381 2278 474 2319 odio
513 2279 723 2333 nimiaque
766 2281 966 2333 peccandi
1009 2281 1326 2335 perseuerancia
1367 2281 1420 2321 ad
1461 2281 1653 2321 ultimum
1683 2294 1813 2335 usque

380 2337 501 2377 etatis
531 2336 753 2377 terminum
785 2343 1046 2392 prorogatur.
1094 2338 1296 2379 Preterea
1327 2338 1426 2379 locis
1458 2339 1685 2379 monastica
1716 2338 1811 2378 reli-

381 2393 503 2459 gione
549 2395 718 2434 sacratis
765 2395 981 2436 dimidium
1017 2396 1264 2461 patrimonii
1311 2396 1395 2446 sui,
1443 2409 1522 2450 que
1568 2395 1621 2436 ad
1667 2396 1811 2436 fiscum

380 2451 543 2505 regium
564 2452 843 2505 pertinebant,
862 2453 1060 2508 exceptis,
1084 2457 1333 2494 testamento
1354 2454 1525 2507 legauit.
1559 2452 1641 2494 Sed
1665 2453 1812 2494 ceteris

380 2508 488 2550 bene
519 2508 571 2550 de
601 2508 686 2549 eius
717 2510 850 2550 salute
890 2510 1176 2565 sperantibus,
1217 2507 1339 2565 sollus
1372 2509 1508 2563 Suno,
1548 2511 1635 2551 siue
1666 2510 1813 2551 somnii

382 2566 544 2608 monitu
575 2566 662 2607 siue
693 2567 774 2608 alio
805 2569 955 2608 mentis
1001 2568 1168 2609 oraculo
1199 2567 1356 2620 doctus,
1387 2567 1560 2609 fatalem
1587 2568 1693 2608 hano
1723 2568 1813 2621 regi

381 2623 539 2665 febrem
572 2624 882 2678 augurabatur,
921 2639 1099 2680 quonam
1139 2625 1260 2666 modo
1291 2625 1365 2666 filii
1397 2626 1540 2679 rebus,
1586 2625 1812 2668 decedente
