1884 3126
373 208 455 249 458
906 226 944 230 «—
1017 199 1154 241 XIIII
1215 225 1267 231 —

375 332 498 376 emuli
544 344 711 372 manum
756 331 961 370 attentare
1006 326 1250 368 formidans.
1324 324 1556 367 Interiecto
1602 330 1805 392 tempore,

372 390 550 444 receptis
592 387 731 442 precio
774 386 973 440 captiuis,
1015 398 1188 426 securus
1227 383 1383 425 Iutiam
1425 382 1536 424 adire
1576 384 1804 426 constituit.

373 445 622 500 Peragranti
666 443 859 485 Fioniam
902 441 1091 484 Ebbonis
1133 456 1155 482 e
1196 442 1285 482 uita
1330 441 1552 482 nunciatur
1593 455 1804 483 excessus.

374 504 502 545 Cuius
535 501 621 542 fato
655 501 855 549 deiectus,
887 500 1028 540 relatis
1070 500 1113 540 in
1156 498 1413 540 Sialandiam
1445 499 1598 554 copiis,
1631 514 1805 554 presens

323 572 338 597 5
371 560 468 601 belli
490 559 751 614 propositum
774 558 943 611 desciit,
966 556 1222 612 militemque
1245 556 1446 610 plangere
1469 570 1594 611 quam
1620 558 1806 598 emulum

303 858 334 885 10

302 1144 332 1171 15

291 1722 327 1748 25

291 2011 327 2039 30

290 2301 325 2328 35

370 620 577 659 incessere
608 617 769 657 maluit.
829 614 951 656 Adeo
979 615 1090 656 enim
1111 614 1373 655 familiariter
1404 628 1454 655 eo
1486 628 1601 667 usus,
1634 621 1681 656 ut
1702 615 1803 656 nihil

367 676 408 716 in
452 674 570 728 foro,
617 674 721 714 nihil
772 674 812 713 in
863 673 1007 713 castris
1050 673 1208 726 absque
1249 672 1378 726 ipsius
1425 673 1805 715 amministracione

369 738 544 782 curaret,
577 732 705 786 inque
735 731 910 785 priuatis
943 744 990 771 ac
1022 730 1200 784 publicis
1231 729 1419 783 negociis
1442 744 1614 785 prorsus
1639 744 1692 771 ex
1714 731 1802 772 eius

367 789 536 830 arbitrio
589 789 890 843 sentenciaque
940 787 1158 842 penderet.
1233 787 1293 828 At
1339 787 1412 828 ubi
1456 801 1602 830 recens
1645 787 1804 830 funeris

363 861 502 888 meror
534 848 734 898 exoleuit‚
766 846 922 887 bellum
954 849 1201 899 nouaturus,
1233 859 1308 900 per
1340 845 1533 887 Fioniam
1574 846 1617 886 in
1648 845 1804 887 Iutiam

366 905 606 957 decurrens,
625 904 943 958 Wibergenses‚
966 903 1179 957 regiorum
1204 903 1474 957 uectigalium
1494 904 1804 945 immunitatem

365 967 535 1017 pactos,
577 962 629 1003 ad
670 962 781 1003 bella
812 975 887 1016 pro
922 974 967 1003 se
1008 960 1275 1015 suscipienda
1306 961 1522 1016 perduxit.
1583 960 1682 1004 Huc
1718 961 1804 1003 Ka-

365 1023 492 1061 nutus
525 1020 685 1074 magnis
719 1019 889 1061 orientis
921 1018 1082 1060 uiribus
1114 1018 1353 1061 succinctus
1385 1018 1803 1073 aduehitur,uict01

366 1077 477 1119 haud
525 1077 651 1118 dubie
698 1077 886 1130 futurus,
934 1076 996 1128 ni,
1043 1076 1320 1117 suadentibus
1358 1077 1523 1129 amicis,
1566 1081 1803 1144 equestrem

363 1136 558 1176 miliciam
608 1135 794 1190 pedestri
844 1111 1064 1175 mutasset.
1147 1127 1363 1189 Siquidem
1423 1135 1648 1189 optimates
1699 1137 1803 1189 eius,

365 1193 627 1248 superiorum
676 1193 885 1234 bellorum
937 1192 1177 1245 ammoniti,
1237 1192 1387 1258 quibus
1447 1207 1535 1234 rem
1584 1192 1804 1235 infelicitei

365 1250 591 1306 equitando
636 1264 822 1304 gessere,
868 1265 922 1292 ne
967 1250 1068 1305 fuge
1118 1249 1296 1291 facultas
1346 1250 1527 1305 ignauos
1577 1250 1801 1306 abriperet,

364 1309 658 1350 necessitatem
707 1308 783 1349 sibi
832 1307 986 1350 inferre
1029 1313 1266 1360 tentantes,
1301 1323 1502 1364 equorum
1535 1309 1802 1350 amminicula

363 1366 654 1408 submouenda
695 1366 920 1408 duxerunt.
996 1366 1215 1407 Kanutum
1264 1380 1354 1407 cum
1401 1366 1545 1421 paucis
1591 1367 1800 1422 equitibus

295 1434 310 1458 ι’
360 1423 547 1479 peditum
581 1424 766 1465 medium
797 1424 975 1477 faciunt,
1018 1424 1115 1465 belli
1154 1424 1304 1465 merita
1342 1424 1648 1466 estimaturum.
1710 1424 1801 1466 Nee

362 1483 465 1523 alias
506 1481 646 1522 Sueno
688 1482 814 1523 rebus
856 1483 942 1523 suis
985 1482 1214 1537 impensius
1259 1481 1488 1524 diffidebat.
1557 1481 1617 1523 Vt
1659 1487 1802 1523 autem

361 1539 505 1581 hostes
549 1539 657 1581 ultro
689 1540 840 1581 milicie
874 1540 1182 1594 expedimentis
1215 1540 1314 1580 exui
1344 1539 1471 1592 uidit,
1500 1542 1504 1590 1
1532 1554 1694 1582 summa
1726 1554 1799 1595 spe

363 1602 595 1639 extremam
628 1597 972 1652 desperacionem
1003 1598 1198 1639 mutauit.
1244 1596 1394 1652 Neque
1427 1598 1537 1639 enim
1565 1598 1800 1653 ignorabat,

361 1655 548 1710 equitatu
592 1670 750 1697 uacuos
790 1656 951 1697 lentam
999 1660 1040 1697 et
1085 1655 1315 1710 ignobilem
1362 1656 1559 1698 miliciam
1601 1655 1799 1706 edituros,

357 1713 538 1768 plusque
571 1713 647 1753 sibi
680 1713 851 1768 presidii
883 1713 1053 1755 demere
1076 1727 1201 1769 quam
1224 1713 1462 1755 duramenti
1485 1711 1797 1768 con<s>ciscere

360 1771 417 1812 Et
455 1785 509 1812 ne
552 1771 588 1812 ei
632 1771 775 1812 similis
817 1786 965 1813 manus
1011 1771 1160 1813 deesse
1199 1771 1439 1822 uideretur,
1483 1771 1800 1826 Wibergenses,

361 1832 510 1883 utpote
540 1828 602 1870 rei
633 1830 838 1883 equestris
869 1829 1064 1883 ignaros⁷
1096 1828 1282 1884 pedestri
1323 1830 1453 1883 prelio
1495 1829 1676 1871 militare
1707 1844 1799 1884 pre-

361 1887 494 1941 cepit;
536 1886 758 1928 nonnullos
798 1888 910 1929 inter
950 1887 1192 1942 sagittarios
1234 1891 1276 1927 et
1316 1887 1551 1929 funditores
1593 1886 1799 1942 dispertit.

360 1943 439 1985 His
490 1944 601 1985 leuia
653 1949 864 1986 tormenta
915 1958 1106 2000 saxaque
1156 1945 1312 1985 iactilia
1361 1959 1437 2011 pro
1489 1945 1614 1986 armis
1668 1945 1800 1987 fuere.

357 2002 559 2043 Proxime
594 2003 653 2044 eis
687 2002 738 2043 ab
760 2006 943 2058 utroque
973 2003 1107 2044 latere
1130 2003 1291 2057 equites
1314 2003 1462 2058 iungit,
1494 2017 1594 2044 mox
1616 2003 1798 2045 hostium

359 2065 478 2126 terga
500 2075 548 2115 pl
553 2074 670 2101 essm
675 2075 733 2102 os
780 2060 1082 2103 Committendi
1104 2060 1244 2102 taliter
1264 2061 1386 2116 prelii
1405 2061 1631 2116 precipuus
1653 2066 1801 2102 auctor

359 2118 396 2158 ei
427 2117 726 2159 Waldemarus
759 2119 978 2172 exstabat,
1024 2133 1175 2173 corpus
1206 2118 1324 2159 annis
1355 2123 1570 2172 tenerum,
1612 2120 1795 2160 animum

357 2175 562 2217 industria
584 2176 846 2230 plenalidum
870 2176 1041 2218 habens.
1085 2176 1126 2217 Is
1149 2176 1356 2231 siquidem
1377 2176 1541 2230 pedites
1572 2175 1799 2232 peditibus'!

360 2233 649 2288 opponendos,
681 2235 816 2276 latera
847 2238 988 2276 autem
1021 2237 1063 2276 et
1082 2237 1202 2287 terga
1232 2234 1284 2274 ab
1307 2234 1518 2298 equitibus
1548 2234 1796 2276 incessenda

356 2291 570 2334 docuermat
633 2291 844 2344 Kanutus‚
876 2291 1101 2346 dupliciter
1131 2291 1320 2333 instructi
1346 2292 1476 2333 hostis
1499 2293 1718 2334 consilium
1743 2306 1797 2333 ex

359 2353 566 2404 apparatu
610 2363 894 2404 cognoscens,
936 2349 1297 2404 opportunitatem
1328 2348 1486 2391 insidiis
1527 2363 1685 2405 negare
1716 2350 1796 2391 dis-

357 2407 512 2461 posuit.
576 2407 739 2473 Quibus
777 2412 825 2449 ut
868 2407 1030 2463 copiam
1065 2407 1271 2458 demeret,
1309 2420 1447 2461 neque
1487 2421 1587 2449 suos
1618 2422 1643 2450 a
1674 2412 1795 2462 tergo

359 2464 636 2506 circunueniri
666 2470 906 2520 pateretur,
949 2478 1053 2520 opus
1090 2465 1252 2520 impetu
1276 2468 1418 2519 ratus,
1462 2469 1594 2506 totam
1627 2479 1796 2506 manum

359 2522 401 2562 in
433 2523 773 2575 confertissimos
807 2522 1183 2577 peditesinducit‚
1228 2536 1388 2577 eosque
1418 2522 1575 2578 passim
1607 2527 1649 2564 et
1678 2523 1797 2564 uarie

297 2593 332 2619 40
362 2579 606 2623 resistentes
638 2595 747 2637 pene
780 2595 924 2624 omnes
956 2581 1179 2639 oppressit.
1239 2579 1329 2623 Neo
1371 2593 1420 2622 ea
1459 2584 1599 2623 tamen
1639 2581 1797 2624 uirtute

1858 2244 1884 2278 (¹2
