1884 3126
256 591 271 617 5

234 874 269 900 10

235 1161 271 1186 15

232 1447 268 1474 ‘20

230 1736 268 1763 25

232 2023 269 2050 30

235 2311 271 2338 35

308 225 389 267 480
836 237 890 243 —
948 211 1086 254 ΧΠΠ
1145 235 1199 243 ,-

308 348 372 389 uie
405 347 548 386 (lucem
583 343 844 395 exposceret,
876 352 962 379 non
993 337 1230 390 impetrato,
1250 333 1584 384 Waldemarum,
1615 347 1741 389 quem

309 405 345 446 ei
387 400 705 457 perfamiliarem
747 395 926 448 sciebat,
974 395 1119 448 preces
1162 394 1316 433 iterare
1358 391 1584 445 compellit.
1646 391 1738 440 Quo

306 459 494 515 pontifex
546 456 649 496 clam
702 457 854 494 uocato
905 452 1009 506 regii
1056 451 1217 492 consilii
1262 455 1546 490 commentum
1593 450 1739 504 aperit,

308 516 544 563 confessus,
587 526 631 553 se
665 511 715 551 de
756 509 962 551 industria
1004 522 1183 562 negare,
1227 506 1337 562 quod
1381 507 1418 548 ei
1458 508 1740 561 perniciosum

303 574 555 614 aduerteret.
618 567 677 610 Vt
709 572 852 609 autem
884 567 972 620 regi
1004 565 1249 607 satisfacere
1284 564 1514 617 uideretur,
1549 564 1740 605 dissimu-

306 632 388 671 lata
420 631 642 682 potestate,
674 626 844 666 ductum
877 625 930 665 ab
961 623 1172 676 HenricO,
1205 622 1318 677 quod
1360 623 1551 677 potencia
1590 636 1640 664 ac
1682 622 1741 663 di-

304 688 463 741 gnitate
486 688 707 739 prestaret,
730 687 970 724 commonet
994 680 1291 735 expetendum,
1322 694 1472 722 uerum
1500 682 1573 721 has
1595 694 1739 735 preces

304 759 378 784 suo
432 742 724 795 Suenonisque
777 744 817 781 et
864 738 1126 779 Waldemari
1188 738 1341 778 nuncio
1405 738 1739 779 committendas.

305 800 465 848 Quibus
496 799 706 840 Henricus
748 797 926 850 auditis,
969 810 1061 837 cum
1094 800 1134 836 et
1179 796 1289 850 regis
1321 795 1465 836 dolum
1497 796 1667 837 calleret
1699 800 1741 836 et

300 857 574 898 Waldemaro
619 856 838 896 consulere
880 855 1030 907 uellet,
1075 854 1187 908 quod
1227 868 1251 894 a
1293 867 1437 895 socero
1481 853 1740 896 commodius

304 915 491 969 accipere
525 919 681 967 posset,
712 913 867 953 frustra
900 912 1141 953 Suenonem
1165 927 1187 952 a
1210 926 1255 952 se
1287 912 1479 966 flagitare
1511 911 1740 966 respondit.

303 972 547 1013 Abductum
579 970 731 1012 deinde
763 970 1025 1010 Waldemari
1058 970 1268 1024 legatum,
1309 983 1433 1024 quam
1478 970 1606 1011 noxia
1649 970 1741 1010 mit-

301 1030 405 1071 tenti
426 1033 632 1083 precetur,
664 1029 826 1079 edocet,
857 1028 1094 1082 ipsumque,
1116 1028 1158 1067 ni
1182 1027 1338 1077 redeat,
1361 1026 1474 1081 apud
1498 1026 1739 1069 Com-adum

303 1091 492 1129 extrema
542 1099 762 1140 passurum
816 1085 1052 1126 denunciat.
1113 1084 1250 1138 Igitur
1293 1084 1501 1126 Suenonis
1552 1085 1741 1135 nuncius,

306 1145 559 1198 collegarum
591 1149 770 1198 utroque
804 1143 995 1194 dimisso,
1030 1142 1273 1183 Conradum
1313 1142 1518 1184 accedens
1558 1144 1741 1195 nunciat,

303 1206 520 1256 suspectos
542 1216 684 1255 regem
710 1201 864 1242 habere
887 1201 1161 1255 propinquos,
1184 1214 1302 1255 quos,
1324 1200 1484 1254 pridem
1502 1201 1740 1243 inimicicias

303 1264 565 1313 exercentes,
599 1259 797 1300 connubii
828 1260 1009 1299 recentis
1050 1258 1233 1299 affinitas
1278 1258 1507 1300 concordes
1540 1259 1739 1301 effecerit.

302 1318 337 1359 E
386 1317 534 1372 quibus
584 1331 713 1357 unum
761 1317 797 1357 ei
843 1316 1134 1357 fraudulenter
1178 1316 1356 1357 accitum
1401 1316 1442 1356 in
1495 1318 1740 1358 comitatum

303 1375 493 1427 cessisse,
526 1388 651 1429 quem
685 1374 796 1429 apud
820 1374 969 1429 ipsum,
1001 1388 1205 1415 nouarum
1231 1388 1370 1415 rerum
1392 1378 1520 1426 metu,
1551 1376 1739 1416 uinctum

299 1433 449 1474 haberi
482 1433 636 1486 cupiat.
698 1433 901 1474 l'reterea
931 1431 1186 1486 procedendi
1220 1432 1362 1484 gracia
1392 1432 1669 1486 profeccionis
1704 1434 1739 1474 ei

300 1490 456 1532 debere
487 1490 666 1544 prestari
700 1489 930 1530 ductorem.
993 1489 1206 1537 Querente
1240 1489 1456 1543 Conrado,
1500 1504 1581 1545 quo
1614 1494 1738 1545 pacto

299 1562 441 1603 regem
487 1547 649 1589 emulus
694 1548 986 1591 comitaretur,
1029 1547 1155 1588 fidem
1195 1547 1282 1589 eius
1326 1554 1515 1588 secutum
1547 1551 1739 1590 asseruit.

301 1605 421 1646 Tunc
463 1605 685 1646 Conradus
727 1606 936 1647 Suenonis
971 1606 1196 1648 ‚consilium
1237 1611 1484 1647 execratus.
1533 1606 1738 1648 dedecere

300 1677 442 1705 senem
475 1677 532 1714 se,
563 1663 711 1718 inquit,
746 1663 859 1718 quod
892 1664 1056 1704 iuuenis
1079 1663 1269 1718 fugisset,
1295 1663 1528 1706 admittere.
1576 1663 1739 1717 Nempe

299 1721 486 1762 deforme
516 1722 661 1762 uetulo
695 1735 800 1773 esse,
835 1722 886 1762 de
909 1718 1174 1776 inltegritatis
1198 1721 1305 1762 duce
1333 1721 1508 1775 perfidie
1531 1721 1738 1762 fautorem

301 1778 506 1832 euadere,
549 1784 788 1833 notamque,
817 1793 943 1834 quam
987 1786 1162 1820 eatenus
1203 1779 1383 1830 cauerit,
1426 1779 1504 1819 sub
1545 1780 1737 1820 ultimum

302 1841 469 1892 tempus
500 1837 578 1878 sibi
610 1835 922 1891 con<s>ciscere.
971 1836 1097 1878 'Malle
1119 1838 1248 1891 igitur
1281 1850 1325 1877 se
1357 1850 1562 1888 generum
1593 1837 1738 1878 filiam-

302 1908 382 1949 que
430 1908 523 1935 cum
569 1899 723 1949 nepote
772 1909 825 1935 ex
872 1908 920 1935 ea
961 1900 1160 1949 suscepto
1204 1895 1314 1936 cruci
1359 1895 1548 1936 subfixos
1582 1895 1738 1942 uidere,

302 1966 427 2007 quam
457 1952 556 1993 fidei
597 1959 637 1992 et
680 1953 944 2008 synceritatis
989 1954 1228 2008 opinionem
1270 1957 1332 1993 tot
1365 1953 1484 1993 annis
1525 1959 1739 1994 seruatam

302 2015 489 2052 extreme
521 2010 644 2051 etatis
674 2009 845 2051 infamia
877 2025 1171 2065 corrumpere,
1204 2011 1425 2064 alieneque
1457 2011 1614 2052 fraudis
1648 2026 1739 2064 pro-

303 2068 489 2122 positum
538 2068 769 2122 impiissimi
818 2068 975 2110 fauoris
1027 2069 1226 2124 prosequi
1278 2068 1550 2110 nutrimento.
1630 2068 1736 2110 Tum

303 2125 469 2166 demum
501 2125 731 2166 affuturum
763 2141 806 2167 se
839 2126 1108 2181 subsidiaque
1130 2127 1325 2176 laturum,
1357 2125 1390 2166 si
1420 2139 1562 2180 gener,
1585 2127 1738 2168 omissa

302 2182 464 2233 fraude,
510 2182 662 2238 palam,
710 2197 812 2237 quos
855 2187 1029 2229 metuat,
1076 2184 1266 2239 impetat.
1342 2182 1408 2224 Ad
1455 2183 1578 2225 huius
1625 2185 1736 2226 uocis

302 2241 500 2282 nuncium
548 2240 690 2283 Sueno
737 2241 890 2282 rubore
934 2241 1148 2296 perfusus,
1191 2241 1400 2282 ulterioris
1437 2242 1505 2283 uie
1552 2247 1737 2284 tutatore

300 2302 469 2352 negato,
500 2298 542 2339 in
572 2312 749 2353 regnum
780 2300 968 2341 reuertit.

439 2356 569 2398 Breui
614 2369 826 2398 morarum
871 2371 1099 2411 processu,
1150 2356 1322 2398 Kanuto
1374 2361 1415 2398 et
1468 2356 1737 2398 Waldemaro

304 2412 498 2467 Wibergi
531 2429 689 2455 moram
724 2415 989 2468 habentibus,
1021 2415 1184 2457 occulto
1218 2415 1394 2456 traiectu
1426 2415 1466 2455 in
1500 2415 1688 2456 Fioniam
1715 2429 1737 2456 e

305 2470 515 2512 sialandia
547 2472 735 2525 accessit,
768 2473 972 2526 confisus,
1004 2473 1244 2527 inopinatos
1275 2471 1422 2527 prendi
1453 2486 1590 2527 posse.
1653 2473 1737 2514 De-

305 2529 566 2584 tecto-dolo,
597 2530 771 2570 mandat
804 2531 994 2584 utrique,
1034 2530 1263 2572 allocutum
1295 2543 1339 2571 se
1371 2544 1467 2583 eos,
1500 2544 1585 2571 non
1616 2544 1736 2572 occu-

240 2595 276 2625 40
306 2589 451 2640 patum
490 2588 682 2642 uenisse,
727 2587 984 2643 suspiciones
1026 2587 1264 2643 deponant,
1307 2602 1407 2642 quas
1444 2587 1549 2630 falso
1589 2602 1737 2631 conce-
